2227 3241
250 288 290 316 An
313 287 342 314 C.
366 286 429 316 1611

321 1411 436 1437 Der-«natio

253 1442 414 1460 esitiltxttworutui

479 277 543 312 666

446 346 506 381 par
519 341 575 377 est,
591 334 806 380 putabamus'.
822 334 940 368 Verum
960 345 1077 378 magno
1091 335 1189 369 animi

447 388 548 422 nostri
567 388 679 422 dolore
703 388 906 432 accepimus,
926 398 991 422 non
1016 399 1090 422 raro
1115 399 1190 423 con-

448 448 495 475 tra
516 441 569 474 illa
590 441 760 482 committi,
782 451 817 474 ac
834 440 968 474 humani
986 442 1113 485 generis
1130 442 1190 476 ho-

447 495 502 528 stis
516 494 719 538 suggestione
738 500 801 528 tam
819 495 1002 529 saeculares
1023 498 1123 540 quam
1141 506 1190 529 re-

447 548 574 591 gulares
599 547 830 581 ecclesiasticas
850 559 1005 592 personas
1031 549 1187 582 laicorum

448 601 676 635 Maronitarum
704 601 828 635 iniuriis
853 601 950 643 affici,
974 613 1010 635 ac
1035 602 1190 637 violentas

449 665 563 688 manus
574 665 638 688 non
653 665 727 688 raro
740 655 876 699 perpeti,
891 656 1100 701 eosdemque²
1115 662 1190 690 tam-

448 718 544 752 quam
562 708 661 741 laicos
674 708 800 742 tributis
819 714 849 742 et
868 709 1076 752 vectigalibus
1093 721 1190 754 anga-

449 761 538 802 riari,
560 761 775 795 immunitatis
797 762 904 795 divino
930 762 999 796 iure
1024 763 1086 796 illis
1107 774 1186 797 con-

449 825 556 849 cessae
576 815 664 848 nulla
683 815 793 849 habita
810 815 945 857 ratione,
962 822 1095 861 propter
1108 828 1190 861 quae

448 878 513 902 non
535 868 720 902 dubitamus
748 869 875 902 irrideri
906 880 960 903 vos
991 870 1031 903 ab
1052 870 1190 905 inimicis

448 922 577 963 vestris,
598 927 648 963 et,
683 923 770 966 quod
796 922 936 956 deterius
964 930 1025 964 est,
1050 924 1189 958 divinam

448 975 648 1009 maiestatem
679 976 864 1019 gravissime
894 976 1058 1010 offendere
1083 977 1132 1011 et⁸
1151 978 1190 1012 ad

450 1030 650 1064 iracundiam
676 1030 762 1063 illam
788 1040 976 1074 provocare.
1000 1031 1103 1071 Quare
1128 1031 1190 1065 fra-

451 1084 634 1118 ternitatem
669 1089 755 1117 tuam
786 1083 957 1117 hortamur
982 1090 1011 1118 ot
1043 1085 1134 1118 enixe
1160 1086 1191 1119 in

448 1138 585 1172 Domino
600 1137 807 1182 requirimus,
824 1143 858 1171 ut
872 1138 993 1172 scelera
1007 1138 1191 1173 huiusmodi

450 1191 587 1225 evellere
605 1201 623 1224 a
646 1191 768 1236 populo
789 1191 849 1224 isto
869 1192 1003 1225 omnino
1023 1203 1188 1236 procures,

450 1255 556 1289 neque
576 1245 745 1289 permittas
770 1245 841 1279 illos
867 1245 899 1278 in
927 1246 1022 1279 tantis
1046 1246 1193 1282 astlictio-

449 1298 545 1332 nibus
563 1299 663 1332 Deum
685 1299 840 1340 oblivisci,
862 1309 901 1333 ne
914 1306 1065 1343 aggravet
1079 1300 1110 1333 in
1125 1301 1192 1335 dies

450 1362 547 1397 super
565 1363 621 1386 vos
638 1362 769 1385 manum
791 1363 892 1386 suam.

496 1408 512 1451 ἓ
527 1406 556 1440 6.
571 1407 641 1440 Non
661 1407 861 1441 obstantibus
878 1407 1062 1452 praemissis
1079 1413 1110 1441 et
1122 1408 1192 1442 aliis

451 1460 622 1495 contrariis
636 1460 904 1505 quibuscumque.
921 1461 1014 1495 Curet
1028 1461 1125 1504 igitur
1136 1462 1193 1495 sra-

450 1515 582 1549 ternitas
609 1520 681 1556 tua,
713 1515 780 1548 zelo
812 1515 976 1548 charitatis
1006 1515 1192 1550 Dominieae

451 1580 549 1614 super
566 1579 696 1612 gregem
717 1569 826 1610 istum,
848 1569 938 1603 cuius
951 1574 1061 1614 pastor
1075 1570 1193 1603 consti-

453 1628 519 1656 tuta
537 1628 594 1663 est,
615 1622 657 1656 ita
683 1622 714 1655 in
736 1622 803 1656 dies
828 1622 943 1656 melius
964 1622 1141 1665 intendere,
1159 1629 1193 1656 ut

452 1676 589 1710 fructum
606 1703 614 1717 ,
642 1686 736 1720 quem
762 1676 916 1709 Dominus
941 1687 958 1709 a
982 1677 1074 1710 nobis
1100 1687 1194 1720 expe-

453 1733 528 1770 ctat,
545 1729 691 1773 accipiat,
704 1735 798 1774 teque
816 1729 906 1772 regni
925 1730 1070 1763 caelestis
1087 1741 1194 1763 mune-

453 1783 542 1817 ribus
563 1783 777 1816 abundantius
803 1783 911 1824 donet,
940 1783 1026 1827 quod
1042 1811 1049 1824 ,
1078 1789 1111 1816 ut
1136 1794 1194 1828 per

454 1837 575 1871 viscera
600 1836 840 1870 misericordiae
872 1847 947 1870 suae
979 1837 1119 1870 tribuere
1145 1837 1193 1869 di-

1031 289 1206 314 BL'LLARIUM
1231 290 1381 316 ROMANI'M

1522 340 1653 375 CLxxl¹
1978 297 2027 324 An.
2042 297 2070 326 c.
2090 297 2157 327 isti
2200 278 2203 279 ⁷

1223 409 1269 442 De
1293 410 1515 450 abbatiarum,
1540 412 1766 455 prioratuum,
1795 414 1960 448 aliarum-

1267 469 1328 502 que
1359 459 1529 493 domorum
1554 461 1820 504 Conqreqaciom's
1844 473 1960 497 mona-

1267 508 1401 540 chorum
1419 508 1527 542 beatae
1539 509 1666 542 Mariae
1681 510 1802 543 Montis
1819 510 1965 554 Virginis

1269 556 1404 590 Ordinis
1420 557 1525 591 sancti
1537 557 1707 591 Benedicti
1719 560 1874 593 erectione
1882 571 1896 601 ;
1914 561 1966 594 ab·

1267 605 1441 650 harumque
1465 611 1493 639 el
1515 607 1677 650 priorum,
1705 617 1741 641 cte
1761 608 1906 642 aliorum
1920 610 1965 642 eis

1265 655 1558 699 praeficiendorum
1568 656 1740 698 ,electionffi
1756 658 1918 691 vocalium
1929 659 1966 692 in

1267 704 1420 748 capitulis
1433 705 1678 748 praesim·tione;
1694 706 1966 751 novitiorumque,

1267 763 1502 794 conversorum,
1526 758 1554 786 et
1574 754 1717 787 aliorum.
1737 755 1853 788 habitu
1869 759 1967 800 atque

1267 812 1437 845 regimme.

1458 874 1570 901 Paulus
1590 874 1668 908 Papa
1689 874 1725 907 V,

1349 919 1384 945 ad
1400 921 1579 952 perpetuam
1598 919 1644 946 rei
1662 918 1842 947 memoriam.

1268 979 1411 1013 Postulat
1431 980 1512 1013 ratio
1532 980 1702 1024 pastoralis
1733 981 1829 1015 officii
1854 982 1964 1024 nobis,
2007 985 2130 1009 Emfflium·

1225 1033 1299 1067 licet
1312 1033 1491 1078 imparibus
1505 1033 1637 1076 meritis,
1649 1034 1755 1069 divina
1767 1034 1968 1079 providentia

1226 1086 1387 1121 commissi
1406 1092 1451 1128 ut,
1475 1086 1782 1131 Congregefionum,
1810 1088 1850 1122 ad
1867 1088 1967 1122 divini

1226 1141 1329 1174 cultus
1357 1146 1566 1184 augmentum
1585 1146 1616 1174 et
1633 1140 1798 1184 religionis
1813 1151 1969 1185 propaga-

1226 1193 1347 1227 tionem
1370 1194 1587 1228 institutarum
1615 1194 1850 1229 conservationi
1869 1195 1970 1229 inten-

1226 1247 1358 1289 dentes,
1388 1247 1442 1281 illa
1468 1253 1645 1281 statuamus
1670 1253 1701 1282 et
1731 1248 1966 1290 decernamus,

1226 1311 1283 1345 per
1307 1311 1390 1345 quae
1413 1311 1476 1334 non
1498 1302 1602 1335 solum
1625 1301 1712 1346 ipsae
1736 1301 1965 1345 Congregatio-

1225 1364 1281 1388 nes
1303 1355 1503 1397 conservari,
1527 1366 1638 1389 verum
1664 1355 1760 1390 etiam
1781 1355 1965 1390 incremen-

1227 1415 1293 1442 tum
1318 1409 1481 1454 suscipere
1501 1410 1636 1443 valeant.

1270 1465 1286 1506 ἓ
1302 1464 1330 1496 t.
1352 1463 1428 1497 Cum
1446 1463 1565 1508 itaque,
1581 1464 1663 1498 sicut
1680 1464 1874 1509 accepimus,
1891 1466 1968 1502 alias
1982 1466 2171 1521 ,132222'53222523

1226 1518 1361 1551 dilectus
1381 1518 1466 1551 filius
1487 1519 1622 1552 loannes
1639 1518 1678 1552 (le
1704 1519 1879 1554 Leonardis
1904 1521 2023 1555 cle-¹⁵⁰⁰
2036 1520 2169 1544 ⁰⁰⁰³·05m

1227 1572 1311 1605 ricus
1336 1572 1494 1615 regularis
1525 1572 1786 1616 Congregetionis
1802 1574 1964 1617 Lucensis,
1982 1574 2115 1622 ffigffilaffl'jss
2132 1579 2168 1621 {23

1226 1625 1265 1658 ad
1288 1625 1516 1659 restituendam
1537 1631 1567 1659 et
1586 1627 1766 1670 augendam
1785 1627 1967 1670 regularem
1982 1627 2078 1654 ”mem
2099 1626 2170 1648 ‘'³¹⁰⁵‘’

1226 1678 1429 1722 disciplinam
1457 1679 1691 1713 monachorum
1712 1679 1841 1714 Ordinis
1867 1680 2067 1715 sanetimfflhw
2090 1684 2169 1706 ΟΡΡΟΓ·

1983 1709 2055 1728 timum
2069 1706 2116 1731 tuit,

1982 1548 2110 1568 monasteria
2116 1546 2170 1568 eon·
2200 1567 2202 1569 .

1208 1732 1389 1766 ⁴:Benedicti
1411 1732 1675 1776 Congregationis
1694 1734 1808 1768 Montis
1830 1734 1969 1778 Virginis

1228 1798 1245 1821 a
1265 1787 1364 1821 felicis
1383 1787 1616 1821 recordationis
1629 1787 1791 1822 Clemente
1804 1788 1890 1833 Papa
1904 1787 1970 1823 VIII

1227 1842 1475 1886 praedecessore
1500 1846 1611 1875 nostro
1637 1840 1813 1884 delegatus,
1834 1841 1971 1876 decretis

453 1897 578 1935 gnetur‚
602 1891 763 1936 supplices
788 1901 970 1933 exoramus,
990 1898 1020 1925 et
1040 1892 1193 1936 apostoli·
1210 1913 1212 1929 .
1228 1894 1361 1929 Concilii
1386 1893 1564 1928 Tridentini
1589 1893 1772 1935 inhaerens,
1800 1900 1829 1928 et
1849 1894 1882 1928 in
1907 1894 1970 1928 vim

455 1956 523 1979 cam
550 1945 810 1979 benedictionem
838 1945 893 1979 tibi
926 1945 1041 1979 iterum
1068 1946 1190 1991 imper-

456 2000 563 2033 timur.
1062 2033 1070 2042 ,

498 2054 611 2087 Datum
637 2053 757 2086 Romae
782 2053 867 2098 apud
893 2059 1037 2087 sanctum
1063 2054 1193 2087 Petrum

456 2118 540 2141 anno
580 2106 813 2141 lncarnationis
854 2107 1039 2141 Dominicae
1080 2117 1165 2142 Mocx
1184 2136 1191 2149 ‚

455 2166 542 2195 sexto
560 2160 712 2194 kalendas
729 2160 847 2202 martii,
871 2161 1076 2205 pontificatus
1094 2161 1193 2194 nostri

456 2226 540 2248 anno
561 2226 602 2249 vi.

491 2277 550 2304 Dat.
573 2276 616 2304 (lie
635 2276 668 2303 at
688 2276 817 2304 februarii
842 2277 917 2311 1610,
940 2277 1034 2313 pontif.
1052 2286 1122 2305 anno
1139 2285 1175 2305 vl.

493 2367 502 2392 1
527 2365 626 2393 Forsan
642 2365 787 2400 legendum
800 2368 936 2400 putamus
953 2368 987 2396 (n.
1004 2366 1050 2397 τ.).

438 2423 440 2426 ·
491 2412 507 2437 2
527 2410 621 2445 Aptius
636 2411 774 2445 legeretur
788 2411 969 2445 easdemque,
987 2419 1084 2447 nempe
1101 2419 1194 2446 perso·

458 2462 510 2483 nas
527 2456 562 2491 (n.
578 2455 627 2490 T.).

492 2500 508 2525 3
528 2499 673 2535 Perper-am
693 2499 759 2527 edit.
782 2499 860 2526 Main.
881 2499 946 2534 lcgit
964 2503 1004 2529 cst
1018 2499 1058 2533 (n.
1075 2502 1123 2534 τ.).

1229 1948 1414 1982 facultatum
1440 1947 1500 1981 sibi
1531 1958 1549 1981 a
1574 1947 1660 1982 dicto
1685 1947 1847 1982 Clemente
1871 1959 1967 1993 prae-

1229 2003 1398 2036 decessore
1425 2001 1673 2043 attributarum‚
1701 2012 1741 2035 ne
1762 2001 1866 2036 maior
1889 2007 1972 2036 esset

1230 2057 1463 2090 monachorum
1500 2066 1656 2090 numerus
1691 2066 1787 2100 quam
1825 2056 1969 2091 eiusdem

1228 2109 1492 2153 Congregationis
1502 2109 1680 2143 redditibus
1694 2110 1735 2143 ali
1747 2115 1865 2154 posset,
1877 2120 1972 2154 quae-

1229 2164 1302 2197 dam
1326 2163 1520 2196 monasteria
1539 2162 1668 2197 Ordinis
1688 2168 1718 2197 et
1738 2163 1968 2206 Congregatio-

1230 2218 1277 2251 nis
1290 2217 1530 2262 praedictorum
1548 2222 1704 2261 perpetuo
1717 2217 1896 2259 retinenda,
1909 2217 1972 2251 alia

1229 2283 1287 2316 per
1319 2272 1451 2305 modum
1483 2270 1676 2316 provisionis
1707 2276 1738 2304 et
1775 2271 1814 2305 ad
1847 2277 1970 2305 certum

1212 2346 1215 2374 ζ
1231 2324 1515 2370 tempusreliqua2
1531 2325 1764 2369 supprimenda
1780 2324 1969 2366 decreverit;

1229 2378 1427 2423 experientia
1450 2389 1526 2412 vero
1546 2383 1749 2423 compertum
1774 2377 1825 2419 sit,
1848 2378 1879 2411 in
1901 2389 1972 2414 exe-

1229 2433 1383 2477 quutione
1413 2432 1616 2466 decretorum
1646 2432 1745 2476 ipsius
1766 2431 1894 2466 Ioannis
1912 2431 1972 2466 dis-

1230 2486 1389 2519 ficultates
1414 2490 1445 2518 et
1481 2485 1688 2519 incommoda
1716 2490 1747 2519 et
1778 2484 1972 2519 detrimenta

1230 2536 1317 2570 varia
1344 2536 1430 2569 circa
1454 2536 1704 2570 ecclesiasticum
1726 2536 1865 2577 cultum,
1893 2536 1968 2570 red-

1266 2622 1275 2648 1
1300 2621 1373 2648 Hanc
1389 2620 1518 2648 sumimus
1534 2628 1565 2647 ex
1580 2628 1637 2655 seq.
1655 2619 1791 2647 volumine
1807 2619 1872 2646 edit.
1890 2618 1970 2646 Main.

1231 2674 1290 2701 pag.
1306 2665 1359 2693 290
1374 2672 1447 2692 num.
1464 2670 1556 2692 cccxiii
1571 2665 1609 2699 (a.
1625 2664 1674 2699 τ.).

1263 2709 1280 2736 2
1300 2708 1458 2738 Huiusmodi
1480 2717 1527 2737 vox
1547 2708 1663 2744 reliqua
1679 2707 1798 2736 abundat
1813 2708 1853 2744 (n.
1869 2708 1918 2743 τ.).

1983 1653 2060 1678 tentia,
2091 1653 2168 1680 exequi
2203 1655 2212 1679 ᾗ
