2227 3241
269 266 318 292 An.
339 265 367 291 c.
386 264 453 292 1604
499 254 539 287 78

1047 257 1229 282 BULLARIUM
1248 257 1400 283 ROMANUM

467 312 536 345 initi
552 315 735 344 contractus
749 308 832 340 inter
846 307 931 350 ipsos
944 312 975 339 et
987 305 1099 340 Sedem
1116 317 1204 350 prae—
1235 306 1437 350 praepositis,
1461 305 1620 349 capitulis,
1637 304 1846 339 conventibus
1859 310 1890 339 et
1903 304 1972 338 aliis

467 365 660 404 dictam,aut
674 361 750 394 alias
764 359 1021 404 quomodolibet,
1033 359 1203 400 concessis,
1235 360 1431 404 supradictis
1451 360 1490 393 ab
1512 359 1623 392 eadem
1642 358 1681 392 sit
1695 358 1777 392 Sede
1797 358 1970 400 indultum,

467 412 872 457 confirmatis,approbatis
886 412 1202 454 ctinnovatis,etiam
1236 413 1323 457 quod
1350 412 1517 452 interdici,
1544 411 1699 455 suspendi
1719 412 1766 445 vel
1788 421 1974 445 excommu-

467 468 714 513 disponentibus
735 466 870 510 oppida,
894 477 998 507 arces,
1028 466 1200 507 fortalitia,
1237 466 1336 500 nicari
1352 476 1416 499 non
1430 465 1553 510 possint
1574 475 1632 509 per
1645 465 1766 499 litteras
1782 464 1974 509 apostolicas

466 523 567 561 villaS,
585 522 655 554 loca
672 525 701 553 et
717 519 778 552 alia
796 519 881 553 bona
899 519 1063 563 praedicta
1076 520 1115 553 ab
1129 520 1204 564 ipsis

467 574 623 614 ecclesiis,
642 573 848 607 monasteriis
869 580 899 607 et
919 574 991 607 aliis
1011 573 1206 618 supradictis

465 627 694 662 dismembrari
720 633 750 660 et
774 627 916 671 separari
941 638 1006 661 non
1035 638 1146 672 posse,
1175 634 1205 661 et

466 681 595 714 illorum
611 680 925 721 dismembrationes‚
942 681 1161 725 separationes
1175 686 1205 714 et

466 734 687 775 alienationes,
707 734 803 767 etiam
828 745 888 778 per
909 734 1072 768 Romanos
1089 734 1202 768 Ponti-

466 787 542 821 fices
563 794 593 821 et
614 788 693 821 alios
713 798 773 832 pro
788 793 934 832 tempore
954 788 1061 829 factas,
1085 788 1205 821 nullius

467 841 593 875 roboris
614 842 662 874 vel
683 841 840 875 momenti
861 851 929 875 esse
947 847 978 875 et
999 841 1078 882 sore,
1096 841 1202 875 eteis—

466 894 539 927 dem
560 895 749 938 privilegiis,
767 895 919 936 indultis,
943 894 1206 928 concessionibus

467 954 496 981 et
517 948 641 990 litteris,
665 948 794 981 nonnisi
820 949 915 982 certis
933 948 966 981 in
984 949 1028 982 eis
1049 948 1206 993 expressis

467 1002 565 1035 modo
586 1007 616 1034 et
636 1001 740 1035 forma
761 1002 947 1043 observatis,
975 1013 1011 1035 ac
1038 1007 1103 1035 toto
1128 1001 1203 1035 illo·
1222 991 1224 1003 ’

467 1066 538 1088 rum
554 1061 665 1088 tenore
686 1055 725 1088 de
745 1055 844 1088 verbo
865 1055 906 1088 ad
926 1055 1060 1088 verbum
1074 1055 1205 1097 inserto,

467 1108 615 1150 derogari
641 1118 705 1142 non
726 1119 832 1152 posse,
855 1114 887 1141 et
906 1108 999 1141 aliter
1020 1108 1134 1141 saetam
1153 1117 1207 1141 eo-

467 1172 539 1194 rum
572 1156 825 1204 derogationem*
849 1161 971 1194 nemini
1004 1161 1203 1204 suffragari3

467 1214 620 1258 quodque
642 1214 773 1259 oppida,
797 1224 897 1255 arces,
922 1214 1086 1253 fortalitia,
1113 1214 1206 1248 villae

467 1272 499 1299 et
518 1267 600 1308 loca,
620 1272 651 1300 et
667 1267 730 1299 alia
750 1267 836 1300 bona
856 1267 1088 1300 dismembrata
1109 1272 1140 1300 et
1159 1277 1207 1300 se-

466 1320 789 1363 paratahuiusmodi,
813 1320 968 1361 ecclesiis,
989 1319 1204 1360 monasteriis,

466 1374 636 1408 ordinibus
653 1380 684 1407 et
701 1374 790 1413 locis,
810 1379 841 1407 et
861 1374 932 1407 aliis
952 1373 1134 1418 praedictis,
1159 1383 1208 1407 re-

468 1428 540 1461 licta
554 1434 609 1461 aut
629 1428 748 1461 donata
765 1428 894 1468 suerint,
911 1433 940 1460 et
961 1427 1208 1461 testamentariis

467 1480 744 1525 dispositionibus,
761 1487 812 1514 aut
828 1481 996 1521 codicillis,
1017 1491 1073 1514 seu
1085 1480 1207 1514 ultimis

468 1534 703 1575 voluntatibus,
728 1540 782 1568 aut
801 1534 870 1568 aliis
895 1534 1125 1575 contractibus,
1149 1544 1205 1567 ea-

468 1593 579 1621 veatur
603 1598 771 1632 expresse,
799 1589 885 1632 quod
916 1588 971 1620 illa
997 1587 1028 1620 in
1053 1587 1204 1629 alterius,

468 1651 564 1684 quam
580 1641 801 1682 ecclesiarum,
822 1640 1108 1681 monasteriorum,
1122 1640 1208 1684 prio-

469 1700 612 1733 ratuum,
641 1694 952 1738 praepositurarum,
976 1693 1205 1737 capitulorum,

469 1754 698 1788 conventuum,
711 1747 905 1790 dignitatum
922 1752 950 1780 et
963 1747 1102 1780 aliorum
1120 1758 1208 1791 prae·

470 1800 642 1841 dictorum,
660 1811 735 1834 usus
749 1806 779 1834 et
796 1800 965 1834 utilitatem
979 1800 1132 1841 converti,
1151 1811 1208 1834 seu

469 1855 563 1888 aliter
582 1855 716 1888 alienari
745 1860 919 1898 nequeant,
946 1860 976 1888 et
1003 1854 1035 1887 in
1060 1860 1208 1888 eventum

470 1907 655 1941 huiusmodi
680 1908 885 1941 alienationis
910 1907 1001 1941 alteri
1034 1912 1123 1940 certo
1154 1907 1209 1950 pio

471 1961 542 1994 loco
563 1972 599 1994 ex
620 1961 781 1994 dictorum
803 1966 1028 1994 contractuum
1053 1971 1109 1994 seu
1138 1960 1210 1994 ulti-

471 2025 596 2048 marum
613 2015 812 2048 voluntatum
832 2013 1043 2058 dispositione
1054 2013 1209 2057 applicari

471 2067 621 2100 debeant:
637 2067 754 2111 quibus
766 2067 927 2107 omnibus,
939 2067 1068 2100 illorum
1084 2072 1210 2100 tenores

470 2132 507 2154 ac
524 2121 548 2154 si
566 2121 605 2154 de
625 2121 723 2154 verbo
748 2121 787 2154 ad
814 2120 948 2154 verbum
977 2120 1207 2161 insererentur,

471 2174 694 2217 praesentibus
714 2184 773 2218 pro
793 2173 950 2217 expressis
970 2179 999 2206 et
1020 2173 1060 2206 ad
1076 2173 1209 2207 verbum

473 2227 597 2261 insertis
611 2227 777 2267 habentes,
796 2227 857 2260 illis
871 2227 948 2260 alias
970 2226 1000 2259 in
1018 2237 1076 2260 suo
1093 2226 1212 2259 robore

472 2280 702 2324 permansuris,
727 2280 786 2313 liae
808 2280 876 2313 vice
897 2280 1078 2321 dumtaxat,
1103 2285 1209 2320 motu,

471 2334 605 2367 scientia
630 2341 660 2367 et
683 2333 850 2377 potestatis
873 2332 1075 2377 plenitudine
1098 2331 1213 2365 simili-

472 2387 542 2428 bus,
569 2386 753 2431 specialiter
778 2392 807 2420 et
833 2396 982 2430 expresse
1004 2386 1209 2428 derogamus,

473 2440 680 2485 caeterisquc¹
691 2440 859 2474 contrariis
873 2440 1143 2484 quibuscumque:
1161 2444 1214 2473 aut

472 2494 498 2528 si
516 2494 686 2538 episcopis,
716 2494 979 2539 archiepiscopis,
1006 2493 1210 2538 primatibus,

1237 530 1300 553 non
1322 519 1475 552 facientes
1496 518 1624 563 plenam
1650 524 1679 551 et
1704 528 1907 562 expressam,
1938 527 1976 551 ac

1237 573 1276 606 de
1302 573 1399 606 verbo
1419 573 1459 606 ad
1485 572 1618 606 verbum
1640 572 1679 605 de
1705 571 1831 605 indulto
1858 570 1972 604 huius-

1239 626 1325 660 modi
1352 626 1562 659 mentionem.

1282 680 1394 713 Datum
1421 680 1542 712 Romae
1563 678 1649 723 apud
1673 683 1819 711 sanctum
1845 677 1974 711 Petrum

1237 733 1296 767 sub
1330 734 1449 767 annulo
1481 732 1653 766 Piscatoris
1685 732 1737 766 die
1767 742 1867 766 xxvtu
1899 730 1975 765 maii

1239 797 1347 827 unam,
1364 786 1572 831 pontificatus
1589 786 1691 820 nostri
1711 796 1797 819 anno
1814 796 1884 820 xm.

1275 849 1332 877 Dat.
1355 848 1398 877 die
1418 849 1451 876 28
1473 848 1534 876 maii
1556 849 1633 879 ¹604.
1650 848 1744 884 pontis.
1765 855 1809 875 an,
1826 853 1882 875 xiii.

1531 1054 1686 1089 CCCXLII.

1244 1161 1335 1201 Quod
1369 1163 1589 1205 protonotarii
1623 1161 1789 1205 apostolici
1828 1160 1978 1194 titulares

1284 1216 1320 1248 in
1345 1216 1454 1257 reqm's
1482 1214 1641 1248 Castellae
1657 1220 1683 1248 et
1702 1215 1851 1258 Leqionz's
1870 1214 1979 1248 cedere

1285 1268 1418 1301 debeant
1447 1269 1548 1301 locum
1577 1268 1759 1311 diym'orcm
1786 1267 1979 1311 officialibus

1284 1323 1431 1364 episcopi,
1453 1321 1666 1364 dz'qnitatibus
1690 1325 1719 1354 ec
1743 1321 1907 1354 canonicis
1926 1331 1979 1353 ca-

1286 1375 1480 1408 thedralium
1492 1375 1511 1407 ¹.

1440 1490 1574 1518 Clemens
1595 1491 1672 1524 Papa
1695 1491 1778 1522 vm,

1364 1542 1400 1569 ad
1420 1547 1595 1577 perpetuam
1615 1544 1658 1571 rei
1678 1544 1858 1572 memoriam.

1286 1639 1377 1673 Decet
1399 1640 1579 1673 Romanum
1606 1640 1793 1674 Pontificem
1823 1650 1899 1674 suae
1925 1640 1980 1674 de-

1241 1693 1427 1726 clarationis
1449 1693 1627 1726 ministerio
1645 1694 1827 1737 providere,
1841 1704 1881 1728 ne
1895 1694 1980 1728 inter

1241 1746 1469 1780 ecclesiasticas
1490 1756 1643 1789 personas
1657 1746 1722 1779 ulla
1741 1747 1980 1781 controversiae

1242 1800 1367 1833 occasio
1399 1799 1622 1843 relinquatur,
1653 1806 1747 1844 prout
1779 1800 1810 1833 in
1842 1800 1980 1835 Domino

1242 1853 1400 1896 conspicit
1420 1853 1594 1886 salubriter
1614 1852 1778 1896 expedire.

1286 1907 1300 1950 g
1325 1907 1350 1939 l.
1367 1906 1444 1940 Cum
1459 1906 1567 1949 igitur,
1588 1906 1670 1939 sicut
1687 1907 1727 1939 ad
1739 1916 1799 1940 nos
1819 1907 1979 1950 perlatum

1242 1966 1289 1994 est
1303 1987 1310 2001 ‚
1334 1959 1366 1992 in
1386 1969 1487 2002 regno
1507 1959 1660 1993 Castellae
1681 1964 1711 1993 et
1730 1959 1878 2002 Legionis
1897 1969 1981 1994 non-

1243 2013 1322 2047 nulli
1347 2012 1451 2046 adsint
1477 2012 1579 2046 nostri
1605 2018 1635 2046 et
1661 2012 1865 2056 Apostolicae
1892 2012 1982 2047 Sedis

1243 2066 1377 2106 notarii,
1404 2065 1620 2110 protonotarii
1636 2066 1832 2110 nuncupati,
1849 2077 1886 2100 ex
1899 2066 1982 2110 Apo-

1243 2120 1374 2154 stolieae
1394 2119 1484 2153 Sedis
1504 2119 1607 2161 gratia
1630 2118 1762 2163 speciali
1783 2118 1894 2160 creati,
1917 2129 1983 2152 non

1246 2179 1353 2206 tamen
1371 2173 1410 2206 de
1431 2182 1569 2205 numero
1590 2177 1776 2205 nostrorum
1791 2177 1822 2205 et
1839 2171 1981 2205 eiusdem

1244 2226 1334 2260 Sedis
1361 2225 1580 2266 notariorum,
1604 2224 1868 2270 participantium
1890 2234 1984 2258 voca-

1245 2285 1364 2320 torum;
1388 2290 1528 2323 eumque
1546 2279 1579 2319 ii,
1602 2279 1677 2312 licet
1697 2278 1765 2312 sine
1782 2277 1980 2322 praebenda,

1246 2333 1293 2366 vcl
1325 2332 1433 2376 aliqua
1458 2331 1675 2366 ecclesiastica
1702 2331 1857 2374 dignitate
1890 2341 1984 2375 repe-

1246 2386 1391 2425 riantur,
1419 2385 1632 2419 nihilominus
1665 2394 1730 2418 non
1762 2384 1867 2418 solum
1888 2394 1986 2418 cano-

1246 2440 1325 2473 nicis
1346 2446 1377 2473 et
1394 2439 1464 2473 aliis
1484 2438 1733 2483 praebendatis,
1763 2448 1799 2471 ac
1821 2437 1917 2471 etiarn
1938 2437 1986 2471 di-

1246 2493 1384 2536 gnitates
1402 2492 1633 2532 obtinentibus,
1650 2500 1760 2524 verum
1779 2490 1874 2524 etiam
1896 2490 1986 2534 ipsis-

474 2549 646 2592 prioribus,
656 2549 837 2591 abbatibus,
848 2547 1028 2590 abbatissis,
1040 2547 1214 2592 priorissis,
1230 2557 1232 2598 g
1247 2553 1310 2581 met
1331 2546 1559 2591 episcoporum
1573 2544 1767 2579 officialibus
1791 2543 1986 2588 praecedere

516 2666 521 2691 t
547 2664 643 2692 Vocem
659 2666 835 2699 caeterisque
850 2673 897 2692 nos
915 2664 1061 2693 adiecimus
1077 2667 1115 2698 (nn.
1132 2664 1179 2698 Τ.).

1285 2663 1292 2688 i
1317 2661 1354 2689 Ex
1375 2661 1482 2698 llegest.
1504 2661 1530 2688 in
1551 2661 1656 2688 secret.
1678 2659 1755 2686 Brer.

1983 256 2036 285 An.
2055 255 2084 283 c.
2101 255 2169 284 1604
2194 261 2201 293 j

2193 164 2196 173 -
2188 136 2192 142 r
2168 0 2211 111 sstfflQ*

2021 1650 2159 1672 Prooemium.
2208 1671 2209 1674 ,

2038 1916 2182 1937 Protonotarit
2192 1933 2194 1935 .

1995 1943 2092 1964 titulatos
2117 1947 2182 1963 cano·
2193 1964 2197 1971 ι

1995 1970 2106 1994 nicis‚etc.
2119 1974 2181 1995 prae·
2200 1972 2203 1974 ·

1996 1996 2073 2017 cedere
2082 1997 2180 2022 praeton-

1997 2023 2083 2044 «tabant.
