2227 3241
12 288 60 316 An·
75 285 102 314 C.
126 283 192 312 1606

203 330 348 364 ticularia
373 340 429 363 seu
451 328 671 374 provincialia,
696 338 875 372 eorumque
893 339 946 361 su-

202 383 346 428 periores
359 383 526 427 generales
540 388 569 416 et
590 382 734 416 seniores
754 381 947 423 assistentes,

203 437 401 478 definitores,
424 436 618 477 visitatores,
642 435 784 476 abbates,
808 435 944 469 abbatis-

202 500 267 532 sae,
293 490 418 535 priores
438 495 470 523 et
495 490 691 534 quicumque
718 488 771 522 alii
803 488 948 533 superio-

202 555 264 586 reS,
281 554 408 579 ncenon
429 543 596 584 officiales,
617 542 768 583 ministri,
786 542 947 584 monachi,

202 598 370 639 moniales,
390 597 514 637 novitii,
535 596 693 637 conversi,
718 595 839 636 donati,
861 595 948 628 sami-

202 651 308 693 liares,
330 655 559 695 procuratores
591 656 621 684 et
652 649 859 692 negotiorum
887 659 944 692 ge-

203 709 314 745 stores,
342 703 564 737 benefactores
596 708 626 736 et
657 702 739 736 aliae
769 697 966 745 singulares

203 756 370 801 utriusque
394 766 487 790 sexus
512 756 679 799 regulares
702 765 861 800 personae
888 755 966 789 sub⁴

203 820 316 845 eorum
343 811 419 843 cura
444 815 475 843 et
498 809 677 843 secundum
696 808 839 843 eiusdem
865 808 947 842 Con-

204 863 398 908 gregationis
412 862 559 897 instituta
571 872 657 896 nunc
678 868 708 896 et
727 873 786 906 pro
802 867 947 907 tempore

205 917 357 960 degentes
374 921 406 951 et
425 916 608 957 existentes,
634 915 820 960 praemissis
840 915 946 949 omni-

206 972 265 1005 bus
282 975 314 1005 et
332 969 477 1013 singulis,
506 979 609 1013 aeque
636 968 859 1013 parisormiter
879 980 946 1003 res-

204 1024 340 1069 pective,
369 1029 400 1057 et
423 1023 545 1067 absque
564 1021 629 1056 ulla
649 1022 777 1067 penitus
798 1023 947 1057 differen-

205 1078 258 1120 tia,
272 1077 397 1121 singula
410 1076 544 1120 singulis
558 1076 786 1111 concernentia
799 1076 947 1120 (perinde

205 1143 242 1166 ac
265 1131 291 1165 si
315 1142 353 1165 ea
377 1130 487 1165 omnia
513 1130 579 1164 illis
612 1135 643 1164 et
675 1141 788 1164 eorum
814 1131 947 1174 singulis

204 1184 426 1230 principaliter
451 1190 481 1218 et
503 1194 668 1228 expresse,
697 1190 727 1218 et
751 1194 814 1217 non
835 1184 875 1218 ad
900 1185 948 1218 in·

204 1244 269 1273 star
293 1248 456 1280 concessa,
484 1249 521 1271 ac
540 1238 567 1271 si
590 1237 622 1271 in
644 1237 688 1272 eis
714 1238 784 1272 talis
806 1239 948 1282 Congre-

205 1293 290 1337 gatio
314 1292 483 1333 Fuliensis,
512 1291 663 1336 illiusque
694 1292 846 1337 capitula,
880 1303 948 1326 mo-

203 1348 366 1390 nasteria,
391 1339 544 1382 ecelesiae
575 1347 715 1392 dictique
741 1348 944 1392 superiores,

205 1403 339 1447 praelati
360 1414 396 1437 ac
413 1402 581 1447 utriusque
598 1414 691 1437 sexus
708 1414 877 1447 personae,
898 1413 948 1437 res

205 1463 237 1491 et
253 1458 339 1491 bona
352 1468 511 1502 expressa,
527 1457 805 1502 praenominata¹,
821 1468 947 1492 necnon

205 1522 223 1545 a
239 1511 400 1556 principio
417 1511 450 1544 in
471 1511 611 1545 savorem
627 1511 817 1545 eorumdem
833 1522 850 1545 a
867 1512 948 1546 Sede

204 1564 388 1610 Apostolica
401 1570 614 1606 emanassent,
629 1570 659 1599 et
672 1564 859 1599 immediate
873 1576 949 1599 con-

205 1628 293 1652 cessa
313 1624 417 1652 essent
435 1625 466 1652 et
486 1618 644 1662 fuissent),
668 1618 700 1652 in
719 1624 876 1662 quantum
903 1619 948 1653 ei-

206 1674 278 1708 dem
297 1672 546 1716 Congregationi
564 1673 724 1716 expediat,
745 1673 878 1717 eiusque
896 1684 950 1716 gu-

205 1727 318 1761 bernio
339 1733 370 1760 et
389 1726 676 1760 constitutionibus
696 1737 762 1760 non
779 1727 950 1760 adversen-

208 1786 270 1822 tur,
296 1780 354 1822 uti,
382 1779 446 1814 frui
467 1786 497 1814 et
521 1779 662 1823 gaudere
682 1779 784 1814 libere
808 1786 839 1814 et
864 1780 950 1815 licite

206 1834 330 1879 possint
350 1839 381 1867 et
400 1833 536 1867 valeant.

36 1903 192 1934 Decernitquod
252 1890 270 1931 ξ
290 1887 320 1922 6«
344 1888 382 1922 Et
401 1887 534 1932 insuper
550 1893 735 1932 praesentes
756 1888 878 1922 litteras
891 1889 950 1922 sub

19 1931 193 1981 issffssiff'ciiissl
209 1942 372 1988 quibusvis
385 1942 656 1982 revocationibus,
673 1943 949 1987 suspensionibus,

20 1983 196 2039 Εᾛῖἳὲἶξὲζζῖ
210 2002 265 2030 aut
289 1995 554 2039 derogationibus
577 1996 731 2030 similium
749 1997 798 2030 vel
817 1996 952 2030 dissimi-

19 2041 198 2097 ἕὲξηζξξέξξξζ
211 2049 291 2084 lium
315 2050 511 2093 gratiarum,
539 2050 784 2084 concessionum
817 2056 847 2084 ct
873 2051 951 2085 alio-

19 2092 198 2151 fflpiffiss'ssffl
212 2113 284 2137 rum
317 2114 601 2148 quorumcumque
638 2105 821 2138 nullatenus
857 2115 951 2138 eom-

19 2146 196 2175 ¹⁸¹¹''⁰¹’¹'⁰⁵'¹¹²''
211 2156 366 2201 prehendi
382 2184 390 2199 ,
418 2158 473 2191 sed
498 2168 626 2202 semper
651 2158 690 2191 ab
716 2158 777 2192 iltis
806 2164 952 2203 exceptas

211 2221 279 2245 esse
302 2217 334 2245 et
357 2211 480 2245 censeri
500 2212 629 2252 debere,
654 2223 689 2246 ac
715 2212 827 2256 quovis
852 2223 950 2256 quae-

209 2265 270 2300 sito
294 2266 402 2299 colore
435 2265 483 2299 vel
508 2265 638 2308 ingenio
668 2266 707 2299 de
732 2266 952 2310 subreptionis

209 2319 257 2353 vel
281 2319 491 2363 obreptionis,
520 2325 574 2352 aut
598 2319 753 2353 nullitatis
778 2320 874 2359 vitio,
894 2330 950 2353 seu

210 2373 396 2407 intentionis
416 2378 546 2407 nostrae
560 2373 685 2407 defectu
706 2373 811 2406 notari
826 2374 873 2407 vel
892 2373 950 2406 im-

210 2427 346 2471 pugnari
370 2426 554 2460 nullatenus
574 2437 679 2471 posse,
702 2427 757 2460 sed
775 2427 845 2460 illas
865 2437 950 2461 sem-

211 2489 268 2524 per
292 2479 410 2513 validas
430 2485 460 2513 et
480 2479 625 2514 efficaces
646 2479 791 2521 existere,
811 2490 951 2525 suosque

0 2556 1 2569 η
211 2532 373 2576 plenarios
393 2539 423 2567 et
447 2533 589 2576 integros
613 2532 744 2567 effeetus
769 2533 893 2574 sortiri,
921 2539 951 2567 et

213 2584 438 2620 inviolabiliter
463 2585 647 2628 observari,
679 2596 715 2620 ac
743 2586 846 2620 eidem
868 2587 949 2621 Con·

0 2651 1 2689 l
249 2656 259 2682 1
274 2654 367 2684 Metius
381 2656 494 2685 fortasse
510 2656 646 2693 legeretur
653 2657 890 2692 praenominata,
903 2665 950 2685 ca:-

0 2696 2 2744 l
210 2708 319 2737 pressa,
336 2709 443 2738 nempe,
458 2702 576 2738 fuissent
591 2704 629 2737 (a.
651 2704 699 2737 τ.).

850 281 975 305 Mt'Lt'S
996 282 1012 304 ¹:
1034 282 1083 305 PP.

1628 272 1691 307 327
1739 284 1789 311 An,
1806 283 1834 311 C.
1860 284 1926 312 160ss

981 330 1160 372 erogationi
1192 330 1353 368 fuliensi,
1382 330 1533 375 illiusque
1567 331 1725 375 superiori

981 383 1124 425 generali
1139 389 1167 416 et
1185 384 1350 418 monacbis
1371 391 1529 429 perpetuo
1545 385 1724 428 suffrag-*arb

1027 436 1042 477 ξ
1065 435 1094 468 7.
1118 435 1245 480 Sicque,
1263 443 1292 470 et
1307 448 1371 471 non
1385 437 1478 471 aliter
1491 438 1522 471 in
1540 437 1726 482 praemissis

983 489 1133 523 omnibus
1154 497 1183 523 et
1205 491 1338 532 singulis
1360 502 1417 535 per
1434 502 1657 536 quoscumque
1678 492 1725 526 iu-

982 542 1069 576 dices
1090 543 1272 577 ordinarIOs
1294 550 1324 577 et
1345 545 1518 587 delegatos,
1540 545 1650 589 quavis
1671 556 1726 578 au-

982 596 1127 630 ctoritate
1157 597 1337 640 fungentes,
1358 598 1454 632 etiam
1475 609 1645 632 causarum
1669 599 1726 632 Pa-

982 650 1047 683 latii
1061 651 1235 694 Apostolici
1250 651 1425 693 auditores,
1439 658 1469 686 et
1483 653 1581 696 ipsius
1598 659 1727 687 sanctae

982 704 1145 737 Romanae
1162 704 1322 738 Ecclesiae
1343 705 1535 747 cardinales,
1551 705 1584 738 in
1597 706 1726 750 quibus-

982 756 1026 790 vis
1040 757 1142 791 causis
1156 763 1187 791 et
1205 757 1380 799 instantiis,
1398 758 1533 792 iudicari
1548 764 1579 792 et
1596 759 1725 793 definiri

981 810 1120 851 debere3
1149 821 1298 853 necnon,
1327 811 1352 845 si
1386 821 1477 845 secus
1508 822 1605 856 super
1635 813 1684 846 his
1708 824 1727 847 a

982 875 1145 908 quoquam
1162 892 1169 905 ,
1198 865 1309 909 quavis
1340 864 1553 906 auctoritate,
1588 866 1727 900 scienter

981 918 1028 951 vel
1049 918 1250 960 ignoranter,
1275 917 1446 960 eontigerit
1466 919 1627 961 attentari,
1651 919 1724 953 irri-

982 977 1048 1005 tum
1069 977 1101 1005 et
1121 971 1216 1005 inane
1236 971 1452 1005 decernimus.

1028 1024 1095 1067 58.
1123 1024 1280 1064 Quocirca
1307 1024 1546 1058 venerabilibus
1574 1026 1725 1059 fratribus
1768 1041 1924 1070 vaporarun-

981 1078 1098 1112 nostris
1116 1078 1361 1122 archiepiscopo
1376 1078 1536 1112 Tolosano
1554 1084 1585 1111 et
1602 1078 1725 1122 episco-
1741 1068 1928 1114 ffissssfflljffll'sstssl

982 1140 1024 1174 po
1040 1129 1222 1171 parisiensi,
1247 1141 1283 1163 ac
1310 1129 1428 1163 dilecto
1461 1129 1528 1163 filio
1555 1140 1724 1163 causarum
1741 1121 1928 1173 '0'2'?„{2.‘3.L¹,',“J,¹¹¹¹³

982 1182 1090 1216 curiae
1110 1182 1263 1216 Gamerae
1284 1182 1487 1226 Apostolicae
1505 1182 1647 1225 generali
1668 1194 1725 1217 au-

982 1235 1078 1269 ditori
1099 1246 1157 1280 per
1185 1236 1362 1280 apostolica
1381 1235 1500 1280 scripta
1520 1236 1723 1279 mandamus,

982 1297 1140 1335 quatenus
1160 1291 1231 1335 ipsi,
1256 1291 1303 1324 vel
1329 1291 1404 1332 duo,
1429 1296 1484 1324 aut
1508 1301 1591 1325 unus
1612 1302 1725 1326 eorum

982 1358 1040 1392 per
1063 1358 1108 1389 se,
1132 1347 1180 1381 vel
1206 1346 1315 1389 alium,
1341 1359 1398 1382 seu
1423 1348 1513 1390 alios,
1541 1355 1726 1393 praesentes

983 1402 1105 1436 litteras
1126 1402 1204 1435 etin
1227 1402 1271 1435 eis
1293 1403 1653 1446 contentalruiusmodi‚
1670 1404 1726 1438 ubi

983 1462 1014 1490 et
1044 1456 1175 1500 quando
1201 1466 1281 1499 opus
1312 1456 1408 1489 suerit
1428 1458 1486 1501 (ac
1510 1458 1636 1502 quoties
1667 1469 1726 1502 pro

983 1515 1073 1554 parte
1097 1510 1172 1544 dicti
1193 1510 1303 1544 Ioanni
1324 1511 1433 1544 vicarii
1458 1511 1629 1554 generalis,
1657 1522 1727 1546 ncc-

982 1574 1048 1597 non
1065 1575 1125 1608 pro
1143 1570 1289 1608 tempore
1303 1564 1465 1599 existentis
1483 1565 1656 1610 superioris
1673 1577 1727 1610 ge-

983 1618 1113 1659 neralis,
1137 1628 1174 1652 ac
1187 1618 1348 1652 dictorum
1370 1619 1513 1653 filiorum
1528 1619 1681 1653 abbatum
1695 1627 1725 1655 et

984 1672 1122 1705 aliorum
1143 1671 1348 1716 superiorum
1371 1672 1475 1706 dictae
1500 1673 1727 1716 Congrcgatio-

984 1725 1033 1759 nis
1058 1725 1227 1767 Fuliensis,
1247 1725 1278 1758 in
1304 1726 1489 1770 praemissis
1510 1727 1560 1761 ius
1585 1734 1615 1761 et
1640 1728 1724 1763 inte-

986 1790 1072 1813 resse
1092 1779 1339 1824 quomodolibet
1360 1779 1562 1822 habentium,
1586 1792 1642 1815 seu
1671 1782 1728 1815 ali-

985 1834 1076 1868 cuius
1101 1843 1227 1875 eorum,
1253 1833 1392 1878 desuper
1416 1834 1535 1868 suerint
1559 1836 1727 1879 requisiti)

985 1887 1174 1921 solemniter
1193 1887 1407 1931 publicantes,
1425 1888 1535 1932 eisque
1553 1888 1585 1921 in
1607 1889 1726 1923 eisdem

986 1941 1169 1985 praemissis
1191 1941 1328 1974 efficacis
1350 1941 1546 1976 defensionis
1566 1943 1728 1986 pracsidio

986 1996 1180 2037 assistentes,
1193 1996 1310 2029 saciant
1321 1996 1510 2030 auctoritate
1518 1999 1626 2030 nostra
1641 2008 1730 2042 prae-

986 2056 1091 2083 sentes
1120 2050 1241 2083 litteras
1261 2055 1292 2083 et
1319 2051 1351 2083 in
1377 2050 1422 2084 eis
1442 2056 1593 2084 contenta
1614 2051 1728 2085 buius-

987 2104 1074 2137 modi
1102 2104 1141 2137 ab
1173 2103 1345 2145 omnibus,
1373 2105 1413 2138 ad
1444 2114 1524 2148 quos
1551 2111 1673 2149 spectat
1699 2112 1731 2140 et

985 2157 1143 2202 spectabit
1162 2157 1408 2200 quomodolibet
1435 2158 1467 2191 in
1496 2158 1651 2199 futurum,
1680 2159 1729 2192 in-

987 2210 1181 2244 violabiliter
1197 2210 1373 2251 observari,
1397 2221 1434 2244 ac
1454 2211 1549 2245 ctiam
1573 2211 1728 2245 vicarium

985 2264 1167 2307 generalem
1182 2273 1242 2308 pro
1264 2270 1409 2308 ternpore
1427 2264 1625 2305 existentem,
1641 2265 1731 2298 alios-

985 2327 1048 2362 que
1064 2317 1249 2361 superiores
1267 2323 1296 2351 et
1314 2317 1446 2351 abbates
1467 2318 1730 2361 Congregationis

985 2377 1015 2405 et
1035 2372 1189 2405 interesse
1210 2370 1365 2406 habentes
1378 2371 1579 2412 huiusmodi,
1605 2382 1730 2405 necnon

985 2435 1097 2459 eorum
1118 2424 1272 2468 singulos,
1291 2425 1354 2459 illis
1375 2425 1509 2470 pacifice
1530 2426 1591 2458 frui
1612 2431 1730 2467 etgau-

985 2479 1072 2520 dere,
1096 2489 1162 2513 non
1187 2479 1411 2524 permittentes
1436 2490 1490 2513 eos
1512 2486 1563 2513 aut
1586 2479 1727 2524 aliquem

985 2543 1099 2566 eorum
1119 2533 1258 2577 desuper
1279 2544 1336 2577 per
1354 2543 1577 2577 quoscumque
1594 2543 1730 2577 quomo-

985 2586 1108 2620 dolibet
1129 2586 1272 2620 indebite
1291 2586 1466 2627 molestari,
1482 2586 1664 2630 perturbari
1682 2587 1729 2620 vel

986 2640 1177 2685 inquietari;
1213 2640 1469 2674 contradictores
1501 2639 1663 2684 quoslibet
1699 2647 1730 2674 et

985 2694 1120 2728 rebelles
1141 2704 1177 2728 ac
1194 2693 1379 2738 praemissis
1400 2703 1465 2728 uon
1487 2699 1648 2738 parentes,
1673 2703 1730 2738 per

1781 454 1803 478 Ᾱῑ
1813 453 1870 478 penit
1890 453 1925 472 de-

1741 483 1821 501 crctutn
1834 483 1925 500 irritans.
