2227 3241
235 260 326 287 Aac.
353 260 416 288 1608
466 250 529 284 5114

270 534 370 555 Nonnulla
388 536 416 552 tn-

234 568 280 581 uneu
291 560 370 581 fucrant
386 565 408 580 er

235 594 297 607 rr-uee
316 592 417 607 enuncia-

271 1603 351 1626 Quibus
371 1608 418 1624 cun-1

232 1635 269 1655 pti·
285 1636 331 1650 euin
349 1636 417 1655 prori-

233 1658 260 1675 ‹le
283 1656 345 1677 fuerit
364 1663 417 1677 con·

233 1684 308 1703 §ultum
350 1685 417 1703 cutte-

233 1716 288 1734 pum
308 1710 416 1731 ductorum

233 1737 329 1757 nntium.

434 313 496 341 tate
533 306 800 340 concessissemus
836 311 865 338 et
906 304 1149 339 indulsissemus
1163 333 1170 347 ,

429 366 529 404 prout
550 360 581 392 in
603 358 694 392 dictis
712 357 825 391 litteris
846 358 906 391 sub
928 357 1038 391 datum
1058 357 1170 392 videli-

434 419 481 447 cet
497 424 514 445 v
528 412 681 445 kalendas
703 410 822 452 martii,
842 410 1048 455 pontificatus
1073 411 1173 445 nostri

433 475 518 498 anno
535 475 557 503 1,
582 463 758 508 expeditis¹
780 463 906 508 plenius
923 463 1124 504 continetur,

478 520 494 560 ξ
514 518 543 550 4.
569 517 606 550 Et
626 517 700 561 quia
718 517 817 550 multa
833 515 865 549 in
884 516 976 550 dictis
991 516 1105 550 litteris
1117 527 1175 561 per

434 581 576 605 errorem
604 575 771 611 enarrata,
802 580 1015 614 expressaque
1050 569 1175 603 fuerant

436 626 577 669 <praeter
599 630 737 657 mentem
762 623 905 657 eiusdem
927 622 1081 656 Friderici
1106 633 1175 656 car-

433 677 549 711 dinalis
578 683 608 710 et
631 676 814 721 praesulis)
835 681 865 709 et
892 682 1053 719 tamquam
1081 676 1172 716 facta,

432 730 480 763 uti
501 729 621 764 erectio
638 729 714 762 dicti
736 728 862 772 collegii
884 729 1064 769 doctorum,
1089 728 1194 762 insti-'

434 783 514 817 tutio
545 782 772 823 bibliothecae,
803 782 960 815 librorum
986 781 1123 822 traditio,
1141 792 1176 815 ac

433 836 553 879 legum,
570 835 755 879 regularum
772 841 802 869 et
819 834 1060 869 ordinationum
1073 845 1177 879 praes-

433 889 561 934 criptio,
591 896 622 923 et
646 889 708 922 alia
727 890 844 929 forsan,
869 899 951 933 quae
976 898 1087 922 revera
1111 898 1176 922 non

434 949 525 977 erant
543 943 648 977 adhuc
676 943 799 984 effecta,
828 944 883 977 sed
908 943 975 987 ipse
995 942 1177 976 Fridcricus

434 997 606 1031 cardinalis
630 1002 661 1031 et
683 996 811 1041 praesul
838 996 869 1029 in
894 996 1041 1041 pluribus
1062 1007 1098 1030 ea
1123 1006 1177 1040 pe-

435 1060 550 1094 ragere
571 1051 796 1091 destinaverat,
817 1061 872 1083 scu
892 1050 999 1094 potius
1019 1050 1051 1082 in
1069 1050 1177 1083 animo

433 1110 641 1148 conceperat3
662 1109 692 1137 et
710 1109 891 1148 propterea,
908 1103 1072 1137 erroribus
1085 1114 1176 1148 prae-

434 1157 527 1191 dictis
557 1168 623 1191 non
655 1157 920 1201 circumspectis,
953 1168 1012 1190 nec
1043 1167 1173 1194 earum-

434 1211 506 1245 dem
521 1211 700 1245 litterarum
721 1217 831 1245 tenore
852 1211 1088 1251 animadverso,
1109 1211 1177 1244 itta-

432 1275 505 1299 rum
520 1265 779 1310 exequutionem,
793 1271 825 1299 et
836 1265 889 1299 ad*
901 1265 1175 1309 specificationem
1193 1258 1196 1284 ³

434 1322 530 1356 etiam
557 1321 718 1354 bonorum
745 1321 821 1355 dicti
842 1322 969 1365 collegii
989 1322 1172 1365 Ticinensis,

433 1388 516 1422 quae
541 1377 766 1410 dismembrari
792 1368 828 1411 *et
856 1377 1011 1422 applicari
1041 1384 1173 1422 exopta-

432 1431 499 1473 bat,
512 1431 727 1474 decernendo,
746 1437 777 1465 et
790 1431 919 1465 illorum
940 1432 1175 1476 possessionem

433 1484 529 1519 etiam
555 1495 613 1529 per
637 1484 735 1518 alium
766 1485 1064 1529 apprehendendo,
1094 1497 1172 1531 pro-

433 1544 619 1579 curaverat3

479 1593 494 1634 ξ
516 1591 545 1625 5.
570 1591 650 1626 Visis
670 1592 878 1636 postmodum
901 1592 1066 1626 erroribus
1079 1604 1174 1637 prae-

434 1645 545 1685 dictis,
573 1645 613 1679 ad
645 1645 746 1688 magis
777 1645 972 1679 firmandum
1004 1647 1171 1681 stabilien-

433 1699 575 1743 (tumque
596 1699 657 1732 hoc
671 1711 764 1733 suum
784 1700 977 1741 institutum,
999 1697 1193 1735 inimutatis²

433 1752 528 1785 etiam
551 1753 715 1786 nonnullis
731 1764 767 1786 ex
788 1753 914 1787 assertis
934 1754 965 1787 in
985 1754 1104 1788 eisdem
1127 1754 1193 1802 lit-¹

432 1806 520 1847 teris,
538 1806 583 1839 uti
598 1812 691 1840 antea
712 1807 907 1849 cogitaverat
924 1818 1086 1841 reservare
1106 1815 1176 1852 post
1191 1817 1193 1851 t

432 1860 554 1893 obitum
576 1871 668 1894 suum
684 1863 794 1904 'penes
815 1860 930 1894 dictam
949 1861 1174 1904 Congregatio-
1191 1866 1193 1910 ]

432 1924 505 1947 nem
522 1941 530 1954 ,
559 1914 598 1947 ad
632 1913 800 1958 publicum
835 1920 942 1948 tamen
969 1920 999 1948 et
1024 1912 1193 1949 eumdem'

431 1967 520 2011 pium
547 1978 652 2008 usum,
677 1967 907 2011 proprietatem
934 1978 969 2001 ac
995 1968 1173 2002 dominium

431 2021 533 2065 ipsius
553 2019 768 2054 bibliotecliac
783 2048 790 2062 ,
815 2021 1022 2055 considerans
1035 2049 1042 2063 ,
1067 2022 1175 2056 utilius
1191 2051 1192 2055 ,

431 2075 499 2108 fore
518 2073 622 2108 dictae
635 2074 881 2117 Congregationi
903 2074 1022 2109 habere
1036 2075 1173 2120 pretium
1191 2079 1193 2090 '

433 2128 594 2162 dictorum
616 2128 694 2161 situs
712 2133 742 2161 et
758 2128 917 2169 locorum,
939 2139 1035 2173 quam
1054 2129 1174 2162 nudam

431 2182 665 2227 proprietatem
686 2192 723 2215 ac
744 2181 922 2215 dominium
944 2182 1171 2224 bibliothecae,

433 2247 504 2270 cum
522 2236 583 2269 iam
603 2236 688 2270 illius
705 2233 791 2277 usus,
809 2236 903 2269 etiam
923 2236 962 2270 ab
980 2237 1049 2281 ipso
1069 2237 1171 2278 initio,
1191 2241 1193 2276 ξ

432 2290 530 2324 fuerit
551 2289 738 2330 destinatus,
762 2295 792 2323 et
812 2300 899 2323 nunc
924 2290 955 2323 in
981 2297 1172 2335 perpetuum
1191 2321 1192 2326 ,

432 2343 622 2388 disponatur
654 2343 693 2376 ad
723 2343 886 2387 publicam
913 2344 1081 2384 omnium,
1110 2354 1192 2378 non¹

432 2403 539 2431 autem
565 2396 720 2441 privatam
747 2396 903 2441 cuiusque
934 2408 1090 2441 personae
1118 2408 1172 2432 seu

432 2456 538 2484 certae
567 2449 805 2490 universitatis,
837 2450 1027 2491 utilitatem,
1056 2462 1170 2496 nuper,

431 2504 490 2538 sub
509 2510 619 2538 nostro
640 2509 670 2538 et
689 2503 779 2538 Sedis
799 2504 1002 2548 Apostolicae
1024 2505 1172 2549 benepla-

433 2557 495 2592 cito
514 2563 544 2591 et
570 2568 712 2597 assensu,
736 2558 813 2591 emit
837 2558 876 2591 ab
902 2558 1014 2592 eadem
1036 2558 1173 2602 Congre-

469 2630 479 2656 1
503 2628 568 2656 Vide
589 2628 702 2656 Constit.
720 2636 770 2656 xxx
792 2636 873 2664 supra
894 2628 1001 2656 citatam
1017 2629 1056 2663 (a.
1069 2629 1117 2662 r).

468 2674 483 2700 Ξ
505 2672 631 2710 Praepos.
648 2673 687 2701 acl
702 2673 767 2702 mihi
784 2673 923 2702 videretur
939 2672 1053 2702 delenda
1071 2674 1105 2710 (n.
1123 2675 1171 2703 τ.).

1016 258 1199 283 BULLARIUM
1223 259 1376 285 ROMANUM

1208 306 1336 349 gatione
1355 306 1451 340 situm
1473 313 1503 340 et
1521 308 1590 341 loca
1607 307 1803 350 huiusmodi,
1823 309 1855 342 in
1876 309 1946 354 qui-

1207 359 1266 393 bus
1287 359 1372 393 dicta
1389 360 1556 394 fabricatio
1573 366 1717 394 extructa
1737 363 1944 407 conspicitur,
1990 353 1995 358 ’

1208 422 1335 446 necnon
1347 412 1390 446 'ad
1405 412 1522 446 dictam
1536 412 1765 446 bibliothecam
1784 414 1946 457 ingentem

1209 465 1367 498 librorum
1385 465 1424 498 ab
1443 475 1493 507 e0,
1514 471 1668 510 utsupra,
1685 473 1947 512 comparatorum

1209 518 1346 562 copiam,
1360 518 1465 562 prout*
1484 519 1648 552 transferri
1667 519 1799 561 curavit,
1823 525 1854 553 et
1870 521 1949 555 alios

1210 572 1419 616 quamplures
1439 571 1538 604 libros
1551 581 1588 605 ex
1608 572 1791 616 longinquis
1804 573 1950 617 partibus

1210 625 1378 665 advectOS,
1403 623 1434 656 in
1465 624 1597 658 aedibus
1622 625 1950 670 archiepiscopalibus

1192 714 1194 719 ‚
1210 677 1389 717 existentes,
1404 677 1615 721 transportari
1629 678 1765 719 curabit;
1780 684 1811 712 et
1824 678 1951 721 deinde,

1211 729 1330 762 fabrica
1356 729 1399 763 sic
1425 730 1588 771 absoluta,
1621 736 1653 764 et
1684 730 1880 765 bibliotheca
1904 732 1951 766 in-

1210 785 1339 826 structa,
1350 789 1385 817 ut
1397 783 1586 828 praefertur,
1595 784 1634 817 ad
1645 784 1700 818 Dei
1715 783 1950 829 Omnipotentis

1211 836 1352 877 laudem,
1369 847 1405 869 ac
1425 836 1485 869 sub
1505 836 1660 880 peculiari
1680 836 1860 880 patrocinio
1876 837 1951 871 bea-

1213 895 1261 922 tae
1277 889 1393 922 Mariae
1410 889 1560 932 Virginis,
1581 899 1708 923 necnon
1733 889 1796 923 divi
1815 890 1950 924 Ambro-

1210 942 1248 976 sii
1273 942 1401 986 patroni
1426 942 1590 986 auspicio,
1618 942 1693 976 item
1720 942 1864 977 eiusdem
1888 944 1947 978 Ca-

1210 995 1269 1029 roli
1286 995 1457 1030 cardinalis
1471 1001 1501 1029 et
1513 996 1682 1040 praesulis,
1703 995 1734 1029 in
1749 995 1840 1030 dictis
1857 997 1947 1039 locis,

1210 1055 1378 1093 utsupra,
1407 1049 1522 1094 emptis
1551 1055 1581 1083 et
1601 1049 1773 1091 extructis,
1796 1049 1951 1095 novisque

1212 1102 1476 1136 fabricationibus
1516 1102 1676 1146 ampliatis
1708 1108 1738 1136 et
1769 1103 1949 1144 decoratis,

1210 1166 1310 1189 uuum
1335 1161 1527 1200 perpetuum
1561 1156 1732 1199 collegium
1759 1157 1950 1191 ecclesiasti-

1211 1220 1282 1242 cum
1309 1209 1479 1243 doctorum
1494 1237 1501 1250 ,
1524 1209 1740 1243 bibliothecae
1768 1209 1952 1244 Ambrosia-

1211 1275 1271 1298 nae
1298 1270 1518 1308 nuncupatum
1556 1264 1731 1308 (omnibus
1763 1263 1951 1299 melioribus

1211 1321 1291 1362 iure,
1313 1321 1373 1363 via,
1394 1328 1424 1355 et
1449 1322 1662 1364 auctoritate,
1687 1323 1803 1367 quibus
1826 1324 1951 1369 potuit)

1211 1377 1310 1411 erexit
1338 1383 1368 1411 et
1395 1377 1549 1411 instituit:
1586 1377 1636 1412 cui
1661 1378 1791 1422 quidem
1817 1379 1952 1423 collegio

1210 1431 1255 1465 sic
1280 1437 1386 1466 erecto
1422 1432 1521 1466 voluit
1555 1443 1622 1466 esse
1647 1432 1825 1477 adscriptos
1846 1438 1878 1466 et
1897 1443 1950 1467 co-

1210 1491 1347 1530 optatos,
1371 1485 1458 1519 iuxta
1485 1486 1675 1520 electionem
1702 1486 1740 1519 ab
1767 1497 1816 1527 eo,
1844 1487 1951 1531 quoad

1210 1539 1332 1581 vixerit,
1348 1539 1537 1581 faciendam,
1559 1539 1730 1574 duodecim
1749 1539 1833 1574 viros
1850 1540 1952 1574 eccle-

1209 1592 1364 1634 siasticos,
1378 1603 1515 1636 quorum
1532 1598 1670 1636 quatuor
1680 1593 1862 1627 necessario
1872 1604 1952 1628 sem-

1210 1656 1267 1690 per
1301 1645 1415 1679 sacrae
1444 1646 1623 1688 theologiae
1653 1646 1794 1687 addicti,
1834 1647 1950 1691 reliqui

1209 1709 1284 1732 vero
1310 1698 1380 1732 aliis
1413 1699 1617 1732 facultatibus
1648 1699 1806 1743 bonisque
1831 1700 1952 1734 artibus

1210 1752 1309 1786 dediti
1340 1759 1466 1793 essent,
1500 1752 1612 1796 hisque
1644 1753 1788 1787 adiunxit
1812 1759 1952 1798 quatuor

1210 1806 1307 1840 laicos
1328 1807 1516 1840 liberalibus
1537 1817 1638 1851 aeque
1652 1807 1829 1851 disciplinis
1845 1808 1951 1842 excul-

1210 1865 1257 1893 tos
1278 1860 1317 1893 ab
1339 1870 1376 1893 eo
1397 1860 1517 1904 pariter
1542 1860 1750 1903 deligend083
1769 1866 1843 1905 post
1867 1861 1951 1896 illius

1210 1924 1284 1946 vcro
1310 1914 1349 1947 ab
1370 1913 1430 1947 hac
1450 1913 1512 1947 vita
1538 1913 1725 1955 discessum,
1748 1914 1773 1947 si
1794 1925 1889 1958 quem
1915 1925 1952 1949 ex

1210 1967 1375 2011 praedicto
1394 1967 1564 2001 doctorum
1586 1967 1722 2011 collegio
1743 1966 1797 2001 au‘t
1813 1978 1951 2003 numero

1211 2021 1293 2054 mori
1319 2026 1373 2054 aut
1401 2021 1541 2054 amoveri
1568 2021 1750 2062 contigerit,
1776 2021 1886 2063 voluit,
1918 2028 1952 2056 ut

1211 2074 1328 2118 reliqui
1349 2084 1385 2107 ex
1407 2084 1522 2111 ,eorum
1544 2074 1713 2108 doctorum
1735 2075 1871 2118 collegio
1891 2086 1947 2109 su-

1209 2127 1357 2172 perstites
1389 2127 1487 2161 alium
1519 2127 1551 2161 in
1585 2128 1744 2161 demortui
1770 2139 1827 2162 seu
1852 2129 1951 2163 amoti

1191 2181 1193 2223 J
1209 2182 1329 2222 locum,
1353 2181 1439 2215 iuxta
1460 2181 1546 2224 leges
1559 2187 1590 2215 et
1602 2182 1729 2224 regulas
1743 2182 1783 2215 ab
1800 2182 1870 2227 ipso
1883 2183 1951 2217 Fri-

1209 2235 1318 2269 dcrico
1332 2234 1495 2268 cardinale
1508 2235 1783 2280 praescribendam,
1793 2241 1952 2280 perpetuo

1210 2290 1278 2322 iure
1298 2289 1544 2323 substituerent:
1566 2289 1598 2322 in
1626 2289 1687 2323 hoc
1713 2295 1819 2323 autem
1840 2290 1952 2324 docto-

1209 2354 1279 2377 rum
1305 2343 1475 2386 collegium
1502 2343 1717 2385 adscribcndi‚
1734 2354 1792 2388 pro
1815 2354 1873 2377 suo
1898 2343 1952 2378 sti-

1191 2396 1338 2442 gpendio,
1363 2407 1419 2431 seu
1443 2397 1550 2441 potius
1575 2397 1762 2438 honorario,
1790 2396 1948 2431 baberent

1190 2450 1344 2499 5quisque
1378 2456 1551 2495 proventus
1583 2461 1707 2484 annuos
1738 2450 1949 2495 pecuniarum

1208 2504 1268 2537 sibi
1293 2504 1523 2548 persolvendos
1544 2503 1583 2537 ab
1604 2503 1737 2538 inferius
1758 2504 1952 2548 deputandis

1208 2557 1501 2596 conservatoribus,
1529 2556 1634 2590 modis
1658 2562 1689 2590 et
1714 2556 1825 2590 formis
1851 2556 1883 2590 in
1904 2557 1952 2591 di-

1208 2610 1265 2644 ctis
1283 2610 1408 2654 legibus
1422 2609 1574 2650 edendis;
1591 2619 1724 2654 scopum
1742 2619 1817 2644 vero
1836 2614 1866 2643 et
1881 2620 1950 2644 mu-

1244 2675 1252 2700 t
1268 2673 1323 2702 Vox
1331 2675 1420 2709 prout
1431 2672 1470 2701 vet
1483 2672 1609 2709 delenda,
1622 2672 1660 2701 vel
1670 2672 1859 2709 postponenda
1870 2672 1948 2710 (uxr).

1959 262 2144 293 An.c.1608
2187 267 2201 285 ’ν
