2227 3241
222 273 273 302 An.
287 272 317 301 c.
339 272 408 301 ¹606
453 261 519 296 354

239 1031 355 1063 Derogatio
363 1035 411 1052 eon-

226 1062 347 1081 trax-iorum.

399 321 541 355 «latione
560 319 755 364 postposita,
779 328 986 363 compescere
1001 346 1008 360 ,
1032 329 1088 360 ac,
1112 319 1160 352 le·

421 373 555 417 gittimis
575 383 673 416 super
689 372 739 405 his
759 372 917 406 habendis
941 373 1073 406 servatis
1090 383 1165 417 pro-

422 426 575 467 cessibus,
599 435 752 459 censuras
769 431 801 459 et
821 435 941 469 poenas
955 425 1048 469 ipsas,
1067 426 1163 460 ctiam

421 479 543 513 iteratis
572 479 695 512 vicibus
727 489 925 522 aggravare,
958 479 1163 513 interdictum

423 532 676 567 ecclesiasticum
709 543 892 576 apponere,
926 543 963 566 ac
991 533 1107 574 etiam,
1138 533 1163 567 si

423 596 504 631 opus
528 586 635 627 suerit,
663 586 818 619 auxilium
844 586 968 620 brachii
992 587 1166 620 saecularis

423 640 584 682 invocare,
613 640 788 684 omniaque
812 640 885 681 alia,
910 651 993 685 quae
1012 640 1166 674 visitatio-

423 704 499 728 nem
524 699 555 727 et
575 694 843 728 reformationem
872 700 1084 734 concernunt,
1107 704 1166 738 pro

425 747 584 781 dictorum
606 747 877 781 monasteriorum
896 757 1076 792 eorumque
1098 757 1165 780 mo-

424 801 547 835 nalium
567 811 726 845 prospero
746 806 831 835 statu
856 801 1027 844 dirigendo
1051 811 1165 834 neces-

424 854 515 891 saria
529 860 561 888 et
581 860 765 899 opportuna
786 855 891 889 facere
911 860 942 888 et
962 854 1075 899 exequi
1095 865 1168 898 pos-

424 908 465 943 sit
477 913 508 943 et
519 909 631 950 valeat,
649 908 842 943 auctoritate
858 908 1035 953 praedicta,
1056 913 1169 942 tenore

425 962 657 1007 praesentium,
681 962 830 996 similiter
850 962 1034 996 facultatem
1056 972 1170 996 conce-

426 1016 533 1050 dimus
558 1021 589 1050 et
609 1015 826 1060 impertimur.

472 1070 533 1113 §4-
551 1071 621 1104 Non
632 1070 835 1104 obstantibus
847 1070 1034 1114 praemissis
1048 1081 1084 1104 ac
1098 1080 1171 1114 apo-

426 1123 558 1165 stolicis,
578 1134 638 1158 nec
654 1134 721 1157 non
741 1124 773 1157 in
793 1124 1058 1168 provincialibus,
1079 1134 1172 1168 syno-

427 1178 554 1212 dalibus
571 1185 603 1212 et
623 1178 828 1222 generalibus
845 1177 991 1212 conciliis
1011 1178 1105 1211 editis
1122 1188 1173 1221 ge-

426 1232 591 1266 neralibus
604 1233 653 1266 vel
671 1232 865 1276 specialibus
886 1232 1172 1266 constitutionibus

427 1290 459 1319 et
479 1285 751 1326 ordinationibus,
775 1296 812 1318 ac
830 1285 991 1319 dictorum
1013 1290 1171 1318 monaste-

427 1338 552 1372 riorum
573 1344 605 1372 et
622 1338 752 1372 Ordinis
772 1338 971 1379 huiusmodi,
996 1339 1091 1372 etiam
1118 1338 1169 1371 iu-

428 1398 594 1433 ramento,
623 1392 872 1426 confirmatione
903 1392 1096 1436 apostolica,
1123 1393 1171 1425 vel

429 1446 540 1490 quavis
560 1446 714 1480 firmitate
726 1446 787 1479 alia
802 1447 973 1486 roboratis,
996 1447 1123 1480 statutis
1144 1452 1173 1480 et

430 1499 729 1541 consuetudinibus,
753 1500 930 1544 privilegiis
951 1510 1093 1543 quoque,
1119 1500 1170 1532 in-

431 1553 528 1586 dultis
548 1558 578 1586 et
597 1553 714 1586 litteris
733 1553 931 1597 apostolicis,
955 1553 1076 1587 eisdem
1102 1564 1172 1586 mo-

431 1606 580 1639 nasteriis
600 1611 631 1639 et
650 1606 762 1640 Ordini
783 1617 965 1651 eorumque
989 1607 1170 1651 superiori—

432 1658 503 1699 bus,
527 1659 710 1700 abbatissis,
741 1659 903 1703 priorissis
924 1666 954 1693 et
979 1660 1174 1697 monialibus

433 1721 470 1745 ac
489 1712 652 1756 quibusvis
673 1713 754 1754 aliis,
773 1713 832 1746 sub
849 1713 1109 1757 quibuscumque
1130 1720 1175 1747 te-

433 1765 567 1799 noribus
581 1771 611 1800 et
625 1766 747 1806 formis,
761 1777 797 1799 ac
815 1777 888 1800 cum
901 1767 1066 1811 quibusvis
1080 1767 1174 1800 etiam

435 1819 714 1862 derogator-iarum
729 1820 951 1863 derogatoriis‚
967 1821 1102 1864 aliisque
1112 1821 1176 1854 essi-

437 1873 617 1907 cacioribus
642 1879 672 1906 et
698 1873 835 1907 insolitis
855 1875 1017 1915 clausulis,
1042 1885 1078 1907 ac
1102 1874 1176 1907 irri-

436 1927 578 1961 tantibus
599 1933 630 1960 et
650 1927 720 1961 aliis
741 1928 890 1969 decretis,
919 1928 950 1961 in
976 1928 1175 1961 contrarium

436 1981 689 2026 praemissorum
719 1982 965 2025 quomodolibet
993 1982 1174 2022 concessis,

438 2033 638 2067 confirmatis
659 2040 690 2067 et
709 2035 907 2078 approbatis.
932 2035 1053 2074 Quibus
1074 2036 1178 2068 omni-

438 2088 497 2121 bus
515 2094 546 2121 et
565 2088 710 2131 singulis,
725 2099 838 2122 eorum
855 2095 981 2122 tenores
998 2090 1178 2133 praesenti-

438 2142 498 2175 bus
518 2153 577 2186 pro
598 2142 754 2186 expressis
775 2148 806 2175 et
827 2143 865 2176 ad
891 2143 1025 2176 verbum
1050 2143 1179 2177 insertis

438 2195 612 2236 habentes,
636 2196 696 2229 illis
718 2196 795 2229 alias
820 2196 851 2228 in
881 2207 939 2230 suo
961 2197 1080 2230 robore
1105 2209 1179 2241 per-

439 2249 609 2290 mansuris,
633 2249 692 2282 hac
713 2249 779 2282 vice
801 2250 976 2290 dumtaxat,
997 2251 1181 2294 specialiter

440 2309 470 2336 et
490 2314 639 2347 expresse
659 2303 865 2346 derogamus,
886 2304 1085 2347 caeterisque
1106 2315 1181 2337 con-

443 2357 548 2390 trariis
569 2357 838 2401 quibuscumque.

484 2411 598 2445 Datum
619 2411 738 2445 Romae
763 2411 848 2455 apud
869 2416 1014 2445 sanctum
1040 2412 1180 2446 Marcum

441 2465 500 2498 sub
521 2465 640 2498 annulo
660 2465 843 2505 piscatoris,
865 2465 917 2499 die
940 2475 971 2499 ix
991 2466 1182 2510 septembris

442 2528 551 2560 uncvi,
572 2518 778 2563 pontificatus
798 2518 900 2552 nostri
921 2520 1004 2552 anno
1025 2529 1057 2553 11.

480 2581 538 2608 Dat.
560 2582 604 2609 die
622 2581 638 2608 9
658 2580 822 2617 septembris
842 2580 922 2616 1606,
943 2581 1038 2617 pontif.
1059 2589 1104 2609 an.
1125 2589 1156 2609 ιι.

1004 270 1181 296 BULLARIUM
1204 270 1356 296 Romnum

1537 320 1596 353 LV.

1198 426 1390 460 Iurisclictio
1409 430 1438 460 et
1457 426 1627 470 facultates
1643 426 1806 460 auditoris
1823 427 1941 462 Curiae

1242 490 1417 514 causarum
1430 480 1622 514 reverendae
1641 480 1793 515 Gamerae
1809 480 1835 515 A
1839 485 1941 525 posto—

1245 533 1326 567 licae
1338 531 1357 566 ¹.

1417 631 1528 658 Paulus
1549 630 1724 665 Episcopus,

1395 691 1504 712 servus
1522 691 1675 712 servorum
1689 683 1753 717 Dei,

1201 757 1314 786 Dilecto
1330 756 1392 784 filio
1407 755 1552 791 magistro
1566 756 1653 784 Petro
1668 756 1761 784 Paulo
1773 755 1943 785 Crescentio

1235 811 1412 846 presbytero
1434 810 1583 842 Romano,
1609 809 1770 844 utriusque
1792 809 1868 838 iuris
1893 810 1944 838 do-

1238 864 1328 897 ctori,
1355 871 1515 893 causarum
1542 864 1642 903 curiae
1666 863 1803 892 camerae
1822 863 1944 898 Aposto-

1238 918 1316 946 licae
1345 918 1479 953 generali
1503 917 1654 951 auditori,
1674 917 1792 946 notario
1811 919 1842 945 et.
1859 910 1944 946 lami-

1238 972 1307 999 liari
1322 975 1438 1007 nostro,
1455 973 1584 1000 salutem
1600 974 1631 1000 et
1645 971 1843 1007 apostoticam
1855 972 1946 1000 bono-

1240 1025 1413 1054 dictionem.

1248 1123 1390 1158 Eximiae
1409 1123 1575 1158 fidelitatis
1594 1128 1625 1157 et
1644 1123 1847 1168 prudentiae,
1871 1133 1947 1158 nec-

1206 1188 1271 1211 non
1292 1187 1429 1211 onerosa
1445 1187 1482 1211 ac
1502 1182 1593 1220 grata
1610 1176 1791 1211 devotionis
1808 1182 1840 1211 et
1858 1176 1947 1211 sami-

1206 1230 1352 1264 liaritatis
1370 1230 1536 1274 obsequia,
1557 1239 1640 1274 quae
1657 1229 1752 1264 nobis
1769 1234 1800 1263 et
1817 1230 1949 1274 Aposto-

1206 1284 1286 1318 licae
1307 1284 1379 1318 Sedi
1409 1284 1599 1317 iamdudum
1627 1283 1826 1328 impendisti,
1853 1288 1886 1317 et
1909 1284 1949 1318 dc

1207 1338 1368 1381 praesenti
1386 1337 1522 1371 assiduis
1543 1337 1657 1371 studiis
1680 1337 1870 1381 impendere
1883 1347 1950 1372 non

1207 1392 1343 1432 desistis,
1366 1392 1492 1434 generis
1513 1401 1644 1435 quoque
1668 1390 1837 1432 nobilitas,
1859 1391 1947 1425 litte-

1208 1456 1317 1478 rarum
1337 1445 1471 1491 scientia
1500 1451 1531 1478 et
1551 1445 1697 1488 ingentes
1725 1445 1825 1478 animi
1845 1445 1947 1487 dotes,

1208 1500 1324 1544 quibus
1355 1500 1478 1533 clarere
1504 1499 1723 1542 dignosceris,
1747 1499 1811 1533 iam
1836 1499 1951 1534 exinde

1208 1559 1397 1597 conceptam
1423 1553 1454 1585 in
1476 1553 1569 1586 nobis
1597 1563 1686 1596 spem
1708 1557 1739 1586 et
1758 1553 1951 1597 expectatio-

1208 1617 1282 1640 nem
1302 1607 1456 1640 maiorem
1475 1607 1667 1647 accendunt,
1693 1617 1730 1640 ac
1755 1606 1953 1650 pollicentur

1209 1660 1294 1694 haud
1316 1660 1412 1694 dubie
1432 1661 1520 1704 quod
1541 1671 1589 1702 ea,
1612 1671 1695 1704 quae
1716 1660 1772 1693 tibi
1794 1660 1889 1694 etiam
1910 1661 1951 1695 de

1209 1719 1336 1748 caetero
1359 1714 1543 1747 duxerimus
1574 1714 1826 1755 committenda,
1854 1713 1948 1748 etiam

1209 1778 1306 1811 quam
1325 1767 1465 1800 maxima
1480 1767 1648 1811 arduaque
1664 1767 1810 1810 negocia,
1827 1777 1865 1801 eo
1883 1777 1950 1802 ma-

1210 1821 1270 1854 iori
1300 1821 1474 1865 prudentia
1498 1831 1535 1854 ac
1565 1820 1731 1864 diligentia
1758 1821 1946 1865 exequeris,

1210 1885 1274 1918 quo
1294 1885 1466 1918 personam
1496 1880 1583 1908 tuam
1604 1874 1815 1918 imposterum
1837 1874 1950 1908 condi-

1210 1927 1281 1970 gnis
1305 1928 1496 1968 honoribus,
1517 1927 1629 1970 gratiis
1654 1932 1684 1961 et
1704 1927 1867 1961 favoribus
1884 1937 1952 1961 ma-

1210 1980 1257 2023 gis
1288 1981 1428 2025 propriis
1458 1991 1476 2014 a
1506 1981 1601 2015 nobis
1631 1980 1820 2024 cognoveris
1849 1981 1948 2015 deco-

1213 2040 1325 2068 ratam.

1250 2152 1260 2178 1
1284 2150 1340 2178 Hoc
1359 2150 1477 2179 officium
1498 2150 1716 2187 antiquissimum
1736 2153 1762 2178 et
1781 2150 1952 2187 praestantis·
1977 2175 1980 2177 i

1213 2195 1309 2223 simum
1326 2200 1383 2229 est;
1399 2200 1426 2223 et
1441 2196 1572 2222 vetustior
1585 2195 1663 2223 Bulla
1678 2217 1686 2230 ,
1711 2204 1781 2231 quae
1796 2195 1829 2224 de
1844 2195 1954 2232 speciali

1215 2241 1294 2268 huius
1310 2241 1452 2268 tribunalis
1474 2241 1661 2268 iurisdictione
1681 2240 1776 2268 haberi
1796 2242 1893 2277 potuit,
1913 2244 1955 2269 est

1215 2286 1327 2313 Constit.
1345 2292 1372 2313 tx
1386 2286 1536 2313 lnnocentii
1550 2285 1610 2313 Vlll
1626 2286 1775 2321 Apprime,
1792 2290 1856 2313 tom.
1871 2293 1888 2314 v
1904 2294 1954 2322 pa-

1214 2331 1276 2366 gina
1296 2331 1362 2364 32203
1384 2331 1456 2358 ultra
1475 2339 1555 2366 quam
1575 2330 1653 2366 posui
1672 2330 1751 2357 aliam
1776 2330 1814 2357 Pii
1833 2330 1868 2358 IV
1883 2330 1954 2358 Con-

1215 2376 1302 2403 stitut.
1313 2383 1347 2403 xL
1358 2375 1403 2403 Ad
1412 2375 1537 2403 eaez‘miae
1548 2375 1587 2409 (in
1598 2374 1624 2401 h.
1636 2383 1663 2401 n.
1679 2374 1745 2402 edit.
1761 2381 1825 2409 xm,
1837 2377 1902 2402 tom.
1915 2381 1954 2404 vn

1217 2429 1277 2464 pag.
1300 2420 1382 2453 198),
1403 2424 1432 2447 ut
1451 2419 1565 2456 quisque
1580 2428 1611 2447 ex
1628 2419 1681 2447 illis
1696 2422 1723 2447 et
1745 2420 1796 2446 ista
1815 2419 1957 2455 dignoscat

1216 2473 1295 2502 quam
1311 2467 1390 2492 aucta
1409 2464 1443 2491 sit
1457 2464 1539 2491 huius
1552 2463 1684 2491 auditoris
1698 2463 1858 2491 iurisdictio.
1871 2463 1955 2492 Huius

1216 2513 1306 2536 autem
1334 2507 1476 2535 tribunalis
1502 2507 1722 2535 reformationem
1753 2507 1840 2543 primo
1871 2508 1956 2536 edidit

1217 2553 1279 2581 Pius
1293 2552 1325 2580 IV
1340 2553 1367 2579 in
1387 2552 1497 2580 Constit.
1508 2558 1568 2579 vat
1582 2552 1664 2580 Inter
1681 2552 1859 2587 multiplices
1871 2552 1910 2588 (iu
1926 2553 1952 2581 h.

1216 2607 1243 2626 n.
1261 2598 1326 2625 edit.
1342 2604 1416 2632 ani,
1432 2596 1500 2625 ibid.
1516 2605 1577 2633 pag.
1593 2597 1674 2635 207),
1695 2600 1722 2624 et
1737 2596 1835 2625 deinde
1861 2597 1923 2625 Pius
1935 2597 1956 2623 V

1216 2642 1242 2670 in
1258 2641 1371 2671 Constit.
1392 2648 1463 2669 ccvu
1478 2641 1559 2670 Inter
1573 2641 1629 2670 illa
1641 2640 1681 2677 (in
1695 2640 1722 2669 h.
1735 2649 1762 2669 n.
1780 2641 1844 2671 edit.
1859 2647 1956 2670 cmxvi

1216 2685 1283 2715 ibid.
1299 2694 1361 2723 pag.
1377 2685 1452 2720 865).
