2227 3241
889 215 1033 239 crannus
1057 216 1112 240 viii
1133 216 1184 240 ΡΡ.

269 266 434 311 negotium
448 264 619 309 diligenter
636 262 886 299 examinandum
908 267 939 296 et
956 273 1013 296 no-

270 321 319 355 bis
329 319 536 355 referendum
548 318 781 359 commisimus,
790 316 1015 359 Congregatio-

270 384 345 408 nem
360 378 550 418 perpetuam
565 371 726 423 dictprum
740 369 1012 404 monasteriorum

1720 206 1762 238 65
1809 215 1900 242 ηε,
1926 216 1991 243 ieoi

1092 266 1108 307 g
1134 264 1164 297 4.
1193 264 1231 298 Et
1255 264 1400 308 quamvis
1421 264 1529 305 etiam,
1553 264 1637 298 sicut
1661 264 1789 308 accepi·
1832 278 1991 300 Praesididata

1806 306 1894 326 sacimas
1905 306 1992 331 dispen-

1049 328 1131 357 mus,
1151 318 1293 362 quodam
1312 323 1429 351 statuto
1450 317 1594 351 eiusdem
1609 317 1789 360 Congrega-
1806 332 1866 352 samis
1878 339 1890 352 a
1902 332 1991 356 imme.

1806 361 1891 379 statutis
1901 365 1947 379 cuni
1960 366 1992 381 iis,

1049 370 1146 403 tionis
1163 376 1325 411 caveatur,
1343 376 1373 404 et
1393 381 1542 415 expresse
1562 370 1786 415 prohibeatur,
1807 386 1842 411 qui
1866 387 1891 405 aii
1921 386 1991 406 oili-:ia

74 221 124 250 An.
135 222 164 249 C.
188 221 255 248 1604

103 764 130 786 Et
137 763 259 793 facultatum

78 794 186 813 concessio
215 793 260 809 eius

78 816 218 846 praesidibus.

115 1296 262 1326 Communica-

81 1325 110 1346 tio
123 1324 262 1350 indulgentia-

80 1357 124 1373 rum
140 1352 162 1371 et
178 1349 262 1376 privile-

95 1378 167 1401 iorum,
186 1376 263 1403 quibus

114 1405 154 1425 itui·
172 1403 263 1429 Congre-

81 1431 138 1457 [iatio
153 1429 264 1452 Cassiueu-

271 427 374 461 sancti
387 426 494 460 Vitoni
508 431 538 459 et
555 424 656 458 sancti
669 423 845 468 Hydulphi,
862 423 902 456 ad
916 423 1016 456 instar

272 478 538 523 Congregationis
562 476 778 517 Cassinensis,
805 486 862 510 seu
887 482 1015 510 sanctae

272 532 412 567 Iustinae
425 532 465 565 de
478 531 598 571 Padua,
615 529 793 574 apostolica
812 529 1013 570 auctoritate,

274 592 386 620 tenore
402 583 634 630 praesentium,
655 583 810 626 erigimus
827 587 859 616 et
879 582 1016 616 institui-

274 649 358 679 mus;
373 638 416 672 ita
428 643 463 671 ut
482 637 633 680 generale
655 636 846 680 capitulum,
869 640 901 669 et
920 635 959 668 ab
978 645 1016 669 eo

275 691 369 725 electi
393 690 559 735 praesides
579 690 627 723 vel
649 689 841 730 visitatores,
867 688 1015 722 eamdem

274 744 414 778 habeant
426 743 651 777 auctoritatem
670 743 702 775 in
719 742 824 776 dictae
837 742 1016 785 Congrega-

276 798 371 832 tionis
392 797 587 831 monasteria
613 797 778 841 praedicta
795 807 832 830 ac
851 796 1016 839 regulares

275 852 308 886 in
328 851 373 885 eis
394 857 643 892 commorantes,
663 861 761 895 quam
782 850 835 884 alii
853 850 1016 895 praesides

274 916 312 939 ac
321 905 502 939 visitatores
515 905 548 938 in
562 905 646 939 dicta
659 903 915 947 Congregatione
929 904 1016 937 Mon-

276 957 315 991 tis
340 957 548 999 Cassinensis,
571 968 628 991 seu
652 963 782 991 sanctae
808 956 949 990 Iustinae
977 956 1016 990 de

274 1011 394 1052 Padua,
412 1016 647 1055 teneanturque
660 1021 736 1044 suae
753 1009 1016 1053 Congregationis

275 1064 470 1098 monasteria
483 1065 668 1109 frequenter
685 1063 824 1104 visitare,
841 1068 873 1097 et
885 1063 1016 1096 illorum

275 1117 497 1151 reformationi
517 1117 716 1158 incumbere,
737 1122 768 1151 et
788 1127 826 1150 ea
845 1117 1017 1151 observare

275 1182 359 1216 quae
379 1171 412 1205 in
431 1170 531 1205 sacris
549 1170 728 1205 canonibus
742 1177 773 1204 et
789 1170 933 1205 Concilio
950 1169 1017 1203 Tri-

276 1225 408 1259 dentino
429 1230 503 1258 sunt
526 1225 666 1258 decreta.

322 1280 338 1321 ξ
364 1278 394 1312 3.
411 1279 542 1312 Necnon
563 1277 667 1311 eidem
685 1276 944 1320 Coiigregationi,
961 1287 1018 1321 per

277 1338 461 1379 praesentes
474 1332 519 1366 sic
532 1338 658 1366 erectae
671 1337 702 1365 et
722 1331 895 1371 institutae,
909 1330 1018 1364 onmia

279 1393 310 1421 et
332 1387 459 1430 singula
482 1386 662 1430 privilegia,
689 1386 818 1428 gratias,
846 1386 1017 1428 indulgen-

279 1441 349 1483 tias,
377 1441 608 1481 immunitates,
632 1441 864 1484 exemptioneS,
887 1440 1018 1474 liberta-

281 1505 337 1539 tcs,
367 1498 490 1532 favores
519 1502 550 1531 et
579 1496 704 1530 indulta
727 1496 912 1540 praedictae
932 1497 1015 1531 Con-

279 1554 459 1598 gregationi
475 1553 590 1588 Montis
603 1553 809 1595 Cassinensis,
822 1565 877 1587 seu
891 1560 1019 1588 sanctae

279 1608 589 1652 Iustinae‚illiusque
602 1607 736 1650 singulis
748 1608 949 1642 monasteriis
962 1620 1020 1653 per

279 1673 501 1708 quoscumque
530 1663 692 1696 Romanos
724 1662 896 1696 Pontifices
920 1674 1017 1707 prae-

280 1717 465 1751 decessores
478 1721 602 1750 nostros
615 1722 643 1749 et
658 1716 771 1750 Sedem
790 1716 1017 1760 Apostolicaiii,

280 1778 333 1804 aut
347 1771 425 1805 alias
438 1770 682 1815 quomodolibet
703 1780 853 1804 concessa
875 1777 902 1804 et
923 1771 953 1804 iii
974 1772 1020 1804 su-

282 1831 388 1860 turum
407 1825 626 1865 concedenda,
644 1825 764 1858 eisdem
786 1825 976 1859 auctoritate
991 1832 1019 1860 et

281 1886 411 1919 tenore,
444 1879 651 1913 conc-,edimus
677 1884 704 1912 et
732 1878 951 1922 impertimur,
985 1890 1021 1913 ac

281 1933 431 1967 omnibus
461 1938 492 1966 et
523 1933 657 1976 singulis
690 1933 851 1966 dictorum
881 1934 1020 1967 duorum

282 1986 551 2020 monasteriorum
573 1987 730 2031 personis,
754 1998 790 2020 ac.
812 1987 1022 2031 praesidenti-

281 2041 340 2074 bus
360 2046 391 2074 et
413 2041 645 2081 visitatoribus,
668 2047 702 2073 iit
723 2041 784 2074 illis
803 2041 859 2079 uti,
881 2041 976 2085 potiri
992 2047 1021 2075 ct

281 2095 434 2137 gaudere,
452 2105 578 2128 necnon
593 2105 818 2138 quaecumque
833 2095 895 2127 alia
909 2106 1021 2128 mona-

281 2149 379 2182 steria
397 2148 524 2181 illarum
547 2149 700 2192 partium,
724 2159 864 2192 quorum
885 2159 1023 2182 conven-

282 2208 332 2236 tus
352 2208 379 2235 et
408 2202 557 2235 monachi
580 2202 736 2245 regularis
757 2202 946 2246 disciplinae
967 2203 1023 2236 ob-

281 2256 474 2290 servantiam
486 2266 542 2289 seu
563 2255 827 2289 reformationem
842 2262 1020 2300 acceptare,

281 2310 435 2354 illamque
449 2310 558 2344 subire
579 2309 749 2351 voluerint,
764 2309 867 2343 eidem
887 2310 1025 2353 Congre-

282 2364 404 2408 gationi
422 2375 480 2408 per
496 2369 682 2408 praesentes
695 2370 820 2397 erectae
834 2358 1021 2407 aggregare,

283 2418 411 2462 illisque
430 2418 539 2451 omnia
557 2423 588 2451 et
604 2418 731 2460 singula
751 2418 929 2461 privilegia,
954 2429 1026 2461 gra-

283 2471 354 2512 tias,
382 2471 619 2515 indulgentias,
649 2471 884 2512 immunitates,
913 2482 1022 2505 exem-

283 2525 421 2570 ptiones,
446 2526 621 2567 libertates,
644 2526 768 2559 favores
788 2530 819 2559 et
839 2525 966 2559 indulta
980 2526 1025 2560 eis

240 2569 270 2598 ⁸
284 2589 435 2613 concessa
453 2584 483 2613 et
500 2579 709 2613 concedenda
729 2579 971 2613 communicare
988 2579 1025 2612 li-

283 2633 361 2667 bere
386 2638 418 2666 et
440 2632 527 2668 licite
546 2633 684 2674 valeant,
713 2633 928 2675 indulgemus.

344 2695 423 2724 Bull-
443 2697 520 2726 Rom.
541 2713 574 2717 —
598 2696 658 2725 Vol.
675 2696 723 2724 A'l.
851 2696 868 2723 9

1049 434 1089 456 ne
1103 423 1174 467 quis
1187 424 1227 457 ad
1247 424 1389 468 aliquem
1404 425 1541 467 gradum
1554 423 1790 468 superior-itatis

1050 476 1169 510 assumi
1197 477 1314 521 possit,
1345 477 1407 511 nisi
1433 478 1596 522 completo
1621 477 1789 521 septennio

1051 535 1123 574 post
1147 530 1364 563 sacerdotium
1383 531 1415 563 in
1435 531 1691 573 Congregatione
1715 541 1787 564 sus-

1051 589 1178 627 ceptum
1193 611 1200 624 ,
1229 589 1284 617 aut
1300 585 1340 617 ad
1361 596 1472 618 curam
1493 583 1708 625 novitiorum,
1729 584 1789 618 nisi

1050 636 1212 680 completo
1225 637 1400 678 novennio,
1417 648 1522 681 neque
1537 637 1594 679 illi,
1611 638 1666 682 qui
1684 648 1791 671 sacer-

1050 690 1142 723 dotes
1163 690 1202 723 ad
1227 690 1515 733 Congregationem
1541 691 1702 732 venerint,
1729 690 1791 724 nisi

1050 742 1178 776 decimo
1196 748 1296 784 sexto,
1320 749 1348 776 et
1368 744 1494 777 decimo
1508 750 1621 778 octavo
1639 754 1724 778 anno
1742 755 1792 778 rc-

1049 795 1190 840 spective
1210 796 1243 829 in
1263 796 1520 840 Congregatione
1548 798 1711 842 completo
1724 825 1732 839 ,
1761 804 1793 831 et

1049 860 1145 883 nemo
1160 850 1192 882 in
1206 850 1350 894 priorem
1365 856 1419 884 aut
1439 851 1588 884 abbatem
1605 851 1792 895 promoveri

1049 903 1160 947 possit,
1184 903 1246 936 nisi
1267 904 1490 948 quinquennio
1509 904 1540 937 in
1562 905 1719 938 decanatu
1738 910 1793 938 aut

1049 956 1196 1000 prioratu
1222 957 1400 1002 respective
1424 957 1631 991 laudabiliter
1655 957 1790 998 vixerim

1050 1009 1273 1051 nihilominus,
1296 1010 1373 1054 quia
1392 1010 1473 1044 nulli
1495 1011 1543 1044 vel
1567 1011 1679 1044 saltem
1699 1011 1794 1055 pauci

1050 1062 1156 1096 adhuc
1169 1069 1243 1097 sunt
1260 1063 1347 1097 iuxta
1361 1063 1481 1098 dictum
1499 1069 1654 1098 statutum
1667 1064 1794 1108 qualifi-

1051 1115 1124 1157 cati‚
1142 1121 1172 1149 et
1186 1115 1318 1150 difficile
1333 1122 1380 1150 est
1396 1122 1431 1150 ut
1452 1117 1484 1150 in
1501 1117 1647 1150 futurum
1666 1127 1795 1161 semper

1051 1168 1266 1213 reperiantur,
1284 1169 1481 1214 praesidenti
1496 1170 1604 1204 futuro
1617 1171 1794 1213 Congrega·

1051 1222 1159 1264 tionis,
1176 1233 1235 1267 per
1251 1228 1439 1267 praesentes
1451 1230 1578 1257 erectae
1591 1223 1791 1263 huiusmodi,

1051 1286 1088 1309 ac
1116 1277 1358 1310 successoribus
1387 1277 1467 1318 suis,
1490 1288 1589 1321 super
1606 1276 1793 1310 huiusmodi

1051 1335 1169 1364 statuto
1195 1330 1414 1375 dispensandi,
1431 1331 1558 1375 quoties
1575 1340 1706 1364 necesse
1720 1331 1790 1371 erit,

1053 1384 1236 1418 facultatem
1259 1384 1430 1417 tribuimus
1448 1390 1478 1418 ct
1497 1390 1702 1428 potestatem.

1098 1438 1158 1481 ξδ’.
1175 1440 1291 1484 Sicque
1309 1452 1361 1484 pei
1380 1450 1605 1484 quoscumque
1624 1441 1746 1475 iudices
1765 1448 1794 1475 ct

1054 1500 1294 1534 commissarios
1321 1499 1432 1543 quavis
1446 1500 1638 1534 auctoritate
1661 1500 1795 1542 fungen-

1055 1561 1112 1596 tes,
1133 1555 1258 1588 sublata
1279 1554 1323 1587 eis
1343 1559 1371 1587 ct
1395 1564 1511 1587 corum
1531 1553 1663 1587 cuilibet
1684 1553 1795 1598 quariS

1054 1609 1147 1644 aliter
1168 1608 1332 1642 iudicandi
1347 1614 1377 1642 et
1389 1608 1627 1652 interpretandi
1648 1608 1796 1641 facultate

1055 1669 1085 1696 et,
1105 1663 1307 1703 auctoritate,
1327 1662 1449 1706 ubique
1470 1662 1605 1696 iudicari
1621 1667 1651 1695 et
1669 1662 1796 1696 deliniri

1055 1717 1185 1757 debere,
1209 1727 1337 1750 necnon
1356 1715 1484 1749 irritum
1507 1721 1536 1749 et
1564 1715 1660 1749 inane
1679 1716 1794 1750 dccci·-

1055 1771 1162 1804 nimus
1183 1770 1343 1815 quidquid
1373 1779 1465 1803 secus
1485 1776 1584 1814 super
1603 1770 1653 1802 liis
1676 1780 1693 1802 a
1717 1780 1798 1814 quo-

1055 1834 1207 1869 cumque,
1232 1824 1343 1868 quavis
1364 1823 1566 1863 auctoritate,
1594 1823 1733 1857 scienter
1751 1824 1796 1856 rel

1057 1879 1255 1921 ignoranter,
1285 1878 1455 1920 contigerit
1481 1877 1644 1910 attentari.

1101 1935 1116 1975 g
1138 1934 1168 1966 o.
1190 1932 1347 1971 Quocirca
1368 1931 1494 1965 dilectis
1516 1931 1601 1973 siliis,
1626 1942 1796 1966 causarum

1056 1988 1164 2021 curiae
1185 1987 1337 2021 Gamerae
1359 1986 1562 2031 Apostolicae
1583 1985 1724 2029 generali
1743 1997 1798 2019 au-

1057 2041 1153 2075 ditori
1182 2052 1217 2074 ac
1253 2041 1375 2074 decano
1405 2040 1560 2074 ecclcsiae
1589 2040 1799 2074 Virdunensis

1057 2101 1085 2128 et
1106 2095 1290 2139 praeposito
1316 2094 1470 2128 ecclesiae
1490 2094 1678 2137 collegiatae
1698 2094 1799 2127 sancti

1057 2149 1190 2182 Deodati
1215 2148 1385 2189 Tullensis7
1408 2158 1464 2181 seu
1486 2148 1607 2181 nullius
1628 2148 1796 2188 dioecesis,

1057 2214 1115 2247 pei-
1135 2208 1320 2246 praesentes
1346 2201 1581 2235 committimus
1603 2207 1631 2235 ct
1659 2202 1796 2234 manda-

1059 2267 1141 2296 mus,
1169 2262 1328 2300 quatenus
1356 2255 1434 2300 ipsi,
1467 2256 1514 2288 vel
1536 2256 1613 2296 duo,
1638 2261 1692 2288 aut
1717 2265 1800 2288 unus

1059 2320 1171 2344 corum
1197 2320 1255 2354 per
1275 2321 1319 2351 se,
1335 2310 1383 2342 vel
1398 2309 1509 2350 alium,
1526 2320 1581 2342 scu
1600 2308 1690 2349 alios,
1708 2319 1800 2352 prac-

1059 2369 1164 2397 scntes
1187 2363 1313 2397 litteras
1339 2368 1368 2396 et
1394 2363 1425 2396 in
1452 2363 1497 2396 eis
1524 2367 1674 2395 contenta
1696 2372 1793 2406 quac-

1059 2427 1209 2461 cumquc,
1238 2417 1291 2450 ubi
1314 2422 1342 2450 ct
1369 2417 1499 2460 quando
1521 2426 1601 2460 opus
1622 2415 1727 2456 suerit,
1748 2426 1799 2448 so-

1059 2471 1210 2504 lemniter
1227 2470 1439 2515 publicantes,
1462 2469 1589 2509 saciant,
1609 2469 1801 2502 auctoritate

1059 2527 1169 2559 nostra
1189 2524 1377 2569 praeniissa,
1402 2523 1510 2556 onmia
1529 2522 1702 2561 obscrvai·i;
1717 2533 1798 2556 con·-

1060 2579 1253 2613 tradictoi·cs
1274 2578 1433 2623 quoslibet
1456 2584 1485 2611 ct
1500 2577 1636 2611 rebelles
1651 2584 1678 2611 ct
1700 2588 1797 2622 prae-

1061 2633 1163 2667 missis
1180 2643 1245 2667 non
1264 2633 1526 2676 obtemperantes
1539 2641 1598 2676 per
1611 2631 1797 2674 sententias,

1807 412 1898 438 eligendi
1909 415 1962 433 sunt.

1841 1452 1951 1473 clamatae
1967 1452 1994 1472 ad

1810 1480 1898 1500 liiiiiisce
1914 1482 1996 1499 consti-

1811 1506 1897 1526 tutionis
1909 1506 1994 1527 tirmita-

1810 1535 1858 1554 teni.

1854 1937 1998 1961 Εῐιηιιιιωιές

1814 1963 1926 1988 designati.
