2227 3241
253 292 301 318 Λη.
317 290 344 318 c.
371 290 440 318 1003
487 282 526 314 {⁶2

320 460 337 480 Ι.
355 459 384 479 11.-
401 465 434 479 ia-

252 487 295 507 turo
317 488 401 511 trinis-141

252 514 387 533 littuinlisvnli

251 541 276 559 (li
288 547 329 559 iro,

275 1939 294 1960 2.
309 1938 338 1959 lio
353 1939 431 1960 inlideli

250 1966 376 1995 thesaurarii
394 1967 431 1987 ad-

249 1995 409 2014 iiiiuistrationot

284 2679 302 2700 ³.
319 2680 346 2700 lte
363 2681 430 2701 distri-

406 493 434 505 ιιι-

391 518 434 532 aua

450 349 565 384 scopus
598 339 720 381 reliqua
754 336 813 369 alia
844 335 939 368 etiam
965 334 1183 368 infradicenda

451 392 545 425 dubia
560 392 650 424 nobis
661 387 850 422 declaranda
859 387 1036 431 proposuit;
1048 386 1180 420 scilicet:

539 445 653 479 Primo,
670 442 835 475 ecclesiam
858 440 1052 484 praedictam
1078 441 1184 483 Egita-

450 498 592 531 nicnscm
618 497 700 528 inter
717 500 856 528 caeteras
873 494 1086 536 Portugalliae
1110 494 1184 526 insi-

449 562 542 594 gnem
564 561 642 590 esse,
663 549 692 581 in
714 550 815 591 caque
836 547 965 590 triginta
986 547 1184 591 praebendas

449 611 479 637 ct
504 610 623 646 septem
650 601 831 643 dignitateS,
858 601 940 634 ultra
958 600 1184 643 pontificalem,

449 663 578 696 extare·,
610 655 781 701 canonicos
813 665 885 688 vero
921 654 1005 687 circa
1040 654 1183 687 ciusdem

450 710 600 742 ecclcsiae
631 707 939 741 administrationem
966 712 997 740 et
1021 707 1183 741 servitium

448 762 479 794 in
496 761 653 805 aliquibus
670 761 778 794 minus
798 760 954 800 ordinate,
980 766 1016 793 ut
1033 760 1180 803 praemis-

447 826 518 848 sum
539 821 596 855 est,
613 814 797 858 procedere,
817 815 983 857 multaque
999 814 1083 846 circa
1099 814 1182 846 idem

446 868 609 901 servitium
625 867 852 901 reformatione
869 867 1028 910 indigere:
1046 876 1184 909 cumque

447 921 590 964 singulae
614 921 816 965 praebendae
840 921 879 954 ad
914 920 1055 954 valorem
1084 919 1180 962 quin-

447 979 615 1017 gentorum
647 973 836 1007 ducatorum
875 979 1021 1006 monetae
1055 973 1181 1006 illarum

447 1027 598 1070 partium,
625 1033 660 1060 ut
684 1026 879 1070 plurimum,
906 1026 1091 1067 ascendant,
1117 1037 1184 1059 om-

447 1090 566 1123 nesque
579 1090 687 1113 earum
700 1079 841 1113 redditus
855 1079 888 1112 in
903 1079 1183 1113 distributionibus

447 1133 640 1176 quotidianis
666 1133 867 1175 consistant,
895 1133 979 1178 ipsos
1013 1134 1184 1168 canonicos

446 1186 490 1219 ita
525 1188 650 1221 easdem
683 1187 923 1221 distributiones
955 1188 1120 1230 dividere,
1149 1193 1185 1221 ut

446 1239 725 1284 principalioribus
756 1240 843 1274 horis
868 1247 899 1274 et
929 1240 1043 1274 missae
1071 1241 1182 1275 maiori

447 1292 572 1325 minimi
600 1293 715 1327 valoris
740 1298 879 1337 puncta,
918 1293 1038 1328 scilicet
1061 1293 1155 1327 unius
1172 1322 1180 1336 ,

447 1347 544 1380 trium
569 1353 599 1380 et
623 1358 677 1381 sex
695 1354 927 1391 quaternorum
943 1348 1117 1392 respective
1136 1359 1184 1381 as-

446 1400 582 1444 signent,
609 1400 695 1435 unde
708 1401 874 1435 oriebatur
893 1407 928 1435 ut
946 1401 1004 1446 ipsi
1025 1401 1180 1443 canonici,

446 1464 519 1486 cum
549 1465 662 1497 parum
688 1454 838 1489 amittant
858 1482 866 1496 ,
899 1454 1019 1489 eisdem
1042 1455 1129 1489 horis
1153 1462 1184 1489 et

447 1507 560 1540 missae
592 1508 742 1542 interesse
769 1508 943 1553 negligant,
979 1509 1183 1553 segniterque

446 1560 531 1594 eirca
560 1561 711 1595 ecclesiae
744 1562 923 1605 praedictae
955 1563 1118 1596 servitium
1143 1563 1184 1596 ob

445 1614 526 1648 hanc
547 1615 704 1649 rationem
737 1616 934 1660 procedant,
961 1627 1034 1650 cum
1063 1617 1095 1650 in
1115 1616 1184 1650 aliis

446 1668 533 1711 regni
558 1669 794 1703 cathedralibus
818 1676 938 1714 puncta
962 1680 1016 1714 per
1039 1670 1133 1703 horas
1153 1675 1185 1704 et

447 1721 559 1755 missas
576 1724 752 1756 secundum
770 1723 954 1757 reddituum
971 1723 1183 1767 quantitatem

446 1775 508 1808 sint
532 1775 702 1820 assignata,
733 1776 1042 1821 distributionesque
1066 1787 1185 1820 aequa-

447 1828 528 1869 liter,
555 1831 676 1864 attenta
696 1830 805 1871 horae,
827 1830 942 1865 missae
959 1837 990 1864 et
1015 1830 1085 1864 sesti
1107 1841 1184 1874 qua-

446 1882 543 1924 litate,
570 1882 763 1918 dividantur.

534 1936 692 1977 Secundo,
725 1939 957 1972 thesaurarium
989 1938 1053 1972 duo
1088 1938 1186 1972 millia

446 1989 649 2033 ducatorum,
676 1992 722 2025 vel
746 1992 839 2034 circa,
862 1993 983 2026 fructus
1008 1992 1183 2038 percipere,

447 2043 631 2086 tenerique,
662 2054 697 2077 ex
722 2046 901 2086 creatione,
928 2046 1009 2080 duos
1041 2047 1090 2081 vel
1122 2053 1186 2081 tres

446 2105 562 2138 pueros
580 2096 611 2129 in
629 2097 773 2131 sacristia
792 2109 850 2142 pro
867 2099 935 2132 eius
958 2109 994 2132 ac
1016 2100 1184 2134 missarum

446 2149 586 2191 servitio,
614 2160 673 2183 nec
701 2161 765 2184 non
789 2152 954 2185 sacristam
986 2153 1090 2197 ipsum
1116 2155 1181 2187 sol-

446 2210 527 2244 vere,
555 2202 650 2247 eique
673 2209 905 2248 competentem
930 2205 1110 2249 portionem
1128 2217 1185 2241 seu

445 2254 596 2288 salarium
633 2256 819 2299 assignare;
845 2257 1054 2292 nihilominus
1077 2265 1184 2293 tamen

447 2308 636 2341 modernum
658 2308 889 2343 thesaurarium
907 2321 966 2345 nec
991 2312 1091 2346 dictos
1108 2323 1184 2355 pue-

445 2369 497 2392 ros
522 2361 702 2395 conducere
718 2389 726 2404 ,
757 2372 816 2396 nec
846 2364 994 2397 sacristae
1018 2365 1183 2398 honestam

445 2419 476 2446 ct
500 2424 675 2457 congruam
697 2415 878 2458 portionem
896 2417 1028 2458 solvere,
1052 2429 1110 2450 nec
1124 2419 1184 2451 alia

445 2465 503 2498 sihi
518 2466 735 2501 incumbentia
749 2477 846 2501 onera
859 2468 1052 2513 adimplere;
1067 2481 1103 2504 ex
1120 2482 1183 2514 quo

445 2519 594 2553 ecclesiae
614 2521 743 2554 sordide
763 2526 793 2555 et
814 2522 1011 2565 negligenter
1027 2524 1184 2557 servieba-

447 2576 507 2613 tur,
530 2573 659 2617 ipseque
677 2574 894 2607 thesaurarius
912 2575 1007 2608 officii
1033 2576 1080 2609 sui
1106 2577 1184 2610 obli-

447 2630 496 2657 tus
516 2625 564 2658 liis
585 2626 795 2661 incommodis
820 2628 985 2672 providere
1005 2630 1180 2664 differebat.

535 2679 651 2722 Tertio,
685 2681 743 2714 sibi
778 2681 930 2716 declarari
956 2687 1115 2726 oportere,
1143 2693 1183 2717 an

1022 286 1204 311 BULLARIUM
1227 285 1380 311 ROMANUM

1217 335 1327 368 tertiae
1356 334 1455 377 partis
1479 333 1642 366 fructuum
1672 332 1875 376 dignitatum,
1898 343 1954 366 ca—

1218 389 1442 427 nonicatuum,
1470 391 1713 430 personatuum,
1728 386 1913 430 portionum
1927 391 1958 420 et

1217 441 1397 474 officiorum
1431 439 1582 472 ecclesiae
1622 439 1814 473 cathedralis
1844 439 1877 472 in
1910 439 1958 472 di-

1218 493 1425 526 stributiones
1446 502 1625 533 conversae,
1638 503 1693 526 seu
1714 492 1953 534 convertendae,

1218 546 1262 579 sic
1287 552 1470 589 praesentes
1495 552 1525 579 et
1545 546 1769 580 interessentes
1786 545 1957 590 comparti-

1219 599 1303 642 cipes
1330 599 1396 632 fieri
1416 599 1565 639 debeant,
1583 605 1619 633 ut
1636 605 1662 632 et
1683 600 1720 632 ad
1739 599 1885 633 absentes
1902 610 1957 643 per

1219 653 1290 686 illos
1307 659 1369 685 tres
1388 663 1524 693 menses,
1543 654 1672 697 quibus,
1694 653 1802 697 vigore
1824 652 1956 687 Concilii

1219 712 1248 739 et
1271 707 1379 740 statuti
1397 707 1559 748 ecclesiae,
1580 707 1725 741 canonici
1748 708 1859 741 abesse
1882 716 1956 751 pos-

1219 766 1303 801 sunt,
1317 760 1501 793 huiusmodi
1518 761 1756 794 distributiones
1775 761 1841 794 ullo
1859 760 1955 794 modo

1219 813 1382 857 applicari,
1403 818 1457 846 aut
1474 813 1512 846 ad
1532 823 1586 846 eos
1607 814 1731 847 extendi
1756 814 1889 858 possint.

1307 866 1436 906 Quarto,
1454 865 1484 899 in
1507 867 1646 910 generali
1665 867 1817 901 dioecesis
1834 865 1958 911 praedi-

1218 926 1286 954 ctae
1311 920 1493 954 visitatione
1525 920 1715 965 plerumque
1749 921 1954 965 contingere.

1218 978 1252 1007 ut
1276 974 1352 1007 dum
1371 974 1541 1018 episcopus
1561 975 1608 1008 vel
1627 974 1695 1009 eius
1712 974 1888 1008 visitatores
1904 975 1953 1008 ei-

1218 1027 1290 1060 dem
1304 1027 1496 1062 incumbunt
1512 1028 1633 1069 officio,
1649 1039 1666 1060 a
1683 1027 1955 1072 delinquentibus,

1218 1080 1256 1114 ad
1277 1081 1502 1125 impunitatem
1527 1083 1798 1126 consequendam,
1825 1081 1872 1115 uti
1903 1091 1956 1116 su-

1218 1135 1317 1178 specti
1346 1135 1522 1179 allegentur
1550 1145 1606 1168 seu
1636 1140 1844 1169 recusentur:
1882 1145 1955 1169 cum

1218 1198 1291 1221 vero
1308 1188 1394 1221 iuxta
1410 1189 1495 1232 leges
1508 1198 1564 1221 seu
1578 1189 1838 1223 consuetudinem
1854 1188 1956 1232 Regni

1217 1241 1249 1273 in
1275 1241 1482 1284 inquisitione
1509 1247 1539 1275 et
1570 1242 1754 1286 cognitione
1784 1241 1956 1275 eriminum

1218 1294 1350 1327 ulterius
1367 1293 1539 1337 procedere
1557 1300 1730 1338 nequeant,
1749 1294 1861 1327 exinde
1882 1293 1958 1327 oriri

1217 1354 1253 1382 ut
1277 1353 1308 1381 et
1333 1348 1465 1389 delicta,
1493 1347 1631 1390 pessimo
1656 1347 1818 1392 exemplo,
1843 1347 1953 1392 impu-

1218 1402 1284 1435 nita
1301 1412 1395 1445 saepe
1426 1407 1628 1443 remaneant,
1655 1407 1686 1435 et
1709 1401 1953 1445 delinquentes,

1218 1465 1282 1488 non
1300 1455 1369 1488 sine
1390 1455 1554 1496 scandalo,
1574 1455 1675 1488 libere
1694 1453 1836 1489 iuvant¹:
1857 1454 1957 1489 sacul-

1218 1514 1314 1542 tatem
1346 1507 1445 1551 igitur
1475 1507 1547 1548 sibi,
1569 1514 1603 1541 ut
1635 1507 1821 1541 huiusmodi
1844 1506 1957 1541 frivolo

1218 1562 1448 1605 impedimento
1467 1572 1485 1595 a
1505 1562 1616 1605 quavis
1631 1571 1766 1606 persona
1782 1566 1957 1604 quantum-

1217 1617 1262 1650 vis
1297 1621 1427 1659 potente
1445 1643 1452 1656 ,
1478 1614 1695 1649 ecclesiastica
1718 1614 1765 1648 vel
1789 1613 1956 1654 saeculari,

1218 1669 1367 1712 opposito
1380 1679 1445 1702 non
1463 1668 1622 1708 obstante,
1644 1668 1778 1701 ulterius
1795 1667 1957 1711 inquirere

1218 1729 1249 1757 et
1272 1723 1446 1767 procedere
1463 1722 1569 1766 quoad
1594 1721 1865 1763 emendationem,
1887 1731 1957 1755 cor-

1218 1777 1389 1810 rectionem
1414 1781 1446 1809 et
1468 1775 1670 1819 punitionem
1690 1775 1801 1819 possit,
1821 1773 1955 1809 concedi

1218 1829 1408 1874 postulabat.

1263 1883 1278 1926 5
1295 1882 1323 1916 7.
1341 1882 1403 1916 Nos
1423 1882 1563 1926 denique
1580 1882 1658 1916 haec
1682 1892 1812 1926 quoque
1837 1892 1953 1927 supra-

1219 1936 1304 1970 dicta
1327 1935 1437 1977 dubia,
1456 1945 1537 1980 quae
1554 1934 1788 1970 venerabilibus
1803 1934 1956 1969 fratribus

1218 1989 1335 2023 nostris
1359 1989 1493 2023 Sanctae
1512 1989 1672 2022 Romanae
1697 1988 1857 2022 Ecclesiae
1888 1999 1957 2023 car-

1219 2043 1376 2076 dinalibus
1393 2042 1476 2076 sacri
1497 2041 1630 2076 Concilii
1656 2041 1833 2075 Tridentini
1858 2041 1958 2076 inter-

1219 2095 1363 2140 pretibus
1373 2101 1496 2130 mature
1506 2095 1707 2129 discutienda
1720 2101 1750 2129 et
1764 2095 1957 2130 declaranda

1219 2149 1450 2191 commisimus,
1468 2160 1525 2194 per
1538 2154 1722 2193 praesentes
1742 2148 1954 2191 declaramus,

1218 2203 1381 2237 videlicet:

1307 2256 1397 2291 Circa
1420 2255 1583 2300 primum,
1612 2256 1729 2290 debere
1753 2255 1952 2299 episcopum,

1219 2310 1394 2343 secundum
1413 2321 1450 2344 ea
1475 2319 1556 2353 quae
1581 2314 1814 2353 proponuntur,
1833 2308 1956 2342 tertiam

1219 2369 1342 2407 partem
1368 2364 1531 2397 fructuum
1554 2362 1759 2406 dignitatum,
1786 2361 1956 2395 canonica-

1219 2422 1320 2458 tuum,
1344 2422 1587 2460 personatuum,
1609 2415 1795 2460 portionum
1815 2420 1846 2449 et
1881 2414 1958 2448 offi-

1218 2470 1344 2503 ciorum
1369 2469 1559 2503 cathedralis
1583 2479 1728 2513 separare
1746 2496 1755 2510 ,
1784 2479 1820 2502 ac
1851 2468 1885 2501 in
1910 2467 1958 2501 di-

1218 2523 1424 2557 stributiones
1456 2522 1660 2566 quotidianas
1684 2526 1882 2564 convertere,
1917 2522 1958 2556 ad

1217 2577 1449 2622 praescriptum
1478 2576 1608 2611 Concilii
1635 2586 1704 2620 cap.
1727 2585 1765 2609 111
1790 2586 1865 2610 sess.
1893 2584 1956 2608 xxt.

1255 2649 1265 2675 t
1284 2649 1325 2675 An
1341 2648 1450 2675 vadant
1466 2647 1505 2674 vel
1521 2647 1598 2675 vival
1612 2655 1661 2683 pro
1676 2647 1779 2676 iuvant
1794 2646 1959 2683 legendum?

1217 2694 1253 2727 (it.
1270 2693 1320 2727 T.).

1971 284 2021 312 An.
2036 284 2065 312 C.
2087 284 2155 313 ¹603

1970 346 2094 368 butionibus
2101 347 2156 368 inter

1971 376 2104 399 praesentes:

1984 903 1988 906 ι
2003 876 2030 907 Ιι.
2038 875 2078 907 ‘De
2090 882 2155 907 oppo-

1971 904 2084 933 sitionibus
2094 904 2157 934 raetis

1971 935 2156 978 fttttstttattsstt

1996 1895 2122 1923 ltospousto.

1997 2270 2028 2294 Ad
2037 2273 2135 2301 primum.
