2227 3241
90 245 139 271 An.
159 243 188 271 C.
206 243 273 272 1609

92 842 202 863 Contraria
214 843 274 863 toltit.

929 242 1045 266 murus

289 289 431 325 indebite
456 290 642 331 molestari,
669 290 875 334 perturbari,
905 290 952 323 vel
975 290 1025 321 in-
1045 294 1046 297 ’

287 344 445 389 quietari:
465 343 716 378 contradictores
733 353 955 387 quoscumque
973 353 1030 386 per

288 399 472 440 sententias,
496 408 657 439 censuraS,
687 402 716 432 et
736 407 857 442 poenas
879 396 1029 430 ecclesia-

288 453 405 494 sticas,
433 452 559 496 aliaque
589 458 772 497 opportuna
799 451 876 484 iuris
901 456 929 484 et
955 450 1029 484 sacti

288 506 448 547 remedia,
477 505 693 550 appellatione
717 504 912 549 postposita,
936 514 1026 537 com-
1047 518 1049 523 ⁴

288 559 470 604 pescend0‚
499 570 557 600 ac,
590 558 741 602 legitimis
773 568 870 602 super
894 557 942 590 his
968 557 1027 590 ha-

288 614 401 647 bendis
425 613 537 647 servati
570 613 795 657 processibuS,
825 623 975 646 censuras
1002 618 1050 646 et,⁴

289 677 410 711 poenas
422 666 506 711 ipsas
517 666 614 700 etiam
635 666 757 700 iteratis
778 665 900 699 vicibus
918 676 1031 708 aggra-
1048 674 1049 701 t

290 721 405 762 vando,
442 721 588 754 invocato
616 720 710 753 etiam
737 720 776 753 ad
802 719 874 760 hoc,
899 719 923 752 si
950 729 1031 763 opus

290 773 400 814 suerit,
427 774 547 808 auxilio
566 773 690 807 brachii
711 772 895 806 saecularis.

336 829 352 871 Ξ
379 827 408 860 5.
437 828 506 861 Non
532 827 733 861 obstantibus
759 827 967 871 praemissis,
996 836 1031 859 ac

292 881 575 915 constitutionibus
601 887 632 915 et
657 880 916 914 ordinationibus
948 890 1028 924 apo-

291 935 423 977 stolicis,
447 946 505 969 nec
527 946 591 980 non
618 935 899 976 monasteriorum,
921 935 1033 968 domo-

293 1000 385 1031 rum,
414 990 560 1024 locorum
587 996 617 1024 et
641 989 797 1023 Ordinum
824 988 1029 1028 huiusmodi,

292 1042 485 1085 iuramento,
510 1042 757 1077 confirmatione
778 1042 965 1087 apostolica,
985 1041 1032 1074 vel

291 1097 402 1141 quavis
427 1097 580 1132 firmitate
605 1098 667 1131 alia
692 1096 872 1137 roboratis,
908 1095 1033 1129 statutis

292 1157 323 1185 et
349 1152 655 1192 consuetudinibus,
683 1150 859 1196 privilegiis
885 1159 1030 1194 quoque,

293 1204 444 1246 indultis,
469 1205 727 1250 exemptionibus
753 1210 781 1237 et
808 1204 924 1237 litteris
950 1213 1031 1246 apo-

292 1258 435 1299 stolicis,
476 1258 536 1292 illis
573 1269 751 1302 eorumque
785 1256 1030 1302 superioribus,

293 1311 503 1345 conventibus
537 1318 567 1346 et
600 1312 769 1356 personis,
802 1311 860 1344 sub
894 1309 1031 1354 quibus·

294 1375 432 1409 cumque
450 1365 616 1399 tenoribus
636 1370 667 1398 et
685 1364 808 1405 formis,
828 1369 858 1397 et
874 1374 946 1397 cum
969 1362 1035 1406 qui·
1051 1382 1053 1393 ,·

293 1419 401 1453 busvis
426 1419 522 1453 etiam
549 1419 829 1461 derogatoriarum
866 1418 1035 1459 derogato-

294 1473 369 1512 riis,
398 1473 533 1517 aliisque
558 1472 796 1506 efficacioribus
821 1477 850 1504 et
875 1470 1033 1504 efficacis-

294 1525 382 1559 simis
414 1536 451 1559 ac
484 1526 619 1559 insolitis
653 1525 802 1559 clausulis
829 1530 860 1557 ct
885 1523 1031 1564 decretis,

295 1579 389 1612 etiam
416 1579 625 1621 irritantibus,
644 1589 701 1623 per
726 1588 948 1622 quoscumque
973 1577 1034 1610 no-

296 1642 407 1666 manos
424 1631 595 1665 Pontifices
612 1631 876 1676 praedecessores
893 1636 1030 1669 nostros,
1051 1651 1053 1681 Ξ

295 1696 331 1719 ac
355 1696 428 1727 nos,
457 1686 642 1730 dictamque
666 1685 798 1725 Sedem,
825 1684 918 1718 etiam
946 1682 1054 1717 motu¹

295 1739 440 1782 proprio,
461 1744 492 1772 et
511 1749 546 1772 ex
573 1740 659 1772 certa
679 1738 822 1779 scientia,
844 1749 879 1771 ac
897 1738 936 1771 de
956 1748 1033 1782 apo-

296 1791 425 1825 stolicae
442 1792 607 1836 potestatis
623 1791 834 1836 plenitudine,
864 1791 956 1825 etiam
979 1791 1035 1823 ite-

297 1845 373 1879 ratis
397 1851 425 1880 et
454 1846 671 1890 multiplicatis
696 1846 828 1887 vicibus,
855 1845 1035 1889 quomodo-

297 1898 375 1932 libet
400 1899 570 1939 concessis,
594 1898 779 1942 approbatis
805 1904 834 1931 et
855 1898 1032 1937 innovatis;

298 1962 355 1986 nec
372 1962 436 1986 non
455 1952 604 1986 omnibus
620 1952 690 1995 illis,
705 1963 786 1995 quae
805 1952 908 1986 dietus
920 1952 1036 1985 Paulus

299 2006 526 2050 praedecessor
552 2006 582 2038 in
609 2005 673 2040 suis
697 2005 810 2038 litteris
830 2005 1036 2049 praeinsertis

298 2060 394 2093 voluit
418 2070 482 2093 non
503 2058 664 2093 obstare⁴z
694 2059 810 2103 quihus
835 2059 986 2092 omnibus.
1008 2065 1037 2092 ct

298 2113 450 2156 singulis,
483 2114 605 2147 etiamsi
635 2124 695 2157 pro
721 2124 832 2146 eorum
864 2113 1035 2146 sufficienti

299 2167 507 2209 derogatione
533 2166 608 2200 alias
634 2167 673 2200 de
700 2167 771 2206 illis,
793 2177 970 2211 eorumque
988 2172 1037 2199 to-

301 2219 339 2253 tis
373 2220 553 2260 tenoribus,
587 2220 752 2264 specialis,
784 2219 950 2264 specifica,
979 2231 1034 2253 ex-

300 2283 408 2316 pressa
434 2278 461 2305 et
486 2272 649 2306 individua
670 2273 810 2313 mentio,
832 2284 886 2307 seu
908 2273 1038 2316 quaevis

300 2326 361 2358 alia
386 2325 548 2369 expressio
574 2326 742 2366 habenda,
766 2332 820 2359 ant
846 2326 951 2369 aliqua
977 2326 1038 2359 alia

301 2380 457 2424 exquisita
479 2381 582 2413 forma
607 2381 644 2413 ad
671 2381 731 2413 lioc
756 2381 911 2413 servanda
933 2382 1034 2421 soret,

302 2439 429 2467 tenores
465 2434 672 2475 huiusmodi,
701 2445 736 2467 ae
762 2434 785 2467 si
813 2435 851 2467 tle
876 2434 973 2467 verbo
999 2435 1037 2466 ad

303 2488 446 2529 verbnm,
467 2487 545 2520 nihil
572 2487 721 2531 poenitus
746 2488 865 2520 omisso
886 2493 914 2520 et
938 2488 1036 2519 fornia

302 2541 334 2573 in
360 2541 420 2574 illis
441 2542 557 2575 tradita
578 2542 760 2582 observata,
783 2541 891 2574 inserti
915 2542 1035 2582 sorent,

303 2594 523 2637 praesentibus
559 2605 618 2639 pro
653 2594 848 2628 sufficienter
884 2594 1039 2639 expressis

340 2659 349 2683 1
375 2656 444 2684 Edit.
464 2658 545 2685 Μαίη.
564 2658 625 2691 legit
645 2666 700 2684 non
717 2658 842 2684 obstante
860 2660 897 2683 tu.
913 2664 960 2686 rr.i.

1072 242 1089 264 v
1116 242 1159 264 rr.
1707 226 1771 260 603

1064 289 1236 328 habentes,
1262 287 1322 320 illis
1344 286 1420 320 alias
1447 286 1476 319 in
1503 295 1561 319 suo
1582 284 1700 318 robore
1725 294 1801 328 per-

1065 341 1239 382 mansuris,
1260 341 1319 374 ltac
1341 341 1408 374 vice
1430 340 1593 373 dumtaxat
1624 338 1805 383 specialiter

1046 388 1093 429 {et
1115 401 1260 440 expresse
1283 395 1486 438 derogamus,
1511 393 1708 438 caeterisque
1729 403 1805 426 con-

1066 449 1171 482 trariis
1192 448 1462 493 quibuscumque.

1110 504 1126 545 g
1152 501 1182 535 6.
1211 502 1402 543 Caeterum,
1436 502 1512 546 quia
1538 501 1670 535 difficile
1697 506 1801 541 esset,

1066 562 1250 600 praesentes
1283 556 1403 589 litteras
1435 556 1474 589 ad
1506 555 1633 598 singula
1658 565 1806 599 quaeque

1066 610 1157 650 loca,
1179 609 1232 642 ubi
1254 619 1335 653 opus
1358 609 1474 649 suerit,
1497 608 1684 648 transferri,
1708 608 1805 640 volu-

1068 674 1148 704 mus,
1172 664 1258 707 quod
1284 664 1413 696 illarum
1435 662 1655 707 transumptis,
1676 673 1732 696 seu
1753 672 1806 695 ex-

1048 717 1201 767 yempus,
1226 717 1321 750 etiam
1345 717 1530 761 impressis,
1556 727 1654 749 manu
1671 715 1807 749 alieuius

1048 771 1181 804 {notarii
1206 771 1350 815 pubbliri
1376 770 1584 814 subscriptis,
1605 775 1633 803 et
1650 779 1807 813 personae

1068 824 1098 857 in
1125 823 1279 867 dignitate
1305 823 1520 857 ecclesiastica
1546 822 1740 856 constitutae
1764 822 1808 855 si-

1067 878 1143 921 gillo
1165 878 1308 919 munitis,
1330 878 1441 911 eadem
1460 887 1591 921 prorsus
1608 876 1688 910 fides
1709 876 1740 909 in
1762 876 1808 909 iu-

1067 932 1152 966 dicio
1179 932 1225 965 vel
1251 937 1338 965 extra
1358 931 1479 975 ubique
1499 930 1702 970 adhibeatur,
1725 939 1808 974 quae

1067 985 1290 1030 praesentibus
1310 985 1521 1029 originalibus
1542 984 1761 1024 adhiberetur,
1782 982 1807 1015 si

1050 1040 1172 1079 ¹forent
1192 1040 1352 1074 exhibitae
1374 1040 1420 1073 vel
1443 1045 1599 1073 ostensae.

1112 1094 1225 1127 Datum
1246 1094 1367 1127 Romae
1384 1093 1469 1137 apud
1491 1097 1636 1126 sanctum
1655 1091 1804 1129 Petrum,

1068 1147 1126 1180 sub
1147 1147 1267 1181 annulo
1287 1147 1467 1187 piscatoris,
1492 1146 1544 1180 die
1564 1157 1603 1180 xv
1623 1143 1808 1178 novembris

1068 1210 1179 1242 unctx,
1200 1200 1408 1245 pontificatus
1428 1199 1529 1234 nostri
1549 1209 1632 1233 anno
1651 1209 1679 1232 v.

1105 1263 1161 1290 Dat.
1184 1263 1228 1290 die
1248 1263 1280 1290 15
1301 1262 1456 1291 novembris
1478 1261 1555 1297 1609,
1577 1261 1672 1298 pontis.
1685 1269 1728 1288 an.
1746 1267 1771 1287 v.

1378 1424 1500 1458 CXLVI.

1071 1521 1282 1564 Confirnmtio
1308 1521 1607 1554 dismem[mulionis
1636 1519 1749 1565 oppidi
1773 1519 1810 1553 de

1115 1575 1309 1619 Cranqcmor
1333 1586 1353 1608 α
1378 1575 1513 1608 dioecesi
1538 1575 1751 1615 Cochz'nensi,
1781 1578 1809 1606 et

1114 1628 1156 1662 acl
1181 1629 1268 1662 illud
1291 1629 1519 1662 translationis
1539 1628 1687 1662 ecclesiae
1701 1628 1811 1672 Anqu-

1114 1682 1269 1716 malensv's
1278 1682 1298 1715 ⁴.

1318 1774 1427 1801 Paulus
1449 1774 1526 1807 Papa
1546 1774 1583 1805 V,

1190 1829 1224 1855 ad
1245 1830 1420 1862 perpetuam
1444 1828 1489 1855 rei
1509 1827 1689 1855 memoriam.

1115 1899 1199 1932 Alias
1224 1909 1282 1942 pro
1308 1904 1397 1942 parte
1424 1898 1604 1931 charissimi
1628 1897 1658 1930 in
1686 1897 1810 1931 Christo

1072 1952 1126 1984 tilii
1153 1951 1252 1985 nostri
1279 1951 1417 1995 Philippi
1452 1951 1669 1994 Portugalliae
1701 1957 1731 1984 et
1759 1952 1811 1984 Al-

1071 2005 1256 2048 garbiorum
1278 2005 1360 2047 regis
1377 2003 1539 2045 catholici,
1557 2010 1618 2037 tam
1638 2014 1695 2038 sno
1714 2014 1810 2048 quam

1071 2058 1261 2092 venerabilis
1283 2058 1389 2091 fratris
1410 2058 1550 2102 episcopi
1570 2058 1811 2101 Angamalensis

1072 2113 1278 2152 nominibus,
1306 2112 1398 2146 nobis
1423 2113 1590 2157 exposito,
1619 2112 1718 2157 quod,
1750 2123 1809 2156 pro

1072 2166 1200 2200 servitio
1226 2166 1454 2210 omnipotentis
1474 2166 1540 2205 Dei,
1562 2166 1728 2199 ecclesiam
1748 2167 1810 2199 An-

1073 2220 1308 2263 gainalensem,
1337 2230 1418 2264 quae
1440 2220 1469 2253 in
1497 2220 1589 2253 terris
1610 2219 1649 2253 ab
1675 2219 1811 2253 ethnicis

1073 2273 1236 2317 occupatis
1254 2273 1457 2315 consistebat,
1472 2274 1510 2307 ad
1529 2273 1696 2307 ecelesiam
1718 2272 1810 2307 castri

1073 2328 1111 2360 de
1132 2327 1325 2370 Cranganor,
1353 2327 1558 2361 Cos-hinensis
1583 2326 1749 2367 dioecesis,
1779 2326 1811 2359 in

1073 2392 1134 2424 qua
1154 2381 1243 2414 multi
1258 2381 1396 2415 Lusitani
1411 2381 1609 2423 habitabant,
1622 2379 1810 2421 transserrff,

1073 2435 1193 2479 quippe
1221 2437 1306 2479 quod
1337 2436 1439 2469 dictus
1465 2435 1632 2479 episcopus
1653 2436 1811 2477 Angama-

1074 2489 1168 2521 tensis
1194 2489 1316 2522 maiore
1341 2500 1412 2521 ‹retnn
1440 2489 1520 2521 vitae
1545 2498 1620 2521 suae
1641 2488 1811 2521 securitate

1073 2547 1103 2574 et
1124 2541 1229 2585 quiete
1250 2542 1280 2574 in
1303 2543 1388 2575 dicto
1410 2548 1513 2575 castro
1534 2542 1638 2575 vivere
1666 2552 1702 2574 ae
1730 2541 1809 2573 libe-

1112 2614 1118 2638 1
1144 2612 1179 2639 Ex
1201 2614 1309 2649 Regest.
1333 2614 1357 2639 in
1378 2613 1480 2640 Secret.
1503 2613 1577 2640 brev.

1109 2656 1123 2683 Ξ
1144 2657 1190 2684 llic
1211 2657 1286 2685 deest
1307 2658 1500 2687 conveniebat,
1517 2657 1558 2684 vet
1574 2657 1660 2686 simile
1675 2659 1713 2692 (n.
1731 2663 1777 2691 r).

1816 236 1866 263 An.
1887 235 1916 262 C.
1935 235 2002 262 1609

1859 566 2005 592 Transumpus

1821 594 1879 614 crudi
1889 594 1955 614 iubet.

1854 1960 1884 1980 Ob
1895 1965 1969 1981 cauus
1977 1960 2010 1981 tn'c

1826 1987 1930 2007 indicatas
