2227 3241
51 249 107 275 An.
123 246 243 274 &1610

104 1215 130 1236 Et
145 1214 238 1235 declarat

51 1243 241 1263 commendatarios

54 1273 90 1290 etr.
99 1274 205 1295 exempto<
212 1276 241 1290 e:-

54 1303 77 1317 se
102 1303 114 1317 a
133 1297 241 1318 ventribu-

56 1324 149 1344 tionibus
179 1330 241 1345 serut-

24 1353 26 1355 '
55 1351 127 1373 uariis.
137 1352 179 1371 tum
196 1356 242 1371 ere-

55 1378 101 1426 Ξζῑε,
111 1379 154 1398 turn
162 1378 242 1403 erigen-

70 1410 94 1425 is.

102 2286 245 2313 Exequuturvz

61 2312 156 2339 deputat.

908 247 1030 272 PAULUS
1050 248 1068 272 V
1087 248 1136 272 PP.

250 295 435 338 degentium
459 296 694 329 manutentioni
716 296 920 340 prospicere,
945 296 991 329 di-

250 355 372 382 ctarum
400 350 577 384 litterarum
605 356 747 383 tenorem
770 350 992 393 praesentibus

250 413 309 446 pro
334 413 485 447 expresso
511 403 675 443 babentes,
704 403 992 446 supplicationibus

251 456 393 490 eiusdem
415 458 552 501 Philippi
572 458 655 500 regis
673 464 703 490 et
720 457 993 490 administratoris

251 509 343 542 nobis
369 510 463 542 etiam
486 520 583 553 super
603 510 664 543 hoe
689 510 854 542 humiliter
874 520 989 553 porre-

251 562 310 595 ctis
331 562 492 603 inclinati,
521 563 695 606 apostoliea
718 563 919 603 auctoritate,
949 569 993 595 te-

251 625 330 649 nore
357 616 587 659 praesentium,
612 616 781 649 statuimus
807 623 835 649 et
865 616 994 649 ordina-

252 678 334 709 mus,
362 669 448 712 quod
480 679 561 702 nova
582 675 697 702 statuta
719 675 750 702 et
780 670 911 712 regulae
936 680 994 713 pro

251 722 410 764 gubernio
436 723 513 756 dicti
538 723 687 766 collegii,
715 734 773 756 seu
804 724 991 765 seminarii,

252 776 378 809 nonnisi
411 787 470 820 per
502 777 738 820 praesidentem
764 784 791 811 et
827 778 995 822 deputatos

253 839 381 863 mensae
395 830 611 864 conscientiae
625 837 826 875 nuncupatos
839 831 908 864 fieri
926 842 996 875 pos-

252 882 332 916 sint:
356 884 509 927 quodque
530 884 593 925 illa,
617 884 805 928 priusquam
830 884 993 928 publicen-

254 942 327 978 tur,
356 947 414 980 per
443 947 504 980 pro
534 943 680 981 tempore
712 938 897 971 existentem
924 948 996 982 spo-

254 990 371 1023 liorum
400 996 429 1023 et
461 991 577 1024 iurium
610 991 763 1024 Gamerae
794 991 996 1035 Apostolieae

253 1042 436 1076 debitorum
463 1044 494 1076 in
526 1054 627 1087 regno
658 1045 872 1087 Portugalliae
901 1045 997 1078 colle-

253 1101 388 1137 ctorem,
416 1107 479 1129 non
506 1103 612 1130 autem
634 1097 853 1137 Ordinarium,
876 1098 995 1131 exami-

254 1156 371 1183 nentur
391 1156 422 1184 et
441 1151 674 1194 approbentur.

300 1205 316 1246 ἕ
330 1203 360 1237 4.
376 1204 518 1248 Insuper,
532 1205 722 1238 auctoritate
735 1211 766 1238 et
785 1211 895 1239 tenore
909 1215 997 1249 prae-

256 1257 360 1298 dictis,
381 1264 608 1302 praeceptores
628 1286 634 1299 ‚
674 1259 967 1292 commendatarios
986 1286 992 1299 ,

256 1310 398 1354 priores,
437 1317 578 1345 rectores
609 1318 639 1345 et
673 1312 752 1345 alios
789 1312 996 1346 beneficiatos

257 1363 418 1398 dictarum
444 1365 640 1406 Militiarum‚
664 1376 750 1398 nunc
770 1371 801 1399 et
825 1376 884 1409 pro
910 1371 993 1398 tem-

256 1428 336 1462 pore
357 1418 537 1459 existentes,
558 1429 621 1452 non
641 1419 746 1452 solum
761 1430 779 1452 a
793 1429 997 1463 quacumque

258 1472 498 1505 contributione
522 1472 704 1506 seminariis
737 1483 912 1516 puerorum
945 1483 996 1505 ec-

257 1526 443 1559 elesiasticis
464 1532 539 1559 tune
560 1526 684 1567 erectis,
709 1537 818 1559 verum
844 1527 938 1559 etiam
966 1527 996 1559 in

256 1579 421 1623 quibusvis
452 1579 633 1613 civitatibus
658 1586 689 1612 et
714 1580 915 1613 dioecesibus
940 1591 998 1624 per

255 1632 442 1666 Ordinarios
463 1633 608 1666 locorum
639 1633 670 1665 in
703 1633 764 1681 vim
792 1634 995 1667 decretorum

255 1686 386 1719 Coneilii
407 1686 585 1719 Tridentini
607 1686 767 1729 erigendis
796 1693 826 1720 et
855 1688 994 1721 fundan-

256 1740 325 1782 dis⁷
350 1739 493 1773 facienda
522 1740 670 1773 similiter
701 1747 858 1784 perpetuo
888 1742 998 1774 eximi-

257 1804 328 1827 mus
344 1799 375 1826 et
393 1794 581 1834 lib'eramus;
596 1805 632 1827 ac
649 1800 812 1839 exemptos
833 1801 863 1828 et
881 1795 998 1829 liberos

258 1847 325 1880 sore
346 1853 377 1880 et
402 1857 486 1888 esse,
510 1847 642 1891 sicque,
667 1854 698 1880 et
725 1859 788 1881 non
811 1849 913 1890 aliter,
942 1861 999 1893 per

257 1912 479 1946 quoscumque
505 1901 625 1934 iudices
646 1901 828 1936 ordinarios
854 1909 883 1935 et
911 1903 998 1936 dele-

257 1963 358 2000 gatos,
383 1957 476 1990 etiam
497 1966 666 1989 causarum
693 1957 802 1990 Palatii
826 1958 998 2001 Apostolici

258 2012 432 2051 auditores,
462 2010 595 2043 iudicari
617 2016 648 2043 et
668 2010 795 2044 definiri
817 2011 946 2053 debere,
963 2022 998 2044 ar

260 2066 386 2099 irritum
409 2071 439 2099 et.
467 2065 582 2105 inane,
613 2065 637 2097 si
663 2074 755 2098 secus
786 2075 882 2109 super
909 2065 957 2099 bis
983 2076 999 2098 a

259 2130 446 2164 quoquam,
477 2118 587 2163 quavis
619 2118 830 2159 auctoritate,
862 2119 1000 2152 scienter

260 2173 307 2206 vel
333 2173 530 2216 ignoranter,
559 2171 727 2214 contigerit
751 2171 910 2212 attentari,
938 2183 1000 2216 pa-

260 2226 337 2259 riter
362 2225 576 2259 decernimus.

305 2281 322 2322 g
340 2279 369 2312 5.
391 2279 546 2318 Quocirca
566 2278 690 2312 dilectis
711 2278 783 2311 filiis
801 2279 908 2312 curiae
928 2289 1001 2311 cau—

261 2343 369 2366 sarum
390 2332 544 2365 Gamerae
569 2332 770 2376 Apostolicae
787 2332 927 2375 generali
946 2343 1001 2365 au-

262 2386 369 2427 ditori,
398 2398 434 2419 ac
458 2386 635 2430 spoliorum
658 2391 688 2419 et
709 2386 826 2419 iurium
848 2387 1001 2420 Gamerae

261 2445 389 2473 nostrae
410 2439 612 2484 Apostolicae
637 2439 817 2472 debitorum
840 2439 872 2472 in
893 2440 1003 2472 Portu-

261 2494 375 2536 galliae
400 2497 431 2527 et
451 2493 676 2535 Algarbiorum
706 2493 812 2535 regnis
838 2493 1000 2527 collectori

262 2547 427 2589 generali,
463 2558 499 2580 ac
530 2547 658 2580 officiali
689 2546 913 2581 Golimbriensi
944 2555 1002 2591 per

263 2607 445 2645 praesentes
466 2601 698 2635 committimus
724 2607 753 2635 et
786 2601 975 2635 mandamus
991 2629 998 2642 ‚

262 2663 420 2701 quatenus
445 2656 515 2701 ipsi,
544 2657 589 2690 vel
612 2657 687 2699 duo,
708 2661 761 2690 aut
781 2667 863 2691 unus
877 2666 1001 2697 eorum,

1670 238 1728 270 b'dl

1026 306 1082 340 per
1106 307 1150 336 se,
1178 296 1226 328 vel
1253 296 1363 336 alium,
1387 307 1442 329 seu
1468 296 1557 335 alios,
1582 301 1766 339 praesentes

1026 350 1157 389 litteras,
1183 355 1212 382 et
1233 350 1264 382 in
1290 350 1334 382 eis
1355 356 1504 382 contenta
1529 359 1763 393 quaecumque,

1027 403 1079 436 ubi
1113 409 1141 435 et
1168 404 1298 446 quando
1324 414 1404 446 opus
1433 403 1549 443 fuerit,
1580 409 1609 435 et
1641 402 1767 446 quoties

1027 466 1084 499 pro
1116 462 1206 499 parte
1232 457 1306 490 dicti
1340 456 1476 500 Philippi
1507 456 1612 498 regis,
1647 462 1677 488 et
1709 466 1767 499 pro

1027 515 1171 553 tempore
1209 511 1370 543 existentis
1406 510 1698 550 administratoris,
1738 516 1768 542 et

1028 563 1164 597 aliorum
1196 564 1448 608 praedictorum,
1474 575 1529 597 seu
1555 563 1690 597 alicuius
1716 574 1769 596 eo-

1029 627 1100 649 rum
1127 618 1245 651 fuerint
1273 617 1428 662 requisiti,
1452 618 1640 650 solemniter
1664 616 1770 661 publi-

1028 677 1147 711 cantes,
1169 671 1278 715 eisque
1300 672 1330 704 in
1353 671 1535 715 praemissis
1555 671 1694 704 efficacis
1715 671 1770 704 de-

1030 724 1182 758 fensionis
1218 725 1379 769 praesidio
1416 725 1619 765 assistentes,
1653 725 1770 758 faciant

1030 779 1219 811 auctoritate
1244 781 1353 812 nostra
1379 779 1449 812 illos
1470 785 1497 812 et
1525 790 1637 812 eorum
1659 789 1770 823 quem-

1030 832 1108 864 libet
1141 833 1329 865 eorumdem
1367 833 1617 876 praemissorum
1656 832 1770 865 effectu

1030 886 1204 929 respective
1229 885 1364 929 pacifice
1390 886 1450 919 srui
1473 892 1503 918 et
1529 886 1681 928 gaudere,
1706 897 1769 919 non

1031 939 1252 982 permittentes
1266 949 1320 972 eos
1334 939 1471 983 desuper
1484 950 1501 972 a
1519 949 1682 983 quoquam
1698 950 1772 983 qua-

1031 991 1075 1025 vis
1090 993 1279 1026 auctoritate
1294 993 1539 1037 quon'todolibet
1553 993 1694 1026 indebite
1708 1003 1772 1026 mo-

1032 1045 1155 1085 lestari;
1185 1046 1440 1080 contradictores
1467 1057 1688 1091 quoscumque
1715 1058 1776 1091 per

1031 1110 1182 1134 censuras
1207 1108 1236 1134 et
1261 1112 1381 1145 poenas
1407 1102 1660 1142 ecclesiasticas,
1695 1103 1772 1136 alia-

1031 1165 1093 1198 que
1115 1161 1296 1198 opportuna
1314 1155 1392 1188 iuris
1405 1156 1519 1189 etl'acti
1542 1156 1694 1197 remedia,
1719 1167 1773 1200 ap-

1030 1208 1203 1251 pellatione
1224 1208 1418 1252 postposita,
1448 1209 1695 1253 compescendo,
1724 1209 1772 1242 in-

1031 1268 1141 1295 vocato
1167 1262 1262 1295 etiam
1295 1263 1335 1295 ad
1367 1262 1450 1303 boe,
1486 1263 1511 1296 si
1541 1273 1621 1306 opus
1652 1263 1769 1303 suerit,

1030 1316 1148 1350 auxilio
1169 1317 1291 1350 brachii
1312 1317 1496 1350 saecularis.

1076 1371 1091 1412 ξ
1115 1369 1145 1402 9.
1174 1370 1242 1403 Non
1268 1370 1469 1404 obstantibus
1495 1370 1594 1403 felicis
1617 1371 1769 1404 reeorda—

1032 1423 1127 1457 tionis
1152 1424 1306 1457 Bonisaeii
1338 1424 1441 1468 Papae
1472 1424 1547 1465 Vlll,
1579 1425 1770 1468 praedeces-

1030 1477 1111 1509 soris
1132 1477 1244 1518 nostri,
1266 1468 1304 1510 (ΓΒ
1322 1480 1396 1518 una,
1414 1484 1444 1510 et
1464 1478 1496 1510 in
1514 1478 1650 1511 concilio
1670 1489 1770 1520 gene-

1031 1530 1088 1563 rali
1118 1530 1202 1563 edita
1232 1531 1270 1564 de
1302 1531 1426 1564 duabus
1451 1531 1563 1571 dietis,
1596 1532 1774 1564 dummodo

1032 1584 1115 1617 ultra
1136 1590 1198 1617 tres
1216 1584 1315 1618 dictas
1335 1584 1451 1628 aliquis
1475 1584 1665 1618 auctoritate
1685 1596 1774 1628 prae-

1031 1638 1169 1671 sentium
1195 1638 1234 1671 ad
1257 1638 1410 1672 iudicium
1433 1649 1497 1671 non
1517 1638 1672 1680 trabatur,
1690 1638 1774 1672 aliis-

1032 1702 1094 1735 que
1124 1691 1333 1736 apostolicis,
1373 1702 1408 1725 ac
1445 1692 1476 1724 in
1514 1692 1773 1729 universalibus.

1033 1746 1304 1789 provincialibus,
1333 1751 1363 1778 et
1394 1746 1600 1790 synodalibus
1628 1746 1774 1779 conciliis

1033 1800 1137 1841 editis,
1162 1799 1366 1842 generalibus
1392 1800 1438 1832 rel
1465 1800 1670 1844 specialibus,
1699 1810 1775 1833 con·

1781 248 1817 272 An
1847 247 1875 272 (ἶ,
1901 248 1968 274 1610

1789 1393 1800 1412 Ι.
1816 1365 1925 1386 Contraria
1934 1365 1972 1385 tut-

1797 1395 1818 1412 tt.

1032 1853 1251 1886 stitutionibus
1276 1859 1302 1886 et
1337 1853 1596 1886 ordinationibus
1620 1854 1787 1897 apostoli--

1033 1907 1088 1947 cis,
1112 1917 1170 1940 nec
1191 1917 1255 1939 non
1281 1906 1464 1940 lllilitiarum
1486 1907 1725 1950 praedictarum
1746 1914 1775 1940 et

1033 1970 1312 2003 quarumcumque
1335 1960 1542 1993 ecclesiarum
1558 1988 1565 2001 ,
1598 1960 1693 1993 etlam
1722 1961 1772 1994 iu-

1033 2019 1191 2054 ramento,
1225 2013 1469 2047 confirmatione
1498 2014 1696 2058 apostoliea,
1729 2015 1774 2047 vel

1034 2067 1143 2111 quavis
1169 2067 1319 2100 firmitate
1337 2068 1398 2100 alia
1413 2067 1582 2108 roboratis,
1605 2067 1728 2101 statutis
1747 2074 1776 2101 et

1034 2120 1334 2161 consuetudinibus,
1366 2120 1540 2164 privilegiis
1555 2131 1701 2164 quoque,
1723 2121 1773 2152 in-

1034 2174 1130 2207 dultis
1155 2180 1185 2207 et
1205 2174 1318 2207 litteris
1338 2174 1522 2218 apostolicis
1549 2175 1652 2207 eidem
1681 2174 1777 2207 colle-

1034 2227 1085 2269 gio
1108 2227 1241 2271 eiusque
1262 2227 1378 2261 rectori
1400 2232 1429 2260 et
1450 2227 1672 2270 collegialibus
1693 2228 1773 2260 aliis-

1035 2292 1097 2325 que
1115 2281 1278 2325 personis,
1301 2281 1360 2314 sub
1381 2281 1639 2325 quibuscumque
1663 2281 1778 2315 tenori-

1036 2336 1094 2368 bus
1108 2341 1138 2368 et
1160 2335 1280 2376 formis,
1298 2345 1332 2368 ac
1351 2346 1423 2368 cum
1446 2335 1609 2378 quibusvis
1628 2336 1777 2369 clausulis

1035 2394 1067 2422 et
1092 2388 1238 2429 decretis,
1266 2388 1297 2421 in
1318 2399 1434 2431 genere
1460 2389 1507 2421 rel
1533 2388 1564 2420 in
1592 2388 1717 2432 specie,
1742 2400 1777 2422 ac

1035 2443 1123 2483 alias,
1153 2443 1183 2476 in
1202 2443 1397 2476 contrarium
1425 2443 1674 2487 praemissorum
1699 2454 1778 2487 quo-

1036 2497 1214 2530 modolibet
1235 2497 1406 2537 concessis,
1431 2496 1643 2537 confirmatis,
1668 2502 1699 2530 et
1723 2507 1777 2540 ap-

1036 2549 1188 2592 probatis.
1231 2548 1351 2588 Quibus
1383 2549 1533 2582 omnibus
1558 2554 1587 2582 et
1618 2549 1774 2591 singulis,

1036 2603 1159 2636 etiamsi
1182 2604 1219 2637 de
1243 2603 1302 2636 illis
1320 2613 1499 2647 eorumque
1521 2603 1593 2636 totis
1615 2603 1777 2636 tenoribus

1035 2656 1194 2701 specialis,
1216 2657 1364 2700 specifica
1384 2662 1411 2691 et
1435 2656 1608 2699 individua,
1633 2667 1696 2690 non
1716 2667 1773 2690 au-
