2227 3241
68 1187 184 1210 Exordium.

99 1508 221 1530 Provinciae

43 1533 142 1556 Francia«,
156 1536 186 1561 pri
191 1535 221 1556 vi-

43 1561 95 1585 leflia
101 1563 167 1584 oninia
174 1567 222 1583 con-

43 1587 152 1610 minuatur.

13 2614 17 2646 l

791 274 905 299 rAuLus
932 276 948 297 v

531 322 689 356 xxxvlll.

242 430 398 474 Sequitur
417 429 620 473 confirmatio
637 430 891 474 privileqz'orum
907 440 984 474 pro-

286 484 411 516 vinciae
430 483 593 517 Franciae
613 483 756 516 eiusdem
778 483 924 524 Ordinis,
948 494 985 516 ac

285 537 420 570 unionis
444 537 524 570 olim
546 538 652 580 factae
667 537 859 570 mon-asterii
878 538 985 570 sancte?

286 590 453 624 Benedicti
474 595 578 624 terrae
607 591 750 624 Nursiae
789 590 983 634 Spoletanae

286 643 436 685 dioecesis
447 643 552 677 dictae
567 644 835 688 Conyregffationis'
849 644 903 677 illi
911 654 982 688 pro-

287 697 412 731 vinciae
421 697 441 730 ¹.

239 813 364 842 Dilectis
385 813 458 841 filiis
478 812 656 848 provinciali
680 817 710 841 et
731 814 887 842 monachis
910 815 981 843 Con-

274 858 460 894 gregationis
486 858 724 886 coelestinorum
745 859 862 887 Ordinis
884 861 982 888 sancti

274 902 429 931 Benedicti
449 903 620 937 provinciae
641 903 783 932 franciae

470 966 582 994 Paulus
608 966 688 1000 Papa
711 967 740 993 V.

304 1046 414 1075 nilecti
433 1046 498 1080 filii,
516 1047 646 1074 salutem
666 1050 697 1074 et
717 1047 914 1081 apostolicam

485 1091 734 1119 benedictionem.

280 1181 377 1215 Decet
396 1180 579 1214 Romanum
605 1179 794 1214 Pontificem
818 1191 873 1221 ea,
898 1191 980 1226 quae

236 1245 254 1268 a
271 1234 336 1267 suis
355 1233 660 1278 praedecessoribus
678 1233 838 1276 religiosis
851 1235 980 1278 provin-

236 1394 430 1428 firmationis
450 1395 567 1428 robore
589 1395 804 1435 communire,
825 1402 921 1439 prout
948 1396 979 1428 in

234 1449 373 1483 Domino
390 1447 563 1482 salubriter
584 1447 794 1492 conspicitur²
815 1450 975 1493 expedire.
996 1480 998 1488 ,

281 1505 297 1546 g
316 1503 345 1536 1.
370 1503 508 1536 Proinde
526 1513 594 1543 nos,
619 1512 672 1536 vos
690 1513 726 1536 ac
747 1508 883 1536 vestram
904 1514 979 1547 pro-

236 1557 374 1591 vinciam
405 1556 600 1600 specialibus
624 1556 785 1590 favoribus
811 1562 838 1590 et
868 1557 979 1599 gratiis

236 1610 389 1655 prosequi
414 1610 568 1651 volentes,
590 1615 619 1643 et
640 1615 779 1643 vestrum
802 1611 979 1654 quemlibet

236 1676 253 1698 a
274 1664 441 1709 quibusvis
466 1663 820 1705 excommunicationis,
843 1675 978 1708 suspen-

235 1718 334 1752 sionis
355 1723 386 1751 et
405 1717 579 1758 interdicti,
601 1717 736 1761 aliisque
755 1718 978 1752 ecclesiasticis

235 1771 410 1812 sententiis,
435 1771 578 1805 censuris
603 1776 632 1804 et
653 1771 777 1815 poenis,
798 1782 814 1804 a
840 1771 909 1806 iure
931 1773 977 1805 vel

195 1847 206 1850 -
235 1826 274 1859 ab
294 1825 447 1866 homine,
471 1824 581 1869 quavis
608 1824 777 1858 occasione
808 1825 852 1858 vot
883 1829 976 1860 eausa

234 1879 328 1921 latis,
356 1879 382 1913 si
407 1878 524 1923 quibus
554 1878 799 1923 quomodolibet
832 1879 975 1912 innodati

235 1932 378 1973 existitis,
403 1932 442 1965 ad
463 1931 610 1965 effectum
637 1931 854 1976 praesentium
877 1933 973 1965 dum-

235 1992 318 2020 taxat
335 1985 612 2030 consequendum,
637 1985 751 2019 harum
766 1986 848 2019 serie
870 1987 975 2020 alrisol-

234 2046 342 2074 ventes
363 2046 393 2074 et
417 2040 581 2073 absolutos
606 2039 674 2073 fore
699 2046 876 2081 censentes,
900 2052 975 2085 snp-

234 2093 461 2138 plicationibus
482 2098 585 2126 vestro
606 2092 737 2126 nomine
758 2093 850 2126 nobis
868 2094 975 2127 humi-

236 2154 283 2181 ter
301 2146 458 2192 porrectis
481 2146 645 2188 inclinati,
669 2146 778 2180 omnia
800 2153 829 2180 et
850 2147 976 2190 singula

234 2203 412 2247 privilegia,
436 2202 564 2245 gratias,
588 2202 818 2242 immunitates,
847 2189 976 2235 libesta-

236 2261 292 2297 tes}
319 2256 554 2300 exemptiones,
579 2255 823 2296 concessiones,
853 2255 975 2288 indulta

236 2315 265 2343 et
282 2309 498 2353 indulgentias
513 2315 632 2343 vestrae
646 2309 829 2353 provinciae
844 2314 873 2342 et
891 2309 975 2342 illius

235 2363 436 2397 monasteriis
457 2369 487 2396 et
507 2362 585 2396 locis
606 2362 808 2405 regularibus
822 2373 857 2395 ac
872 2362 971 2402 vobis,

236 2415 268 2449 in
288 2426 405 2459 genere
426 2416 473 2450 vel
488 2416 519 2449 in
533 2415 650 2460 specie,
668 2421 721 2448 aut
741 2415 819 2448 alias
840 2425 975 2459 quomo-

236 2469 357 2503 dolibet
376 2480 433 2514 per
453 2480 676 2513 quoscumque
703 2469 864 2502 Romanos
892 2469 974 2501 Pon-

237 2521 336 2556 tifices
363 2523 627 2566 praedecessores
652 2527 778 2555 nostros
807 2532 843 2554 ac
869 2532 927 2555 nos
945 2528 973 2555 et

236 2577 450 2620 Apostolicam
476 2576 590 2610 Sedem
613 2586 649 2609 ac
669 2576 811 2609 eiusdem
834 2577 971 2620 Aposto-

272 2648 282 2674 1
306 2647 343 2675 Ex
363 2648 472 2683 Regest.
494 2648 520 2674 in
541 2647 644 2675 Secret.
666 2647 742 2674 Brev.

271 2692 286 2719 2
307 2691 429 2719 Fortasse
444 2692 586 2727 legendum
600 2692 737 2727 conspicit
753 2693 829 2727 (nn).

300 2746 376 2773 Bull.
398 2746 473 2774 Rom.
496 2762 528 2765 —
552 2746 612 2773 Vol.
629 2746 676 2773 XI.
879 2745 913 2771 ⁴0

975 275 1018 297 Pr.

1018 322 1098 356 licae
1118 323 1209 357 Sedis
1230 323 1270 356 de
1296 323 1394 357 latere
1415 323 1536 367 legatos
1560 324 1609 357 vel
1626 324 1761 359 nuncios

1018 375 1266 419 quomodolibet
1284 387 1446 419 concessa,
1464 377 1653 411 confirmata
1667 384 1696 411 et
1711 389 1762 422 ap-

1017 430 1164 473 probata,
1183 436 1343 474 quatenus
1358 431 1419 464 sint
1437 431 1467 465 in
1486 443 1556 473 usu,
1574 437 1603 464 et
1617 442 1680 465 non
1699 432 1762 465 sint

1017 490 1176 525 revocata,
1200 495 1258 518 nec
1281 486 1338 518 sub
1360 486 1523 529 aliquibus
1547 486 1760 519 revocationi-

1018 537 1076 571 bus
1105 539 1362 582 comprehensa,
1391 551 1427 573 ac
1458 540 1556 574 sacris
1584 540 1761 574 canonibus

1017 597 1047 624 et
1068 591 1199 625 Concilii
1220 593 1399 626 Tridentini
1419 594 1554 628 decretis
1577 605 1612 628 ac
1644 595 1761 628 consti-

1017 646 1194 679 tutionibus
1234 647 1417 691 apostolicis
1450 658 1515 681 non
1552 649 1761 682 adversentur

1018 699 1126 741 (salvis
1155 699 1268 733 litteris
1289 700 1408 734 nostris
1429 712 1532 745 nuper
1553 713 1613 745 pro
1639 701 1759 734 confir-

1018 752 1159 786 matione
1180 753 1423 796 privilegiorum
1438 755 1606 788 universae
1618 754 1759 798 Congre-

1016 806 1153 848 gationis
1166 807 1432 849 Coelestinorum,
1450 815 1479 841 et
1497 809 1677 842 visitatione
1691 819 1759 842 mo-

1016 860 1231 893 nasteriorum
1253 861 1406 895 Franciae
1433 863 1597 903 emanatis,
1622 873 1758 906 quarum

1017 919 1160 947 tenorem
1174 915 1398 958 praesentibus
1412 926 1470 959 pro
1485 925 1634 959 expresso
1648 916 1758 949 haberi

1016 967 1188 1010 volumus),
1217 968 1392 1012 apostoliea
1423 969 1624 1010 auctoritate,
1649 975 1758 1003 tenore

1016 1022 1228 1065 presentium,
1240 1022 1471 1056 confirmamus
1486 1029 1514 1056 et
1530 1023 1759 1067 approbamus,

997 1103 999 1115 ‚
1016 1075 1142 1119 illisque
1161 1076 1355 1110 inviolabilis
1380 1077 1575 1121 apostolicae
1598 1077 1758 1111 firmitatis

1015 1129 1116 1162 robur
1147 1130 1335 1171 adiicimus,
1357 1141 1391 1163 ac
1421 1141 1532 1164 omnes
1561 1137 1591 1164 et
1617 1131 1759 1173 singulos

1015 1187 1079 1215 tam
1101 1182 1178 1216 iuris
1196 1194 1293 1226 quam
1316 1183 1390 1217 sacti
1412 1184 1567 1225 desectus,
1592 1183 1617 1217 si
1638 1184 1692 1228 qui
1712 1184 1758 1217 in-

997 1237 1211 1273 tervenerint
1232 1237 1265 1270 in
1286 1237 1419 1278 eisdem,
1443 1238 1642 1281 supplemus.

236 1287 293 1321 ciis
314 1293 345 1321 et
364 1286 511 1331 personis
537 1286 670 1331 provide
703 1297 854 1320 concessa
881 1294 976 1329 sunt,
997 1291 998 1332 ᾖ

234 1347 272 1375 ut
287 1341 382 1374 firma
402 1346 432 1374 et
452 1340 574 1373 illibata
594 1340 776 1384 persistant,
799 1352 875 1375 snae
897 1352 976 1375 con·
996 1336 998 1367 l

1060 1292 1075 1332 ἕ
1103 1290 1132 1323 Q.
1162 1291 1349 1332 Praeterea,
1378 1292 1464 1335 qma,
1493 1298 1527 1324 ut
1552 1289 1754 1336 accepimus,

1016 1345 1245 1377 monasterium
1261 1345 1361 1378 sancti
1378 1345 1542 1378 Benedicti
1561 1351 1662 1378 terrae
1676 1346 1757 1378 Nur-

1014 1396 1078 1430 siae
1111 1397 1301 1441 Spoletanae
1336 1398 1491 1431 dioecesis
1521 1398 1753 1441 Congregatio-

1014 1450 1061 1484 nis
1075 1451 1330 1484 Coelestinorurn
1345 1451 1421 1485 olim
1437 1457 1560 1485 restrae
1573 1451 1756 1495 provinciae

1014 1503 1190 1547 apostolica
1211 1504 1401 1538 ai,1e101*itate
1419 1504 1544 1538 unitum
1561 1510 1590 1537 et
1608 1504 1756 1548 incorpo-

1014 1562 1117 1590 ratum
1140 1557 1208 1597 suit,
1229 1567 1287 1590 nos
1307 1557 1493 1591 huiusmodi
1522 1557 1674 1591 unionem
1695 1569 1754 1602 pa-

1014 1611 1090 1644 riter
1101 1610 1332 1645 confirmamus
1345 1617 1375 1644 et
1388 1611 1616 1655 approbamus,
1630 1617 1669 1654 et,
1685 1622 1759 1655 qua-

1015 1669 1105 1697 tenus
1131 1674 1212 1708 opus
1236 1664 1286 1705 sit,
1308 1664 1393 1698 idem
1424 1664 1655 1697 monasterium
1684 1675 1756 1697 euin

1013 1718 1163 1750 omnibus
1181 1717 1305 1752 iuribus
1323 1724 1351 1751 et
1371 1718 1575 1762 pertinentiis
1595 1718 1671 1759 suis,
1689 1718 1757 1751 sine

1014 1778 1118 1804 tamen
1141 1771 1341 1815 praeiudicio
1369 1772 1508 1805 aliorum
1537 1772 1753 1805 monasterio-

1012 1836 1083 1858 rum
1110 1825 1218 1858 Italiae
1247 1830 1370 1858 vestrae
1394 1825 1581 1869 proxinciac
1605 1836 1663 1869 per
1688 1826 1753 1859 Ro-

1013 1889 1124 1912 manos
1145 1878 1317 1912 Pontifices
1343 1879 1609 1923 praedecessores
1630 1886 1755 1912 nostros

1011 1932 1188 1973 unitorum,
1214 1932 1252 1965 de
1273 1942 1356 1965 novo
1377 1932 1481 1965 eidem
1504 1932 1689 1976 provinciae
1710 1944 1757 1966 ve-

1011 1993 1094 2020 strae
1116 1986 1307 2019 auctoritate
1322 1991 1350 2018 et
1366 1991 1476 2019 tenore
1498 1985 1670 2030 praedictis
1684 1997 1756 2030 per-

1011 2045 1108 2084 petuo
1134 2039 1275 2080 unimus,
1296 2039 1496 2073 annectimus
1518 2044 1546 2072 et
1570 2039 1756 2083 incorpora-

1012 2105 1102 2134 musg
1125 2093 1165 2126 ita
1187 2093 1328 2126 utliccat
1345 2093 1411 2133 tibi,
1429 2092 1474 2125 tili
1488 2092 1706 2137 provincialis,
1728 2099 1755 2126 et

1011 2147 1079 2180 aliis
1102 2146 1326 2191 superioribus
1346 2146 1436 2180 istius
1454 2146 1640 2190 provinciae
1668 2146 1755 2190 prio-

1012 2212 1077 2234 rem
1095 2207 1123 2234 et
1139 2201 1315 2234 monachos
1330 2201 1472 2234 eiusdem
1488 2206 1611 2233 vestrae
1629 2200 1757 2244 provin-

1011 2255 1077 2288 ciae
1093 2255 1123 2287 in
1143 2255 1257 2288 eodem
1278 2254 1473 2287 monasterio
1491 2253 1624 2287 Nursiae
1639 2254 1756 2287 consti-

1012 2314 1100 2341 tuere
1115 2313 1144 2341 et
1159 2309 1325 2352 deputare,
1350 2308 1502 2351 idemque
1524 2307 1753 2340 monasterium

1011 2372 1121 2404 regere
1134 2368 1164 2395 et
1177 2362 1368 2404 gubernare,
1382 2367 1477 2405 prout
1491 2361 1521 2393 in
1543 2361 1613 2393 aliis
1626 2361 1754 2405 provin-

1010 2415 1077 2448 ciae
1091 2415 1244 2448 Franciae
1260 2415 1461 2448 monasteriis
1478 2414 1642 2447 instituere
1656 2420 1683 2446 et
1704 2414 1754 2446 de-

1008 2474 1133 2513 putare,
1150 2479 1185 2501 ac
1200 2479 1312 2511 regere
1326 2473 1356 2501 et
1370 2467 1550 2509 gubernare
1565 2466 1693 2499 valeatis
1708 2467 1725 2498 ¹.

1054 2525 1070 2565 ξ
1092 2522 1121 2555 3
1145 2522 1358 2555 Decernentes
1378 2521 1433 2561 sic,
1452 2526 1479 2553 ct
1501 2530 1564 2553 non
1586 2519 1677 2553 alitcr
1695 2530 1752 2563 per
1794 2538 1911 2560 cuum,

1009 2585 1232 2620 quoscumque
1263 2575 1383 2608 iudices
1408 2573 1589 2607 ordinarios
1611 2579 1641 2606 et
1666 2573 1750 2606 delc-

1047 2692 1056 2717 1
1080 2691 1172 2718 Potius
1189 2690 1293 2718 ridetur
1309 2698 1368 2717 esse
1384 2688 1529 2725 legendum
1547 2688 1646 2716 valetis
1666 2695 1698 2723 Nn.
1712 2695 1726 2714 τ
1743 2710 1747 2714 .

1660 265 1724 299 313
1771 276 1820 303 An.
1838 276 1866 303 c.
1890 276 1957 303 1606

1819 1299 1957 1321 Confirmatur

1773 1326 1836 1346 etiam
1852 1333 1901 1346 unio
1914 1333 1957 1346 mu]-

1772 1352 1956 1373 nasternNursme

1772 1380 1824 1399 :ilias
1840 1379 1902 1400 sacta.
