2227 3241
93 241 143 269 An.
160 241 191 269 C.
209 240 276 269 ¹607

136 1103 207 1125 Causa
216 1103 278 1125 huius

94 1129 252 1152 declarationis.

122 1592 250 1618 nei-tarano.

928 238 1046 263 PAULUS
1072 240 1089 263 V
1114 239 1160 263 Pr.

1710 227 1774 261 453
1820 236 1869 263 An.
1888 236 1915 263 c.
1936 236 2004 264 1607

289 288 514 323 universitates
541 298 761 333 quascumque
785 289 890 324 Status
917 289 1029 323 Eccle-
1070 293 1175 320 turum
1190 287 1392 332 spectabunt,
1409 292 1462 321 aut
1476 286 1632 320 rationem
1648 296 1705 320 seu
1723 296 1809 320 com-

289 341 418 383 siastici,
435 341 510 375 nobi
523 342 677 376 sinediate
695 342 742 376 vel
761 342 946 376 immediate
964 342 1034 375 sub-

291 396 399 437 iectas,
422 403 484 429 tam
503 396 604 430 active
618 407 714 440 quam
729 397 852 441 passive
869 396 1033 441 pertinen-

291 455 336 484 tes
356 461 414 494 per
433 461 466 484 se
484 449 531 483 vel
546 450 625 483 alios
646 450 684 482 ab
703 449 747 483 eis
761 450 1029 492 subdelegandos‚

289 503 453 543 audiendi,
475 503 679 544 discutiendi,
700 502 918 544 examinandi,
940 513 1033 547 expe-

291 556 400 590 diendi
422 562 452 590 et
481 556 688 597 terminandi,
712 567 748 590 ac
780 556 889 590 omnia
916 556 978 589 alia
1004 562 1034 590 et

289 610 415 653 singula
440 610 471 643 in
492 610 605 644 eadem
628 610 857 644 constitutione
882 615 1032 644 contenta

290 663 497 707 exequutioni
511 663 740 705 demandandi,
755 663 950 707 easdemque
964 674 1035 697 cau-

289 725 340 749 sas
352 727 572 761 quascumque
588 716 808 750 reassumeudi
823 723 852 751 et
867 717 1033 759 avocandi,

291 769 550 815 quibuscumque
582 771 742 805 iudicibus
777 771 964 812 inhibendi,
1005 776 1035 804 ct

291 824 380 865 alias,
404 830 501 869 prout
525 825 555 858 in
582 825 700 859 nostris
725 824 838 858 litteris
860 825 891 858 in
917 825 1031 858 huius-

292 879 379 912 modi
400 879 503 912 sorma
519 880 626 913 Brevis
645 880 782 923 desuper
803 879 958 924 expeditis
975 879 1034 912 sub

292 932 343 965 die
379 942 409 966 iv
440 932 519 965 iunii
552 943 637 967 iiincv
651 961 658 974 ,
697 934 903 978 pontificatus
935 933 1033 967 nostri

292 996 376 1019 anno
397 997 422 1027 t,
445 987 573 1031 plenius
593 987 787 1022 continetur.

337 1041 353 1082 ξ
376 1039 404 1072 l.
422 1040 501 1079 Quia
520 1051 594 1074 vero
608 1041 650 1075 ob
663 1041 906 1084 generalitatem
922 1041 1035 1074 verbo-

293 1103 364 1126 rum
385 1094 627 1137 praedictarum
648 1095 828 1129 litterarum
851 1100 1034 1128 nostrarum

295 1146 386 1180 facile
403 1147 504 1181 videri
522 1148 618 1182 alicui
640 1154 756 1193 posset,
772 1160 808 1182 ea
826 1159 884 1182 nos
903 1148 1036 1182 commi-

294 1200 384 1242 sisse,
398 1212 480 1245 quae
494 1208 623 1236 nostrae
635 1202 824 1236 intentionis
834 1203 1036 1236 committere

293 1253 427 1288 minime
448 1255 525 1295 suit·‚
549 1255 670 1289 ideirco
691 1256 731 1289 ad
754 1256 910 1290 tollendas
927 1256 1038 1289 huius-

295 1308 382 1342 modi
407 1308 622 1351 dissscultates,
650 1303 890 1353 praedictarum
916 1309 1038 1343 littera-

294 1373 365 1395 rum
388 1362 543 1397 tenorem¹
558 1363 782 1407 praesentibus
802 1374 861 1407 pro
875 1363 1037 1397 sufficieu-

295 1422 343 1449 ter
367 1426 516 1461 expresso
542 1423 569 1450 et
600 1417 638 1450 ad
668 1417 798 1450 verbum
833 1417 952 1451 inserto
974 1416 1033 1450 lia-

293 1470 422 1504 bentes:

338 1526 354 1566 S
376 1523 406 1557 2.
431 1524 516 1558 Motu
534 1524 678 1569 proprio,
696 1531 727 1558 ct
744 1536 781 1559 ex
802 1528 888 1558 cci-ta
904 1524 1038 1559 scientia

293 1579 485 1623 maturatque
506 1578 740 1612 deliberatione
768 1580 899 1617 nostra,
929 1578 1037 1621 vigore

292 1631 511 1676 praesentium
534 1632 747 1674 declaramus,
771 1632 958 1666 intentionis
978 1643 1037 1666 no-

293 1691 377 1719 strae
399 1685 505 1727 fuisse,
530 1686 649 1719 eisdem
670 1686 888 1721 cardinalibus
916 1697 969 1720 eas
987 1697 1038 1720 so-

294 1738 474 1781 lummodo,
497 1744 527 1773 et
547 1749 612 1773 non
642 1739 730 1781 alias,
766 1750 877 1773 causas
912 1739 1035 1780 civiles,

295 1792 479 1827 criminales
505 1799 535 1827 et
563 1793 693 1834 mixtas,
719 1799 780 1827 tam
811 1793 911 1827 active
941 1804 1037 1838 quain

294 1846 418 1891 passive
439 1847 478 1881 ad
501 1848 749 1882 communitates
763 1853 794 1882 et
815 1848 1039 1881 universitates

295 1899 400 1934 Status
417 1901 517 1935 nostri
529 1901 740 1936 Ecclesiastiei
754 1901 891 1936 mediate
912 1903 959 1935 vel
980 1902 1039 1934 im-

296 1955 435 1989 mediate
455 1956 615 1990 subiectas
635 1956 843 2001 pertinentes,
864 1967 921 2000 per
941 1966 974 1990 se
991 1957 1038 1990 vel

296 2009 397 2051 alios,
418 2015 453 2043 ut
484 2010 713 2054 praemittitur,
737 2009 997 2053 subdelegandos
1014 2011 1035 2051 ³,

296 2063 459 2105 audiendi,
483 2064 686 2105 discutiendi,
710 2064 924 2104 examinandi,
946 2075 1040 2108 expe-

296 2116 404 2150 diendi
423 2122 454 2149 ct
468 2117 673 2158 terminandi,
692 2117 912 2151 reassurncndi
927 2122 958 2151 et
971 2127 1041 2151 avo-

297 2169 402 2210 candi,
419 2179 501 2214 quae
520 2170 559 2204 ad
574 2171 717 2205 redditus
729 2176 757 2204 et
775 2176 948 2214 proventus
962 2172 1039 2214 (non

297 2228 404 2256 tamen
425 2234 603 2267 poenarum
635 2223 882 2267 maleficiorum)
906 2225 946 2258 ad
972 2224 1041 2257 illas

298 2276 541 2320 quomodolibet
572 2282 762 2320 spectantes,
793 2282 820 2309 et
842 2276 917 2321 qui-³
938 2276 968 2309 in
991 2277 1040 2310 su-

336 2393 343 2417 l
364 2390 482 2419 Erronce
498 2391 563 2419 edit.
580 2391 658 2419 Main.
677 2391 743 2426 legit
758 2395 856 2420 tenore
870 2392 908 2427 (u.
922 2398 968 2426 T.,.

332 2435 350 2462 2
370 2435 591 2471 impertinenter,
613 2440 643 2463 ut
664 2437 789 2470 videtur,
810 2437 874 2464 edit.
893 2436 976 2463 Maiu.
999 2426 1042 2462 rzs-

298 2480 366 2515 petit
385 2480 429 2507 liic
448 2488 542 2507 vocem
562 2482 737 2516 pertinentes
751 2486 789 2512 (n.
808 2483 856 2513 τ.).

334 2524 349 2551 3
365 2524 437 2552 Edit.
452 2524 531 2552 ttain.
543 2525 800 2560 etCherub.legunt
811 2533 896 2560 quae,
908 2525 967 2560 sed,
981 2533 1042 2551 meo

299 2569 409 2603 quidem
430 2569 644 2604 iudicio‚contra
665 2570 800 2597 rationem
811 2573 966 2603 contextus,
979 2577 1041 2596 nam

300 2609 434 2644 particula
444 2610 556 2637 relativa
575 2618 630 2637 non
646 2610 680 2638 ad
700 2618 793 2637 causas
814 2611 932 2637 refertur
947 2610 994 2637 sed
1009 2609 1042 2637 ad

302 2653 424 2681 redditus
443 2655 483 2689 (a.
502 2663 526 2682 τ.
545 2676 550 2681 .

1067 347 1219 385 putorum
1234 342 1444 383 redditiones,
1465 342 1559 375 etiam
1573 341 1696 375 ratione
1707 340 1809 374 admi-

1068 395 1267 429 nistrationis
1280 407 1440 437 annonae,
1456 407 1511 429 scu
1526 395 1755 435 abundantiae,
1780 401 1809 428 et

1067 449 1278 492 pecuniarum
1298 460 1334 483 ac
1348 460 1454 483 rerum
1471 450 1556 483 illius.
1573 460 1628 483 seu
1648 449 1692 482 illi
1712 448 1808 482 desti-

1068 508 1215 535 natarum
1237 503 1413 545 civitatum,
1435 509 1593 536 terrarum
1614 508 1641 536 et
1663 503 1808 536 locorum

1069 556 1213 590 eiusdem
1228 557 1335 591 Status
1353 557 1578 597 Ecclesiastiei‚
1595 556 1659 589 sive
1676 556 1716 590 ad
1730 567 1811 600 quo-

1070 620 1284 654 rumcumque
1316 610 1475 643 bonorum
1516 610 1810 644 administrationes

1069 663 1307 707 praedictarum
1335 664 1604 697 communitatum
1632 669 1662 697 et
1681 663 1810 696 univer-

1068 716 1209 760 sitatum,
1220 717 1530 761 quomodocumque
1544 724 1573 751 et
1586 717 1812 761 qualitercum-

1069 781 1131 814 que
1152 770 1312 815 pertinent
1335 777 1364 804 ct
1389 770 1607 815 pertinebunt,
1628 771 1810 804 facultatem

1070 823 1229 863 tribuere·⁷
1252 824 1295 856 ita
1315 829 1349 856 ut
1371 834 1422 857 eas
1444 829 1579 864 tantum,
1601 829 1631 857 et
1652 834 1716 857 non
1734 824 1812 857 alias

1069 886 1191 917 causas,
1210 876 1306 910 iidem
1326 877 1505 910 cardinales
1530 888 1587 921 per
1607 888 1638 910 se
1660 877 1707 911 vel
1733 877 1812 911 alios

1069 929 1328 972 subdelegandos
1349 930 1472 971 audire,
1496 930 1667 972 discutere,
1694 930 1813 964 exami-

1071 993 1158 1024 nare,
1183 983 1333 1027 expedire
1352 989 1379 1017 et
1403 983 1588 1025 terminare,
1613 994 1812 1018 reassumere

1071 1042 1098 1069 et
1127 1046 1263 1070 avocare
1295 1047 1312 1070 a
1341 1037 1600 1081 quibuscumque
1632 1037 1810 1075 iudicibus,

1071 1101 1197 1124 necnon
1218 1091 1330 1124 iisdem
1351 1091 1508 1133 inhibere,
1529 1097 1557 1125 ct
1579 1091 1688 1125 omnia
1704 1097 1735 1125 et
1755 1093 1814 1125 sin-

1071 1144 1144 1185 gula
1164 1144 1194 1177 in
1216 1144 1260 1177 eis
1278 1150 1439 1185 contenta,
1461 1145 1675 1189 omnibusque
1693 1144 1763 1178 aliis
1784 1150 1815 1178 et

1071 1197 1204 1240 singulis
1223 1198 1254 1231 in
1275 1198 1446 1242 praedietis
1460 1198 1700 1232 litterisnostris
1716 1198 1816 1232 sacul-

1072 1251 1190 1284 tatibus
1214 1251 1276 1285 illis
1303 1252 1484 1291 concessis,
1513 1252 1543 1284 in
1573 1251 1756 1295 praemissis
1785 1257 1815 1284 et.

1072 1305 1219 1346 circaea,
1237 1305 1281 1338 uti
1308 1311 1435 1349 possent
1457 1311 1487 1337 ct
1509 1306 1660 1343 valerent,
1684 1316 1720 1338 ac
1740 1315 1814 1349 pos-

1072 1358 1134 1391 sint
1152 1365 1182 1392 et
1202 1360 1338 1393 valeant.

1117 1414 1133 1455 ᾖ
1155 1412 1185 1446 3,
1203 1413 1333 1447 Irritum
1353 1414 1562 1447 decernentes
1575 1420 1606 1447 et
1619 1414 1713 1447 inane
1727 1414 1815 1458 quic«

1072 1467 1150 1510 quid
1170 1477 1261 1501 secus
1282 1478 1378 1511 super
1398 1467 1447 1500 liis
1468 1479 1485 1501 a
1506 1478 1683 1512 quoquam,
1703 1467 1814 1512 quavis

1071 1516 1273 1561 auctoritate,
1290 1521 1430 1555 scienter
1455 1522 1501 1555 vel
1524 1522 1720 1564 ignoranter,
1739 1532 1815 1556 con-

1073 1574 1180 1615 tigerit
1201 1574 1363 1608 attentari.

1117 1630 1133 1669 ξ
1155 1627 1184 1660 si.
1210 1628 1278 1661 Non
1293 1628 1494 1662 obstantibus
1514 1629 1710 1673 praemissis,
1733 1639 1811 1662 uec-

1073 1691 1136 1714 non
1158 1682 1322 1726 quibusvis
1343 1683 1611 1717 contitutionibus
1637 1688 1663 1716 et
1687 1683 1815 1716 ordina-

1074 1734 1214 1769 tionibus
1235 1736 1436 1780 apostolicis,
1461 1736 1660 1780 eaeterisque
1687 1743 1815 1770 contra-

1073 1789 1128 1822 riis
1148 1789 1418 1834 quibuscumque..

1117 1844 1229 1877 Datum
1252 1844 1373 1878 Romae
1400 1845 1485 1888 apud
1506 1850 1652 1877 sanctum
1674 1845 1815 1886 Petrum,

1073 1897 1131 1930 sub
1154 1898 1274 1930 annulo
1295 1897 1465 1931 piscatoris
1494 1897 1545 1931 die
1566 1908 1605 1931 xx
1633 1897 1817 1931 novembris

1074 1961 1194 1991 mecvm,
1218 1951 1425 1995 pontificatus
1450 1951 1550 1985 nostri
1571 1962 1656 1985 anno
1678 1961 1723 1984 iii.

1109 2014 1166 2041 Dat.
1188 2013 1231 2041 die
1251 2013 1285 2041 ⁶20
1305 2014 1461 2042 novembris
1483 2014 1560 2048 1607,
1581 2013 1676 2050 pontis.
1699 2022 1742 2041 an.
1765 2020 1803 2041 tit.

1865 1433 1963 1454 tltausuta
1983 1440 2016 1453 sit-

1829 1460 1890 1483 blata.
1906 1463 1947 1481 cte.

1843 1661 1958 1691 ‘Dei-nfinitus
1967 1666 2014 1681 con-

1830 1694 1948 1709 Thil'lftl'ulll.

1426 2203 1482 2237 XC.

1077 2326 1213 2361 Caveenr
1232 2327 1408 2370 quominus
1425 2327 1632 2360 ecclesiastici
1646 2326 1816 2370 principa-

1121 2384 1170 2413 tus
1190 2380 1405 2414 Calltalom'ae
1419 2385 1446 2414 ct
1464 2382 1636 2413 comitatus
1654 2380 1813 2414 Rossilio-

1120 2433 1172 2466 nis
1192 2438 1221 2467 et
1242 2433 1429 2468 Cerilam'ac
1454 2438 1594 2467 utantur
1617 2433 1817 2466 arcln'busiis

1118 2486 1161 2519 ad
1185 2491 1290 2520 rotam
1315 2487 1524 2530 ηιινιειφιιιιέ,
1546 2497 1659 2530 eosque
1673 2496 1770 2530 penes
1785 2496 1817 2519 se

1118 2539 1286 2573 detineant
1297 2540 1315 2572 ¹.
1783 2538 1786 2542 '

1060 2671 1061 2674 =
1114 2657 1121 2683 l
1147 2656 1182 2684 Ex
1200 2656 1307 2692 Regest.
1325 2656 1350 2684 in
1367 2656 1468 2696 Secret.
1487 2655 1564 2684 Brev.
