2227 3241
73 217 164 245 Amo.
186 215 254 243 1608

274 262 439 297 tenoribus
466 267 497 297 et
524 262 659 306 formis,
693 272 729 296 ac
750 273 823 297 cum
848 262 1013 307 quibusvis

273 315 423 349 clausulis
434 322 465 349 et
482 316 619 349 decretis
638 316 669 349 in
687 316 886 350 eontrarium
906 316 1012 349 forsan

273 369 520 413 quomodolibet
537 369 707 409 concessis,
722 369 908 413 approbatis
923 374 952 401 et
971 359 1031 401 iu-'

273 423 407 457 novatis.
428 423 549 463 Quibus
566 423 728 463 omnibus,
752 423 877 456 etiamsi
895 423 934 456 de
954 422 1014 456 illis

273 486 452 521 eorumque
477 477 550 510 totis
571 477 737 510 tenoribus
757 476 916 520 specialis,
943 487 1015 521 spe-

274 530 366 563 cifica
386 536 416 564 et
441 540 590 574 expressa
608 530 730 563 mentio
750 529 899 563 habenda
920 530 1012 572 toret,

275 589 402 617 tenores
414 583 601 616 huiusmodi
618 594 678 627 pro
695 583 790 627 plene
807 588 838 617 et
857 583 1017 617 sufficien-

275 642 322 670 ter
341 636 497 680 expressis
521 635 696 677 habentes,
719 636 780 670 hac
800 636 867 670 vice
893 639 1017 681 specia-

274 690 347 723 liter
366 695 397 723 et
421 700 569 734 expresse
587 690 792 733 derogamus,
816 691 1017 735 caeterisque

273 743 442 777 contrariis
463 743 735 788 quibuscumque.

317 797 432 830 Datum
452 797 574 831 Romae
594 797 680 841 apud
701 802 847 830 sanctum
870 797 1012 838 Petrum,

274 850 334 883 sub
361 851 482 884 annulo
513 851 696 892 piscatoris,
714 851 766 885 die
794 861 847 884 xiv
878 851 1014 884 ianuarii

275 914 408 946 mecvm,
431 905 637 949 pontificatus
657 905 757 939 nostri
778 916 863 939 anno
885 916 931 939 111.

311 966 369 994 Dat.
391 967 434 994 die
458 968 488 994 tt
509 968 623 995 ianuarii
644 968 722 1003 1608,
743 969 838 1004 pontif.
856 977 899 995 an.
917 975 953 995 ttt.

917 215 1039 240 PAULUS
1063 215 1082 239 V
1103 215 1153 239 Pr.

604 1146 690 1180 XCV.

275 1242 409 1277 Gratiae
426 1248 455 1276 et
474 1244 608 1277 indulta
624 1245 768 1287 fratrum
787 1243 922 1277 Ordinis
941 1253 1017 1276 san-

319 1297 483 1330 ctissimae
503 1297 678 1330 Trinitatis
694 1297 937 1340 Redemptiom‘s
955 1297 1015 1331 Ca-

315 1350 503 1392 ptivorum,
538 1350 581 1383 ad
602 1354 712 1393 partes
744 1350 931 1392 infidelium
957 1360 1017 1393 pro

317 1402 405 1435 dicta
428 1402 648 1446 redemptione
671 1413 704 1435 se
735 1403 1013 1445 transferentium,

317 1456 354 1488 in
376 1456 519 1498 savorem
543 1457 691 1500 ipsorum
716 1457 918 1499 captivorum
946 1467 1017 1489 nec-

318 1518 383 1541 non
397 1509 541 1542 aliorum
555 1509 825 1552 christifidelium
838 1510 937 1542 etiam
951 1519 1017 1542 non

320 1562 524 1606 captivorum
545 1562 593 1595 ibi
612 1563 820 1595 existentium
832 1562 850 1595 ¹.

522 1669 633 1696 Paulus
654 1670 732 1703 Papa
752 1670 788 1702 V,

394 1713 429 1740 ad
450 1715 626 1747 perpetuam
649 1713 694 1741 rei
714 1713 894 1741 memoriam.

103 1818 224 1840 Etordium-
319 1812 361 1845 Ex
386 1810 537 1845 omnibus
553 1810 747 1845 christianae
768 1810 932 1845 eharitatis
952 1811 1018 1845 ossi-

275 1865 350 1907 ciis,
374 1865 492 1910 quibus
524 1871 655 1899 aeterna
682 1865 768 1899 salus
799 1876 858 1909 per
881 1865 1014 1908 gratiam

274 1920 328 1954 Dei
354 1925 573 1963 comparatur,
597 1920 651 1952 illa
670 1919 877 1964 Redemptori
906 1926 1016 1954 nostro

274 1974 346 2007 lesu
371 1973 496 2008 Christo
517 1973 654 2007 maxime
685 1974 814 2018 placere
840 1974 1013 2015 credimus,

274 2037 332 2071 per
356 2038 438 2071 quae
463 2027 605 2066 infelices
625 2027 741 2072 captivi
762 2038 780 2061 a
799 2031 881 2061 terra
899 2027 1015 2071 impio-

274 2091 345 2113 rum
372 2087 402 2114 et
423 2080 539 2114 misera
570 2080 721 2115 servitute
752 2086 952 2121 revocantur,
981 2091 1016 2124 ae

276 2143 388 2167 eorum
413 2134 509 2167 saluti
533 2133 737 2178 prospicitur.

79 2192 262 2239 fratrumffifflffi}
321 2188 337 2229 ξ
354 2187 382 2220 1.
399 2187 696 2231 Supplicationibus
714 2186 811 2229 igitur
825 2186 1016 2220 dilectorum

78 2245 262 2293 girafflaettiisisnnffi
278 2238 419 2273 tiliorum
438 2239 643 2283 superiorum
660 2245 691 2273 ct
704 2240 857 2273 Bernardi
875 2239 914 2273 dc
932 2240 1018 2272 Mon-

88 2300 164 2346 ffie-{e
178 2299 333 2346 “122313321105
353 2293 624 2327 administratoris
648 2293 776 2327 Ordinis
799 2293 1018 2327 sanctissimae

79 2351 168 2398 53⁶3}ssng
179 2351 262 2399 gffiffissj
277 2346 439 2381 Trinitatis
452 2346 695 2391 Redemptionis
709 2346 912 2391 Captivorum
926 2347 1019 2380 nobis

80 2396 262 2453 figgttltffnaigihffi
277 2399 444 2433 humiliter
463 2400 620 2444 porrectis
641 2399 804 2439 inclinati,
833 2399 918 2434 dicto
943 2400 1018 2433 Ber-

96 2458 101 2478 i
125 2438 189 2479 amm
207 2441 262 2480 *suro
278 2454 380 2488 nardo
401 2454 488 2498 (qui,
512 2460 547 2487 ut
571 2454 693 2495 asserit,
722 2455 828 2487 l'orsan
850 2464 923 2487 cum
949 2453 1019 2487 aliis

314 2537 325 2561 ¹
358 2535 446 2562 lluius
474 2534 584 2561 Ordinis
611 2534 812 2562 institutionem
842 2537 867 2562 et
895 2534 1019 2568 regulam

279 2578 338 2606 vide
367 2580 394 2607 in
421 2579 535 2607 Constit.
560 2587 614 2606 xvii
635 2579 786 2607 Iunocentii
812 2579 845 2606 lll
864 2580 1018 2614 OperaMe,

279 2627 352 2651 torn:
367 2630 396 2651 tu
417 2633 478 2659 pag.
501 2625 561 2653 133.

1697 204 1755 237 461
1808 214 1896 240 Aue
1919 214 1988 242 1608

1047 262 1123 296 dicti
1143 262 1271 296 Ordinis
1289 262 1452 306 professis,
1472 262 1677 306 superiorum
1695 272 1788 306 prae·
1803 276 1991 297 conscientian>-

1048 315 1207 349 dictorum
1225 315 1324 355 iussu,
1345 315 1432 349 brevi
1454 315 1485 348 in
1504 315 1642 349 Africam
1661 326 1720 359 pro
1739 325 1788 348 re·
1805 303 1907 323 ⁵⁰¹Ve¹¹³h

1048 369 1209 403 dimendis
1223 369 1356 413 captivis
1374 369 1577 413 profecturus
1590 370 1649 411 est)
1670 375 1699 402 et
1721 368 1790 401 aliis

1048 422 1198 465 professis
1230 423 1269 456 ad
1300 422 1486 456 huiusmodi
1514 433 1630 456 munus
1662 423 1792 456 obeuſtr

1049 475 1126 509 dum
1145 476 1349 519 deputandis,
1368 482 1402 510 ut
1418 476 1596 519 Algcrium,
1613 482 1643 510 et
1661 476 1700 510 ad
1714 476 1792 509 alias

1049 528 1172 562 Africae
1187 534 1217 562 et
1234 528 1413 563 infidelium
1431 536 1538 574 partes
1555 541 1587 564 se
1607 530 1789 570 transferre,

1049 582 1212 616 declinare
1235 593 1272 616 ac
1293 583 1449 625 migrare,
1474 583 1583 627 ibique
1609 582 1792 617 conversari

1050 641 1081 669 et
1109 635 1327 676 commorari,
1364 646 1400 669 ac
1431 636 1463 669 in
1494 637 1614 670 eisdem
1648 636 1792 680 partibus

1050 689 1197 723 omnium
1219 695 1250 722 et
1273 689 1475 732 singulorum
1508 690 1674 734 utriusque
1699 700 1792 724 sexus

1051 742 1309 776 christifidelium
1331 743 1530 787 captivorum
1557 750 1587 777 et
1608 754 1672 777 non
1691 743 1791 788 capti-

1051 806 1173 837 vorum⁷
1196 796 1316 829 ibidem
1338 807 1425 830 nune
1446 803 1476 830 et
1493 808 1551 841 pro
1574 803 1718 841 tempore
1739 798 1793 831 de-

1050 850 1193 892 gentium
1216 856 1246 883 et
1264 851 1547 892 commorantium,
1576 851 1793 885 consessiones

1050 903 1173 944 audire,
1202 903 1354 948 ipsosque
1380 905 1411 937 in
1438 905 1621 948 captivitate
1646 905 1789 948 positos,

1050 968 1086 990 ac
1107 957 1201 990 etiam
1224 956 1342 991 liberos
1362 958 1587 992 christifideles
1606 957 1682 991 inibi
1702 969 1792 991 coiu-

1052 1016 1213 1044 morantes
1244 1011 1444 1055 (dummodo
1477 1017 1583 1045 tamen
1609 1012 1718 1045 animo
1746 1012 1792 1045 in-

1051 1064 1219 1108 frascripta
1240 1065 1389 1099 facultate
1411 1065 1536 1098 fruendi
1552 1066 1590 1099 ad
1605 1071 1710 1109 partes
1724 1066 1793 1099 illas

1051 1128 1114 1151 non
1133 1118 1356 1161 confugerint)
1378 1129 1395 1152 a
1413 1119 1579 1162 quibusvis
1596 1119 1661 1153 suis
1681 1130 1793 1163 pecca-

1052 1171 1112 1209 tis,
1141 1171 1352 1211 criminibus,
1377 1172 1557 1206 excessibus
1583 1178 1613 1207 ct
1643 1172 1789 1212 delictis,

1050 1230 1351 1269 quantumcumque
1368 1226 1518 1268 gravibus
1539 1233 1570 1260 et
1595 1226 1793 1265 enormibus,

1051 1278 1145 1311 etiam
1160 1278 1232 1312 Sedi
1247 1279 1443 1322 apostolieae
1458 1280 1682 1321 reservatis‚ac
1696 1280 1791 1313 etiam

1051 1332 1210 1365 contentis
1224 1332 1254 1365 in
1269 1332 1385 1366 litteris
1394 1332 1444 1366 die
1458 1333 1580 1367 Coenae
1590 1333 1717 1367 Domini
1732 1333 1793 1375 legi

1051 1385 1211 1418 consuetis
1224 1386 1302 1428 (non
1319 1392 1425 1419 tamen
1441 1386 1592 1426 haeresis,
1610 1387 1714 1420 laesae
1728 1398 1795 1419 ma-

1052 1438 1181 1479 iestatis,
1195 1439 1388 1482 apostasiae,
1404 1439 1615 1481 idololatriac,
1630 1440 1791 1479 iudais1ni‚

1052 1501 1110 1523 nec
1126 1492 1297 1525 delationis
1317 1492 1556 1535 prohibitorum
1572 1493 1610 1526 ad
1625 1497 1731 1537 partes
1749 1494 1795 1525 in-

1052 1544 1228 1587 fidelium),
1244 1545 1367 1578 scilicet
1382 1546 1481 1579 semel
1503 1546 1535 1578 in
1549 1556 1633 1579 anno
1652 1546 1794 1589 captivos

1052 1598 1244 1641 praedictos,
1269 1597 1388 1632 liberos
1409 1604 1514 1632 autem
1536 1599 1719 1642 praedictos
1744 1610 1793 1632 se-

1053 1652 1114 1684 mel
1138 1657 1259 1684 tantuin
1286 1651 1316 1684 in
1338 1652 1418 1691 vita,
1446 1662 1572 1685 necnon
1594 1663 1611 1685 a
1630 1652 1794 1696 quibusvis

1052 1705 1405 1747 excommunicationis,
1439 1705 1659 1749 suspensionis
1689 1712 1719 1739 et
1749 1706 1794 1738 in-

1052 1759 1188 1799 terdicti,
1212 1759 1347 1802 aliisque
1368 1759 1592 1793 ecclesiasticis
1613 1760 1791 1799 sententiis,

1051 1812 1194 1846 censuris
1208 1819 1238 1846 et
1254 1813 1377 1856 poenis,
1397 1813 1539 1846 iniuncta
1557 1813 1602 1847 eis
1620 1823 1678 1857 pro
1698 1813 1794 1847 modo

1052 1866 1165 1910 eulpae
1185 1866 1384 1910 poenitentia
1403 1867 1548 1909 satutari,
1571 1867 1601 1900 in
1624 1867 1693 1900 soro
1719 1877 1795 1901 con-

1051 1920 1203 1954 scientiae
1224 1926 1348 1954 tantum
1369 1920 1556 1960 absolvere,

1096 1976 1111 2018 ἓ
1138 1974 1168 2007 ⁹2.
1204 1975 1333 2008 Necnon
1366 1975 1461 2009 etiam
1495 1985 1566 2008 cum
1599 1974 1794 2019 presbyteris
1809 2008 1886 2028 ibidem
1917 2009 1994 2031 dwn-

1052 2028 1194 2072 captivis‚
1211 2039 1308 2072 super
1327 2038 1533 2072 quacumque
1548 2028 1794 2070 irregularitate,
1808 2037 1920 2081 tffiffiffig
1933 2024 1995 2080 {3233

1052 2092 1109 2126 per
1129 2093 1182 2116 eos
1207 2083 1455 2126 quomodolibet
1480 2084 1729 2126 (praeterquam
1756 2092 1793 2114 ex
1809 2070 1993 2140 {ulqssonnssaclffir'ssffle

1052 2135 1227 2169 homicidio
1253 2136 1435 2169 voluntario
1460 2142 1492 2169 et
1523 2136 1687 2178 bigamia)
1718 2134 1794 2168 'con-

1055 2192 1174 2229 tracta‚
1199 2199 1270 2222 cum
1300 2189 1409 2222 liberis
1442 2200 1516 2223 vero
1542 2189 1737 2233 presbyteris
1765 2189 1794 2220 in

1054 2241 1146 2275 dictis
1166 2242 1312 2285 partibus
1330 2242 1618 2283 commorantibus,
1640 2252 1737 2285 super
1756 2241 1797 2273 ir-

1054 2295 1315 2337 regularitatibus
1337 2295 1522 2329 huiusmodi
1548 2306 1606 2339 per
1626 2306 1679 2328 cos
1705 2295 1797 2328 dutu-

1055 2353 1139 2381 taxat
1161 2348 1191 2381 in
1217 2349 1280 2382 illis
1301 2349 1447 2392 pattibus
1468 2349 1640 2382 contractis
1661 2350 1711 2391 (ex
1734 2348 1794 2380 bo-

1054 2401 1184 2434 micidio
1206 2408 1235 2435 et
1262 2402 1421 2444 bigamia,
1446 2407 1480 2435 ut
1505 2402 1695 2445 praefertur,
1723 2411 1798 2444 pro-

1054 2455 1255 2488 venientibus
1287 2455 1408 2499 paritcr
1437 2455 1596 2499 exceptis)
1624 2455 1653 2487 in
1681 2455 1794 2488 codem

1053 2510 1121 2542 soro
1149 2514 1272 2542 tantuin
1299 2509 1504 2553 dispcnsarc3

1098 2564 1115 2604 ἓ
1153 2562 1183 2594 53.
1222 2564 1265 2595 Ac
1300 2562 1441 2606 captivos
1481 2562 1575 2595 etiam
1613 2561 1793 2605 praedictos
1836 2566 1934 2592 Curuios
1950 2571 1992 2586 νυν

1809 2599 1844 2612 ην,
1862 2595 1913 2613 sbti,-
1925 2593 1992 2613 aliud*

1055 2615 1220 2659 utriusque
1238 2626 1329 2649 sexus
1344 2615 1374 2648 in
1393 2614 1512 2649 eisdem
1531 2614 1686 2658 partibus,
1708 2624 1791 2648 nunc
1810 2620 1877 2640 *rud*-

1856 1981 1993 2007 Praxbytems
