2227 3241
227 289 277 316 An.
295 288 322 316 c.
346 288 413 317 1610
459 280 522 314 6220

427 349 482 371 seu
503 343 699 382 praestantes
724 338 755 370 in
781 338 826 371 eis
852 338 1026 379 auxilium,
1056 340 1162 373 consi-

427 392 504 424 lium
527 392 573 424 rel
595 391 746 424 savorem.
791 432 794 433 ⁷

471 445 485 488 g
515 443 561 477 1-2.
590 445 667 477 Item
690 445 1008 480 excommunicamus
1036 452 1065 480 et
1090 457 1165 480 ana-

428 497 670 531 thematizamus
695 509 807 532 omnes
833 499 923 540 illos,
952 500 1025 544 qui,
1047 511 1104 544 per
1131 511 1164 534 se

425 548 471 581 rel
487 559 546 592 per
559 549 648 589 alios,
667 560 819 594 personas
833 551 1061 584 ecclesiasticas
1075 562 1165 596 quas-

425 613 563 646 cumque
580 603 627 636 rel
653 604 832 638 saeculares
850 605 889 638 ad
910 605 1085 638 Romanam
1106 606 1164 638 Cu-

423 655 502 688 riam
524 667 621 701 super
645 668 758 691 eorum
781 659 883 693 causis
904 667 933 692 et
955 660 1098 702 negociis
1116 671 1164 694 re-

422 716 596 752 currentes,
617 722 653 745 ac
674 711 727 745 illa
749 712 777 745 in
801 713 912 746 eadem
932 713 1024 747 Curia
1045 725 1159 758 prose-

420 769 554 806 quentes
575 770 629 797 aut
646 772 865 809 procurantes,
886 767 1162 813 negociorumque

419 822 574 859 gestores,
598 819 780 860 advocatos,
809 826 1046 864 procuratores,
1073 828 1101 855 et
1122 833 1157 855 a-

419 876 540 913 gentes,
569 882 623 905 seu
646 872 740 905 etiam
763 874 947 915 auditores,
971 876 1017 909 vel
1039 875 1161 910 iudices

417 934 515 968 super
528 925 620 959 dictis
638 926 740 961 causis
754 927 801 960 vel
821 929 962 971 negociis
980 930 1159 974 deputatos,

418 977 587 1012 occasione
608 990 775 1013 causarum
798 981 849 1013 nel
872 982 1080 1025 negociorum
1101 983 1156 1017 hu-

419 1030 569 1073 iusmodi,
591 1033 752 1076 occidunt,
771 1045 825 1067 seu
840 1038 1074 1080 quoquomodo
1091 1049 1160 1081 per-

419 1085 554 1127 cutiunt,
583 1085 675 1119 bonis
696 1087 851 1131 spoliant,
876 1099 929 1122 seu
952 1089 1025 1133 qui,
1050 1101 1108 1134 per
1127 1102 1159 1125 se

418 1139 465 1171 vel
492 1150 550 1183 per
569 1139 659 1181 alios,
688 1141 810 1175 directe
834 1143 881 1175 vel
909 1142 1081 1185 indirecte,
1103 1145 1157 1178 de-

418 1191 491 1226 licta
515 1192 701 1227 huiusmodi
723 1196 944 1238 committere,
969 1198 1082 1242 exequi
1111 1199 1156 1232 vel

416 1256 604 1290 procurare,
628 1254 683 1281 aut
704 1248 734 1280 in
757 1248 883 1283 eisdem·
898 1250 1062 1293 auxilium,
1084 1263 1160 1285 con-

417 1299 523 1332 silium
547 1301 592 1333 vel
616 1301 756 1334 savorem
778 1309 940 1346 praestare
962 1315 1025 1337 non
1046 1316 1158 1338 veren-

417 1358 479 1394 tur,
503 1353 735 1399 cuiuscumque
762 1356 1036 1400 praeeminentiae
1060 1365 1087 1392 et
1110 1360 1158 1392 di-

418 1405 547 1448 gnitatis
573 1407 701 1441 suerint.

267 1470 402 1507 appetitores
464 1461 479 1502 ξ
505 1460 556 1493 13.
585 1462 662 1495 ltem
685 1464 1001 1499 excommunicamus
1026 1472 1057 1500 et
1078 1477 1155 1500 ana-

217 1497 665 1550 lulllgmsslilfflthematizamus
694 1527 818 1559 omnes,
844 1525 905 1551 tam
928 1520 1159 1555 ecclesiasticos

218 1550 404 1602 ζ’ξέἕιὲὶιῡιεῖᾞᾚ
420 1579 515 1612 quam
548 1570 727 1604 saeculares
756 1571 988 1616 cuiuscumque.
1014 1573 1155 1617 dignita-

218 1603 295 1624 laicam
311 1606 403 1629 potesta·
435 1621 440 1626 .
537 1623 542 1628 .
848 1625 854 1631 .

420 1627 469 1663 tis,
489 1633 543 1666 qui
570 1629 790 1667 praetexentes
817 1625 961 1658 srlvolam
984 1629 1156 1670 quamdam

418 1676 666 1720 appellationem
694 1689 712 1711 a
739 1679 946 1721 gravamine,
977 1681 1024 1713 vel
1052 1681 1157 1715 sutura

417 1731 631 1774 exequutione
665 1731 844 1765 litterarum
881 1734 1129 1777 apostolicarum
1147 1763 1153 1776 ,

416 1780 510 1814 etiam
526 1781 556 1814 in
573 1782 675 1815 forma
694 1783 811 1824 Brevis,
830 1790 893 1816 tam
908 1784 1043 1827 gratiam
1059 1797 1154 1830 quam

415 1834 567 1868 iustitiam
584 1837 866 1877 concernentium,
883 1848 941 1871 nec
957 1849 1020 1871 non
1034 1839 1157 1872 citatio-

413 1898 502 1929 num,
527 1889 768 1930 inhibitionum,
789 1897 1042 1935 sequestrorum,
1057 1893 1157 1926 moni-

413 1942 592 1982 toriorum,
623 1954 832 1988 processuum
864 1946 1154 1989 exequutorialium

413 2002 441 2029 ct
461 1996 597 2030 aliorum
621 1997 823 2031 decretorum
844 2026 850 2039 ,
875 2009 892 2032 a
913 1999 1005 2032 nobis
1027 2005 1055 2032 et
1074 2000 1156 2034 Sede

413 2049 589 2093 praedicta,
610 2061 664 2083 seu
683 2051 805 2094 legatis,
826 2053 951 2086 nunciis
969 2054 1155 2097 praesiden-

415 2103 518 2145 tibus,
543 2104 654 2137 Palatii
676 2105 776 2138 nostri
798 2111 829 2139 et
848 2106 1000 2140 Gamerae
1021 2108 1154 2152 Aposto

414 2155 493 2191 li'cae
513 2158 726 2199 auditoribus,
751 2159 992 2201 commissariis,
1021 2161 1155 2206 aliisque

414 2211 597 2252 iudicibus,
627 2218 658 2246 et
682 2213 836 2256 delegatis
861 2214 1045 2258 apostolicis
1066 2226 1153 2249 ema-

413 2271 584 2306 natorum,
609 2271 639 2298 et
659 2277 741 2310 quae
771 2277 830 2310 pro
856 2273 999 2312 tempore
1026 2279 1155 2302 emana-

413 2318 527 2359 verint,
549 2325 602 2352 aut
623 2319 711 2361 alias,
735 2320 775 2353 ad
801 2320 906 2354 curias
927 2322 1107 2355 saeculares
1125 2328 1155 2354 et

413 2371 527 2405 laicam
549 2377 741 2416 potestatem
770 2379 959 2415 recurrunt,
984 2381 1014 2408 et
1039 2375 1078 2408 ab
1104 2377 1150 2416 ea,

413 2425 549 2460 instante
575 2426 670 2460 etiam
700 2427 766 2460 fisci
792 2434 1002 2471 procuratore
1024 2430 1070 2461 vel
1098 2430 1153 2462 ad-

412 2485 535 2520 vocato,
556 2480 787 2523 appellationes
807 2481 991 2515 huiusmodi
1014 2482 1150 2523 admitti,

413 2541 449 2565 ac
470 2532 611 2573 litteras,
641 2533 824 2574 citationes,
849 2534 1078 2576 inhibitiones,
1106 2546 1154 2568 se-

414 2591 554 2628 questra,
576 2587 758 2627 monitoria,
776 2592 807 2619 et
824 2587 884 2620 alia
902 2588 1065 2631 praedicta
1084 2588 1152 2632 capi

254 458 282 478 Ad
296 458 410 478 Romanam

227 490 306 504 curtam
324 490 360 510 [ΙΓΟ
376 491 411 504 1113-

227 517 239 535 g
249 513 289 529 ιῐικ
314 512 356 530 sui<
379 517 410 530 rc·

226 540 335 557 currente<
344 543 380 562 per
389 543 410 556 se

227 564 258 583 vel
268 564 409 588 puratmstae-

225 590 281 610 dunt.

217 1631 265 1650 Rem.

999 290 1183 316 BULLARIUM
1207 290 1361 316 ROMANUM

1950 294 1998 321 An.
2016 294 2044 322 C.
2067 291 2162 324 1610*

1200 339 1247 372 vel
1264 339 1420 380 examine,
1441 340 1646 384 exequutioni
1665 341 1863 384 demandari,
1883 348 1938 376 aut

1199 403 1237 426 ne
1257 392 1445 427 tabelliones
1459 398 1491 426 et
1506 393 1621 427 notarii
1640 404 1735 438 super
1752 394 1936 430 huiusmodi

1200 445 1377 479 litterarum
1415 452 1443 480 et
1481 457 1689 491 processuum
1723 448 1936 492 exequutione

1199 499 1411 534 instrumenta
1431 501 1479 534 vel
1505 508 1575 534 acta
1595 498 1766 543 conficere,
1790 507 1845 534 aut
1862 512 1938 535 con-

1199 553 1291 594 fecta,
1313 554 1406 598 parti,
1436 555 1526 588 cuius
1550 554 1703 596 interest,
1732 555 1858 589 tradere
1883 555 1937 589 de-

1198 608 1304 649 beant,
1323 608 1504 652 impediunt
1517 609 1563 643 rel
1581 609 1766 654 prohibent,
1787 620 1824 643 ac
1841 609 1935 644 etiam

1198 666 1321 705 partes,
1344 672 1399 695 seu
1421 672 1532 695 eorum
1560 668 1709 705 agentes,
1739 663 1933 706 consangui-

1197 725 1283 757 neos,
1310 715 1439 756 affines,
1464 716 1655 758 familiares,
1683 716 1842 758 notarios,
1866 726 1937 750 exe-

1196 774 1371 812 quutores,
1404 775 1433 803 et
1470 770 1721 814 subsequutores
1756 770 1934 804 litterarum

1195 821 1404 864 citationum,
1438 823 1708 864 monitoriorum‚
1736 828 1766 857 et
1798 823 1934 857 aliorum

1195 875 1433 918 praedictorum
1460 876 1609 920 capiunt,
1634 877 1841 921 percutiunt,
1869 877 1937 910 vul-

1194 934 1318 969 nerant,
1346 935 1534 971 cameram,
1559 930 1719 971 detinent,
1744 941 1780 963 ex
1802 930 1936 963 civitati-

1193 981 1262 1022 bus,
1286 982 1364 1016 locis
1385 988 1413 1016 et
1436 984 1541 1026 regnis
1573 983 1722 1022 eiiciunt,
1745 983 1839 1017 bonis
1863 994 1936 1028 spo-

1194 1035 1281 1076 liant,
1298 1037 1575 1080 perterrefaciunt,
1592 1037 1777 1071 concutiunt
1804 1043 1833 1071 et
1852 1047 1936 1071 com-

1194 1088 1374 1129 minantur,
1399 1101 1456 1133 per
1475 1101 1524 1131 se,
1547 1090 1596 1123 vel
1621 1090 1736 1131 alium,
1764 1101 1820 1124 seu
1841 1091 1932 1131 alios,

1194 1142 1321 1186 publice
1342 1143 1389 1176 vel
1415 1144 1558 1185 occulte,
1585 1144 1678 1188 quive
1703 1144 1780 1178 alias
1801 1144 1934 1188 quibus-

1194 1207 1332 1240 cumque
1346 1197 1503 1241 personis,
1521 1197 1552 1230 in
1571 1208 1687 1240 genere
1703 1198 1752 1231 vel
1769 1197 1797 1230 in
1817 1197 1934 1242 specie,

1194 1260 1232 1283 ne
1258 1261 1316 1294 pro
1338 1251 1502 1294 quibusvis
1520 1261 1630 1284 eorum
1657 1251 1799 1294 negociis
1823 1261 1935 1295 prose-

1193 1304 1329 1348 quendis
1346 1315 1400 1338 seu
1419 1304 1528 1347 gratiis
1553 1305 1600 1338 vel
1625 1305 1738 1338 litteris
1759 1305 1934 1349 impetran-

1194 1357 1241 1390 dis
1262 1358 1301 1391 ad
1322 1357 1499 1391 itomanam
1526 1358 1651 1392 Curiam
1677 1359 1850 1401 accedant,
1880 1364 1934 1392 aut

1194 1421 1359 1444 recursum
1385 1411 1536 1456 habeant,
1560 1422 1615 1445 seu
1641 1412 1760 1455 gratias
1784 1411 1868 1456 ipsas
1886 1412 1934 1446 vel

1183 1465 1314 1499 litteras
1334 1476 1351 1498 a
1376 1465 1459 1498 dicta
1485 1465 1566 1500 Sede
1590 1465 1774 1510 impetrent,
1799 1476 1854 1500 seu
1875 1466 1934 1499 im-

1194 1519 1323 1562 petratis
1355 1514 1508 1559 utantur,
1538 1519 1657 1553 directe
1682 1520 1729 1553 vel
1755 1519 1930 1562 indirecte,

1194 1571 1384 1615 probibere,
1413 1577 1574 1613 statuere,
1605 1583 1660 1605 seu
1686 1573 1857 1612 mandare,
1885 1573 1933 1606 vel

1194 1635 1245 1659 eas
1266 1625 1350 1668 apud
1376 1635 1419 1663 se,
1448 1631 1503 1658 aut
1523 1625 1679 1666 notarios,
1703 1636 1759 1659 seu
1780 1625 1930 1660 tabellio-

1192 1689 1259 1720 nes,
1276 1679 1323 1712 xel
1342 1679 1418 1712 alias
1432 1679 1677 1723 quomodolibet
1695 1679 1833 1714 retinere
1845 1691 1934 1725 prae-

1192 1737 1334 1765 sumunt.

1237 1787 1253 1827 ἕ
1277 1785 1329 1818 14.
1355 1785 1431 1818 ltem
1463 1786 1778 1820 excommunicamus
1803 1791 1834 1820 et
1857 1797 1932 1821 ana·
1981 1795 2132 1817 Execunonem

1946 1822 2123 1849 litterarumapos
2164 1830 2172 1845 ξ
2207 1834 2209 1846 «,

1193 1838 1435 1872 thematizamus
1453 1849 1564 1873 omnes
1578 1845 1609 1873 et
1620 1839 1775 1883 singulos,
1791 1840 1858 1885 qui,
1874 1851 1932 1885 per
1947 1849 2057 1870 tottcarum
2095 1834 2132 1870 aul

1945 1875 2034 1896 aliarum
2046 1875 2133 1902 expedi·
2168 1880 2171 1881 ⁷
2207 1876 2209 1878 ’

1191 1904 1235 1929 se,
1260 1893 1305 1926 vet
1328 1893 1418 1934 alios,
1442 1894 1633 1928 auctoritate
1657 1895 1788 1939 propria
1803 1922 1810 1936 ‚
1835 1905 1871 1928 ac
1892 1895 1930 1928 de
1946 1902 2131 1955 gizzfflotgffffi

1192 1947 1283 1987 facto,
1307 1957 1588 1992 quarumcumque
1618 1949 1857 1992 exemptionum
1882 1949 1930 1982 vel
1946 1955 2073 2008 ggntgrsaggg
2091 1956 2132 2003 ἓξὲξ

1191 2000 1327 2034 aliarum
1358 2001 1533 2043 gratiarum
1573 2007 1602 2034 et
1635 2001 1814 2036 litterarum
1847 2012 1928 2047 apo·
1947 2008 2130 2057 33ffi³¹²⁶²⁸³⁰⁰⁰'

1190 2054 1377 2088 stolicarum
1400 2060 1578 2098 praetextu,
1602 2055 1807 2089 beneficiales
1827 2061 1858 2090 et
1878 2056 1932 2090 de·
2002 2052 2006 2057 ’

1191 2108 1347 2141 cimarum
1381 2119 1417 2141 ac
1445 2108 1522 2142 alias
1554 2118 1665 2142 causas
1693 2108 1876 2152 spirituales
1901 2115 1932 2143 et

1190 2161 1411 2205 spiritualibus
1444 2171 1582 2195 annexas
1608 2162 1647 2195 ab
1675 2161 1877 2196 auditoribus
1901 2167 1932 2195 et

1190 2215 1417 2248 commissariis
1448 2215 1575 2256 nostris,
1604 2215 1738 2259 aliisque
1772 2214 1941 2249 iudicibus

1191 2269 1424 2310 ecclesiasticis,
1449 2275 1594 2309 avocant,
1615 2270 1781 2303 illarumve
1802 2279 1929 2303 cursum

1190 2327 1220 2355 et
1240 2322 1457 2363 audientiam,
1481 2333 1517 2356 ac
1544 2333 1697 2366 personas
1712 2350 1719 2364 ,
1741 2328 1927 2363 conventus,

1190 2375 1344 2418 collegia,
1367 2386 1477 2409 causas
1503 2375 1587 2420 ipsas
1611 2375 1762 2420 prosequi
1788 2376 1929 2409 volentes

1191 2429 1387 2473 impediunt,
1408 2440 1444 2463 ac
1473 2440 1505 2462 se
1531 2430 1569 2463 de
1590 2429 1716 2463 illarum
1746 2429 1928 2472 cognitione

1191 2488 1354 2527 tamquam
1374 2474 1496 2516 iudices
1510 2482 1729 2526 interponunt.
1747 2481 1847 2523 Quive
1860 2492 1930 2526 par-

1190 2541 1235 2569 tes
1255 2536 1400 2577 actrices,
1420 2546 1502 2580 quae
1520 2536 1590 2569 illas
1608 2535 1763 2569 committi
1784 2535 1928 2568 fecerunt

1190 2595 1219 2622 ct
1252 2589 1391 2629 faciunt,
1420 2590 1459 2622 ad
1485 2589 1700 2623 revocandum
1729 2594 1761 2622 et
1784 2588 1928 2622 revocari

414 2644 445 2671 et
461 2639 590 2672 retineri
612 2640 748 2678 faciunt:
769 2641 863 2684 quive
882 2641 935 2674 illa
952 2641 1150 2684 simpliciter,
1190 2642 1372 2675 faciendum
1392 2642 1558 2676 citationes
1575 2642 1625 2675 vel
1647 2641 1855 2675 inhibitiones
1874 2648 1928 2675 aut

414 2691 461 2724 vel
482 2693 549 2726 sine
571 2703 680 2727 eorum
712 2694 914 2738 beneplacito
940 2701 968 2727 et
996 2705 1152 2729 consensu
1189 2695 1266 2729 alias
1291 2696 1410 2729 litteras
1437 2695 1466 2728 in
1493 2696 1537 2728 eis
1563 2695 1724 2738 decretas,
1755 2701 1784 2729 et
1809 2696 1848 2729 ad
1875 2695 1924 2729 fa-
