<?xml version="1.0" encoding="UTF-8"?>
<!DOCTYPE html PUBLIC "-//W3C//DTD XHTML 1.0 Transitional//EN"
    "http://www.w3.org/TR/xhtml1/DTD/xhtml1-transitional.dtd">
<html xmlns="http://www.w3.org/1999/xhtml" xml:lang="en" lang="en">
 <head>
  <title>
</title>
<meta http-equiv="Content-Type" content="text/html;charset=utf-8" />
  <meta name='ocr-system' content='tesseract 3.04.00' />
  <meta name='ocr-capabilities' content='ocr_page ocr_carea ocr_par ocr_line ocrx_word'/>
</head>
<body>
  <div class='ocr_page' id='page_1' title='image "./bullarumdiplomat11cath_0650.png"; bbox 0 0 2227 3241; ppageno 0'>
   <div class='ocr_carea' id='block_1_1' title="bbox 221 267 922 361">
    <p class='ocr_par' dir='ltr' id='par_1_1' title="bbox 221 267 922 361">
     <span class='ocr_line' id='line_1_1' title="bbox 221 267 510 304; baseline -0.003 -3"><span class='ocrx_word' id='word_1_1' title='bbox 221 275 270 302; x_wconf 73' lang='lat' dir='ltr'><strong>An.</strong></span> <span class='ocrx_word' id='word_1_2' title='bbox 286 275 316 303; x_wconf 83' lang='lat' dir='ltr'><strong>c.</strong></span> <span class='ocrx_word' id='word_1_3' title='bbox 335 275 401 304; x_wconf 79' lang='lat'>1609</span> <span class='ocrx_word' id='word_1_4' title='bbox 447 267 510 301; x_wconf 69' lang='lat'><strong>612</strong></span> 
     </span>
     <span class='ocr_line' id='line_1_2' title="bbox 655 326 922 361; baseline 0.004 -8"><span class='ocrx_word' id='word_1_5' title='bbox 655 326 764 353; x_wconf 84' lang='lat' dir='ltr'><strong>Paulus</strong></span> <span class='ocrx_word' id='word_1_6' title='bbox 786 327 864 361; x_wconf 84' lang='lat' dir='ltr'><strong>Papa</strong></span> <span class='ocrx_word' id='word_1_7' title='bbox 884 328 922 360; x_wconf 91' lang='lat' dir='ltr'><strong>V,</strong></span> 
     </span>
    </p>
   </div>
   <div class='ocr_carea' id='block_1_2' title="bbox 208 379 1156 1707">
    <p class='ocr_par' dir='ltr' id='par_1_2' title="bbox 541 379 1035 414">
     <span class='ocr_line' id='line_1_3' title="bbox 541 379 1035 414; baseline 0.004 -8"><span class='ocrx_word' id='word_1_8' title='bbox 541 379 576 406; x_wconf 89' lang='lat' dir='ltr'><strong>ad</strong></span> <span class='ocrx_word' id='word_1_9' title='bbox 597 382 770 414; x_wconf 81' lang='lat' dir='ltr'><strong>perpetuam</strong></span> <span class='ocrx_word' id='word_1_10' title='bbox 790 380 835 407; x_wconf 85' lang='lat' dir='ltr'><strong>rei</strong></span> <span class='ocrx_word' id='word_1_11' title='bbox 854 381 1035 408; x_wconf 79' lang='lat' dir='ltr'><strong>memoriam.</strong></span> 
     </span>
    </p>

    <p class='ocr_par' dir='ltr' id='par_1_3' title="bbox 246 432 1156 692">
     <span class='ocr_line' id='line_1_4' title="bbox 463 432 1156 477; baseline 0.004 -13"><span class='ocrx_word' id='word_1_12' title='bbox 463 432 503 464; x_wconf 80' lang='lat' dir='ltr'><strong>Ex</strong></span> <span class='ocrx_word' id='word_1_13' title='bbox 530 432 639 466; x_wconf 90' lang='lat' dir='ltr'><strong>debito</strong></span> <span class='ocrx_word' id='word_1_14' title='bbox 671 434 840 477; x_wconf 83' lang='lat' dir='ltr'><strong>pastoralis</strong></span> <span class='ocrx_word' id='word_1_15' title='bbox 871 434 967 468; x_wconf 80' lang='lat' dir='ltr'><strong>oflicii</strong></span> <span class='ocrx_word' id='word_1_16' title='bbox 999 434 1091 468; x_wconf 86' lang='lat' dir='ltr'><strong>nobis</strong></span> <span class='ocrx_word' id='word_1_17' title='bbox 1122 445 1156 468; x_wconf 89' lang='lat' dir='ltr'><strong>ex</strong></span> 
     </span>
     <span class='ocr_line' id='line_1_5' title="bbox 246 500 363 520; baseline 0 0"><span class='ocrx_word' id='word_1_18' title='bbox 246 500 363 520; x_wconf 61' lang='lat' dir='ltr'><strong>Exnrdium.</strong></span> 
     </span>
     <span class='ocr_line' id='line_1_6' title="bbox 418 538 1154 584; baseline 0.005 -14"><span class='ocrx_word' id='word_1_19' title='bbox 418 538 474 570; x_wconf 90' lang='lat' dir='ltr'><strong>niti</strong></span> <span class='ocrx_word' id='word_1_20' title='bbox 502 539 603 579; x_wconf 87' lang='lat' dir='ltr'><strong>decet,</strong></span> <span class='ocrx_word' id='word_1_21' title='bbox 629 545 662 572; x_wconf 90' lang='lat' dir='ltr'><strong>ut</strong></span> <span class='ocrx_word' id='word_1_22' title='bbox 687 540 718 572; x_wconf 87' lang='lat' dir='ltr'><strong>in</strong></span> <span class='ocrx_word' id='word_1_23' title='bbox 746 540 895 574; x_wconf 84' lang='lat' dir='ltr'><strong>domibus</strong></span> <span class='ocrx_word' id='word_1_24' title='bbox 920 541 1154 584; x_wconf 79' lang='lat' dir='ltr'><strong>Religiosorum</strong></span> 
     </span>
     <span class='ocr_line' id='line_1_7' title="bbox 412 591 1156 638; baseline 0.007 -15"><span class='ocrx_word' id='word_1_25' title='bbox 412 591 495 624; x_wconf 82' lang='lat' dir='ltr'><strong>‚tales</strong></span> <span class='ocrx_word' id='word_1_26' title='bbox 521 591 577 624; x_wconf 88' lang='lat' dir='ltr'><strong>viri</strong></span> <span class='ocrx_word' id='word_1_27' title='bbox 609 593 648 625; x_wconf 89' lang='lat' dir='ltr'><strong>ad</strong></span> <span class='ocrx_word' id='word_1_28' title='bbox 675 593 781 626; x_wconf 79' lang='lat' dir='ltr'><strong>officia</strong></span> <span class='ocrx_word' id='word_1_29' title='bbox 809 599 839 626; x_wconf 91' lang='lat' dir='ltr'><strong>et</strong></span> <span class='ocrx_word' id='word_1_30' title='bbox 869 604 1003 628; x_wconf 89' lang='lat' dir='ltr'><strong>munera</strong></span> <span class='ocrx_word' id='word_1_31' title='bbox 1027 594 1156 638; x_wconf 88' lang='lat' dir='ltr'><strong>publica</strong></span> 
     </span>
     <span class='ocr_line' id='line_1_8' title="bbox 417 643 1156 692; baseline 0.008 -17"><span class='ocrx_word' id='word_1_32' title='bbox 417 643 587 686; x_wconf 74' lang='lat' dir='ltr'><strong>eligantur,</strong></span> <span class='ocrx_word' id='word_1_33' title='bbox 612 655 647 678; x_wconf 88' lang='lat' dir='ltr'><strong>ex</strong></span> <span class='ocrx_word' id='word_1_34' title='bbox 666 656 804 689; x_wconf 83' lang='lat' dir='ltr'><strong>quorum</strong></span> <span class='ocrx_word' id='word_1_35' title='bbox 827 649 924 691; x_wconf 77' lang='lat' dir='ltr'><strong>opera</strong></span> <span class='ocrx_word' id='word_1_36' title='bbox 940 647 1026 692; x_wconf 86' lang='lat' dir='ltr'><strong>ipsae</strong></span> <span class='ocrx_word' id='word_1_37' title='bbox 1041 648 1156 682; x_wconf 89' lang='lat' dir='ltr'><strong>domus</strong></span> 
     </span>
    </p>

    <p class='ocr_par' dir='ltr' id='par_1_4' title="bbox 214 697 1154 1495">
     <span class='ocr_line' id='line_1_9' title="bbox 417 697 943 743; baseline 0.01 -14"><span class='ocrx_word' id='word_1_38' title='bbox 417 697 521 730; x_wconf 81' lang='lat' dir='ltr'><strong>felicia</strong></span> <span class='ocrx_word' id='word_1_39' title='bbox 541 698 715 743; x_wconf 77' lang='lat' dir='ltr'>suscipiant</span> <span class='ocrx_word' id='word_1_40' title='bbox 736 699 943 734; x_wconf 87' lang='lat' dir='ltr'><strong>incrementa.</strong></span> 
     </span>
     <span class='ocr_line' id='line_1_10' title="bbox 460 750 1154 792; baseline 0.01 -10"><span class='ocrx_word' id='word_1_41' title='bbox 460 751 476 792; x_wconf 66' lang='grc' dir='ltr'>Ξ</span> <span class='ocrx_word' id='word_1_42' title='bbox 509 750 547 789; x_wconf 60' lang='lat' dir='ltr'><strong>l„</strong></span> <span class='ocrx_word' id='word_1_43' title='bbox 575 751 651 785; x_wconf 92' lang='lat' dir='ltr'><strong>Cum</strong></span> <span class='ocrx_word' id='word_1_44' title='bbox 678 752 755 785; x_wconf 76' lang='lat' dir='ltr'><strong>alias</strong></span> <span class='ocrx_word' id='word_1_45' title='bbox 788 753 887 787; x_wconf 87' lang='lat' dir='ltr'><strong>felicis</strong></span> <span class='ocrx_word' id='word_1_46' title='bbox 922 755 1154 790; x_wconf 87' lang='lat' dir='ltr'><strong>recordationis</strong></span> 
     </span>
     <span class='ocr_line' id='line_1_11' title="bbox 217 802 1150 850; baseline 0.012 -19"><span class='ocrx_word' id='word_1_47' title='bbox 217 844 219 847; x_wconf 22' lang='grc' dir='ltr'><strong><em>ι</em></strong></span> <span class='ocrx_word' id='word_1_48' title='bbox 242 817 399 849; x_wconf 48' lang='lat' dir='ltr'><strong>cumensy&#39;ssl</strong></span> <span class='ocrx_word' id='word_1_49' title='bbox 415 802 562 837; x_wconf 75' lang='lat' dir='ltr'><strong>Clemens</strong></span> <span class='ocrx_word' id='word_1_50' title='bbox 589 805 675 849; x_wconf 89' lang='lat' dir='ltr'><strong>Papa</strong></span> <span class='ocrx_word' id='word_1_51' title='bbox 688 806 764 847; x_wconf 88' lang='lat' dir='ltr'>VIII,</span> <span class='ocrx_word' id='word_1_52' title='bbox 782 807 1010 850; x_wconf 86' lang='lat' dir='ltr'><strong>praedecessor</strong></span> <span class='ocrx_word' id='word_1_53' title='bbox 1031 814 1150 850; x_wconf 83' lang='lat' dir='ltr'><strong>noster,</strong></span> 
     </span>
     <span class='ocr_line' id='line_1_12' title="bbox 215 844 1151 906; baseline 0.006 -16"><span class='ocrx_word' id='word_1_54' title='bbox 215 844 400 900; x_wconf 53' lang='lat' dir='ltr'><strong>{2¹}2¹,?},2,2¹{}†5{¹ssss3</strong></span> <span class='ocrx_word' id='word_1_55' title='bbox 417 866 452 889; x_wconf 84' lang='lat' dir='ltr'><strong>ex</strong></span> <span class='ocrx_word' id='word_1_56' title='bbox 479 857 572 891; x_wconf 86' lang='lat' dir='ltr'><strong>certis</strong></span> <span class='ocrx_word' id='word_1_57' title='bbox 598 859 700 892; x_wconf 83' lang='lat' dir='ltr'><strong>causis</strong></span> <span class='ocrx_word' id='word_1_58' title='bbox 718 860 884 902; x_wconf 84' lang='lat' dir='ltr'><strong>adductus,</strong></span> <span class='ocrx_word' id='word_1_59' title='bbox 908 872 1004 894; x_wconf 87' lang='lat' dir='ltr'><strong>unam</strong></span> <span class='ocrx_word' id='word_1_60' title='bbox 1026 863 1151 906; x_wconf 88' lang='lat' dir='ltr'><strong>provin·</strong></span> 
     </span>
     <span class='ocr_line' id='line_1_13' title="bbox 214 899 1153 956; baseline 0.007 -13"><span class='ocrx_word' id='word_1_61' title='bbox 214 899 319 949; x_wconf 52' lang='lat' dir='ltr'><strong>ilissiffi&#39;ii</strong></span> <span class='ocrx_word' id='word_1_62' title='bbox 339 899 399 918; x_wconf 50' lang='lat'>*¹³¹⁰</span> <span class='ocrx_word' id='word_1_63' title='bbox 417 910 497 943; x_wconf 85' lang='lat' dir='ltr'><strong>ciam</strong></span> <span class='ocrx_word' id='word_1_64' title='bbox 531 921 587 945; x_wconf 90' lang='lat' dir='ltr'><strong>seu</strong></span> <span class='ocrx_word' id='word_1_65' title='bbox 615 912 903 956; x_wconf 74' lang='lat' dir='ltr'><strong>Congregationem</strong></span> <span class='ocrx_word' id='word_1_66' title='bbox 932 916 1064 949; x_wconf 75' lang='lat' dir='ltr'><strong>fratrum</strong></span> <span class='ocrx_word' id='word_1_67' title='bbox 1086 916 1153 950; x_wconf 88' lang='lat' dir='ltr'><strong>Dis-</strong></span> 
     </span>
     <span class='ocr_line' id='line_1_14' title="bbox 415 965 1148 1002; baseline 0.008 -5"><span class='ocrx_word' id='word_1_68' title='bbox 415 965 628 998; x_wconf 87' lang='lat' dir='ltr'><strong>calceatorum</strong></span> <span class='ocrx_word' id='word_1_69' title='bbox 647 965 776 1000; x_wconf 90' lang='lat' dir='ltr'><strong>Ordinis</strong></span> <span class='ocrx_word' id='word_1_70' title='bbox 801 968 1019 1002; x_wconf 75' lang='lat' dir='ltr'><strong>sanctissimae</strong></span> <span class='ocrx_word' id='word_1_71' title='bbox 1043 969 1148 1002; x_wconf 91' lang='lat' dir='ltr'><strong>Trini-</strong></span> 
     </span>
     <span class='ocr_line' id='line_1_15' title="bbox 414 1017 1151 1067; baseline 0.007 -16"><span class='ocrx_word' id='word_1_72' title='bbox 414 1017 485 1051; x_wconf 89' lang='lat' dir='ltr'><strong>tatis</strong></span> <span class='ocrx_word' id='word_1_73' title='bbox 511 1024 541 1052; x_wconf 88' lang='lat' dir='ltr'><strong>et</strong></span> <span class='ocrx_word' id='word_1_74' title='bbox 565 1019 807 1063; x_wconf 76' lang='lat' dir='ltr'><strong>Redemptionis</strong></span> <span class='ocrx_word' id='word_1_75' title='bbox 839 1022 1063 1066; x_wconf 83' lang='lat' dir='ltr'><strong>captivorum,</strong></span> <span class='ocrx_word' id='word_1_76' title='bbox 1096 1023 1151 1067; x_wconf 91' lang='lat' dir='ltr'><strong>qui</strong></span> 
     </span>
     <span class='ocr_line' id='line_1_16' title="bbox 371 1068 1151 1115; baseline 0.01 -13"><span class='ocrx_word' id='word_1_77' title='bbox 371 1068 373 1071; x_wconf 69' lang='grc'>’</span> <span class='ocrx_word' id='word_1_78' title='bbox 412 1070 606 1114; x_wconf 71' lang='lat' dir='ltr'><strong>primitivam</strong></span> <span class='ocrx_word' id='word_1_79' title='bbox 630 1073 772 1115; x_wconf 76' lang='lat' dir='ltr'><strong>regulam</strong></span> <span class='ocrx_word' id='word_1_80' title='bbox 795 1074 870 1108; x_wconf 87' lang='lat' dir='ltr'><strong>dicti</strong></span> <span class='ocrx_word' id='word_1_81' title='bbox 896 1074 1021 1109; x_wconf 78' lang='lat' dir='ltr'><strong>Ordinis</strong></span> <span class='ocrx_word' id='word_1_82' title='bbox 1042 1076 1151 1110; x_wconf 86' lang='lat' dir='ltr'><strong>obser-</strong></span> 
     </span>
     <span class='ocr_line' id='line_1_17' title="bbox 412 1125 1151 1175; baseline 0.009 -18"><span class='ocrx_word' id='word_1_83' title='bbox 412 1131 532 1167; x_wconf 72' lang='lat' dir='ltr'><strong>varent,</strong></span> <span class='ocrx_word' id='word_1_84' title='bbox 554 1125 584 1158; x_wconf 93' lang='lat' dir='ltr'><strong>in</strong></span> <span class='ocrx_word' id='word_1_85' title='bbox 606 1127 713 1169; x_wconf 78' lang='lat' dir='ltr'><strong>regnis</strong></span> <span class='ocrx_word' id='word_1_86' title='bbox 738 1127 962 1172; x_wconf 80' lang='lat' dir='ltr'><strong>Hispaniarum</strong></span> <span class='ocrx_word' id='word_1_87' title='bbox 986 1129 1015 1162; x_wconf 91' lang='lat' dir='ltr'><strong>in</strong></span> <span class='ocrx_word' id='word_1_88' title='bbox 1036 1141 1151 1175; x_wconf 90' lang='lat' dir='ltr'><strong>perpe-</strong></span> 
     </span>
     <span class='ocr_line' id='line_1_18' title="bbox 413 1180 1150 1227; baseline 0.009 -17"><span class='ocrx_word' id='word_1_89' title='bbox 413 1183 502 1211; x_wconf 89' lang='lat' dir='ltr'><strong>tuum</strong></span> <span class='ocrx_word' id='word_1_90' title='bbox 525 1184 614 1213; x_wconf 90' lang='lat' dir='ltr'><strong>motu</strong></span> <span class='ocrx_word' id='word_1_91' title='bbox 632 1180 765 1224; x_wconf 90' lang='lat' dir='ltr'><strong>proprio</strong></span> <span class='ocrx_word' id='word_1_92' title='bbox 779 1181 927 1223; x_wconf 79' lang='lat' dir='ltr'><strong>erexerit,</strong></span> <span class='ocrx_word' id='word_1_93' title='bbox 952 1193 1088 1227; x_wconf 82' lang='lat' dir='ltr'><strong>eamque</strong></span> <span class='ocrx_word' id='word_1_94' title='bbox 1105 1184 1150 1218; x_wconf 89' lang='lat' dir='ltr'><strong>sic</strong></span> 
     </span>
     <span class='ocr_line' id='line_1_19' title="bbox 411 1233 1150 1279; baseline 0.009 -15"><span class='ocrx_word' id='word_1_95' title='bbox 411 1237 550 1265; x_wconf 83' lang='lat' dir='ltr'><strong>erectam</strong></span> <span class='ocrx_word' id='word_1_96' title='bbox 573 1233 612 1266; x_wconf 86' lang='lat' dir='ltr'><strong>ab</strong></span> <span class='ocrx_word' id='word_1_97' title='bbox 638 1234 707 1267; x_wconf 90' lang='lat' dir='ltr'><strong>aliis</strong></span> <span class='ocrx_word' id='word_1_98' title='bbox 728 1234 901 1278; x_wconf 81' lang='lat' dir='ltr'><strong>provinciis</strong></span> <span class='ocrx_word' id='word_1_99' title='bbox 919 1236 1072 1279; x_wconf 85' lang='lat' dir='ltr'><strong>praedicti</strong></span> <span class='ocrx_word' id='word_1_100' title='bbox 1094 1237 1150 1271; x_wconf 91' lang='lat' dir='ltr'><strong>Or-</strong></span> 
     </span>
     <span class='ocr_line' id='line_1_20' title="bbox 410 1285 1146 1334; baseline 0.012 -17"><span class='ocrx_word' id='word_1_101' title='bbox 410 1285 493 1318; x_wconf 87' lang='lat' dir='ltr'><strong>dinis</strong></span> <span class='ocrx_word' id='word_1_102' title='bbox 525 1286 729 1320; x_wconf 87' lang='lat' dir='ltr'><strong>modificatae</strong></span> <span class='ocrx_word' id='word_1_103' title='bbox 759 1289 890 1331; x_wconf 76' lang='lat' dir='ltr'><strong>regulae</strong></span> <span class='ocrx_word' id='word_1_104' title='bbox 914 1296 1071 1334; x_wconf 87' lang='lat' dir='ltr'><strong>perpetuo</strong></span> <span class='ocrx_word' id='word_1_105' title='bbox 1095 1302 1146 1325; x_wconf 89' lang='lat' dir='ltr'><strong>se-</strong></span> 
     </span>
     <span class='ocr_line' id='line_1_21' title="bbox 410 1338 1147 1388; baseline 0.009 -17"><span class='ocrx_word' id='word_1_106' title='bbox 410 1338 570 1381; x_wconf 82' lang='lat' dir='ltr'><strong>iunxerit‚</strong></span> <span class='ocrx_word' id='word_1_107' title='bbox 590 1347 686 1384; x_wconf 88' lang='lat' dir='ltr'><strong>prout</strong></span> <span class='ocrx_word' id='word_1_108' title='bbox 712 1341 743 1374; x_wconf 91' lang='lat' dir='ltr'><strong>in</strong></span> <span class='ocrx_word' id='word_1_109' title='bbox 769 1342 880 1376; x_wconf 89' lang='lat' dir='ltr'><strong>litteris</strong></span> <span class='ocrx_word' id='word_1_110' title='bbox 907 1343 982 1377; x_wconf 84' lang='lat' dir='ltr'><strong>dicti</strong></span> <span class='ocrx_word' id='word_1_111' title='bbox 1009 1345 1147 1388; x_wconf 81' lang='lat' dir='ltr'><strong>praede-</strong></span> 
     </span>
     <span class='ocr_line' id='line_1_22' title="bbox 410 1392 1150 1440; baseline 0.007 -15"><span class='ocrx_word' id='word_1_112' title='bbox 410 1392 549 1426; x_wconf 88' lang='lat' dir='ltr'><strong>dessoris</strong></span> <span class='ocrx_word' id='word_1_113' title='bbox 575 1393 605 1426; x_wconf 91' lang='lat' dir='ltr'><strong>in</strong></span> <span class='ocrx_word' id='word_1_114' title='bbox 631 1394 732 1427; x_wconf 71' lang='lat' dir='ltr'><strong>forma</strong></span> <span class='ocrx_word' id='word_1_115' title='bbox 758 1395 864 1429; x_wconf 83' lang='lat' dir='ltr'><strong>Brevis</strong></span> <span class='ocrx_word' id='word_1_116' title='bbox 882 1396 933 1429; x_wconf 88' lang='lat' dir='ltr'><strong>die</strong></span> <span class='ocrx_word' id='word_1_117' title='bbox 953 1407 992 1430; x_wconf 85' lang='lat' dir='ltr'><strong>xx</strong></span> <span class='ocrx_word' id='word_1_118' title='bbox 1013 1398 1150 1440; x_wconf 79' lang='lat' dir='ltr'><strong>augusti,</strong></span> 
     </span>
     <span class='ocr_line' id='line_1_23' title="bbox 409 1446 1148 1495; baseline 0.009 -17"><span class='ocrx_word' id='word_1_119' title='bbox 409 1446 613 1489; x_wconf 79' lang='lat' dir='ltr'><strong>pontificatus</strong></span> <span class='ocrx_word' id='word_1_120' title='bbox 633 1448 681 1481; x_wconf 91' lang='lat' dir='ltr'><strong>sui</strong></span> <span class='ocrx_word' id='word_1_121' title='bbox 706 1459 790 1482; x_wconf 90' lang='lat' dir='ltr'><strong>anno</strong></span> <span class='ocrx_word' id='word_1_122' title='bbox 811 1459 878 1490; x_wconf 75' lang='lat' dir='ltr'><strong>vm,</strong></span> <span class='ocrx_word' id='word_1_123' title='bbox 909 1450 1060 1484; x_wconf 77' lang='lat' dir='ltr'><strong>confectis</strong></span> <span class='ocrx_word' id='word_1_124' title='bbox 1080 1452 1148 1495; x_wconf 90' lang='lat' dir='ltr'><strong>ple-</strong></span> 
     </span>
    </p>

    <p class='ocr_par' dir='ltr' id='par_1_5' title="bbox 408 1499 713 1544">
     <span class='ocr_line' id='line_1_24' title="bbox 408 1499 713 1544; baseline 0.013 -12"><span class='ocrx_word' id='word_1_125' title='bbox 408 1499 480 1533; x_wconf 87' lang='lat' dir='ltr'><strong>nius</strong></span> <span class='ocrx_word' id='word_1_126' title='bbox 500 1501 713 1544; x_wconf 81' lang='lat' dir='ltr'><strong>continetur¹;</strong></span> 
     </span>
    </p>

    <p class='ocr_par' dir='ltr' id='par_1_6' title="bbox 208 1554 1149 1707">
     <span class='ocr_line' id='line_1_25' title="bbox 452 1554 1146 1601; baseline 0.006 -14"><span class='ocrx_word' id='word_1_127' title='bbox 452 1554 524 1597; x_wconf 55' lang='lat'><strong>§.2</strong></span> <span class='ocrx_word' id='word_1_128' title='bbox 553 1555 626 1597; x_wconf 78' lang='lat' dir='ltr'><strong>Nos,</strong></span> <span class='ocrx_word' id='word_1_129' title='bbox 655 1562 690 1589; x_wconf 91' lang='lat' dir='ltr'><strong>ut</strong></span> <span class='ocrx_word' id='word_1_130' title='bbox 718 1556 802 1590; x_wconf 84' lang='lat' dir='ltr'><strong>dicta</strong></span> <span class='ocrx_word' id='word_1_131' title='bbox 830 1557 1040 1601; x_wconf 75' lang='lat' dir='ltr'><strong>Congregatio</strong></span> <span class='ocrx_word' id='word_1_132' title='bbox 1074 1559 1146 1592; x_wconf 81' lang='lat' dir='ltr'><strong>seli-</strong></span> 
     </span>
     <span class='ocr_line' id='line_1_26' title="bbox 219 1607 1149 1656; baseline 0.01 -19"><span class='ocrx_word' id='word_1_133' title='bbox 219 1617 390 1651; x_wconf 54' lang='lat' dir='ltr'><strong>nicmmiorqn.</strong></span> <span class='ocrx_word' id='word_1_134' title='bbox 408 1607 548 1641; x_wconf 88' lang='lat' dir='ltr'><strong>cioribus</strong></span> <span class='ocrx_word' id='word_1_135' title='bbox 585 1609 616 1642; x_wconf 92' lang='lat' dir='ltr'><strong>in</strong></span> <span class='ocrx_word' id='word_1_136' title='bbox 649 1610 716 1643; x_wconf 90' lang='lat' dir='ltr'><strong>dies</strong></span> <span class='ocrx_word' id='word_1_137' title='bbox 744 1617 899 1653; x_wconf 81' lang='lat' dir='ltr'><strong>angeatur</strong></span> <span class='ocrx_word' id='word_1_138' title='bbox 926 1613 1149 1656; x_wconf 81' lang='lat' dir='ltr'><strong>progressibus</strong></span> 
     </span>
     <span class='ocr_line' id='line_1_27' title="bbox 208 1645 1149 1707; baseline 0.011 -17"><span class='ocrx_word' id='word_1_139' title='bbox 208 1645 393 1699; x_wconf 53' lang='lat' dir='ltr'><strong>limeitfsr‘swfss&#39;g&#39;issssl</strong></span> <span class='ocrx_word' id='word_1_140' title='bbox 408 1662 593 1705; x_wconf 87' lang='lat' dir='ltr'><strong>prospicere</strong></span> <span class='ocrx_word' id='word_1_141' title='bbox 619 1663 794 1707; x_wconf 87' lang='lat' dir='ltr'><strong>cupientes,</strong></span> <span class='ocrx_word' id='word_1_142' title='bbox 818 1676 854 1697; x_wconf 80' lang='lat' dir='ltr'><strong>ae</strong></span> <span class='ocrx_word' id='word_1_143' title='bbox 880 1666 1008 1699; x_wconf 88' lang='lat' dir='ltr'><strong>eosdem</strong></span> <span class='ocrx_word' id='word_1_144' title='bbox 1035 1667 1149 1700; x_wconf 87' lang='lat' dir='ltr'><strong>fratres</strong></span> 
     </span>
    </p>
   </div>
   <div class='ocr_carea' id='block_1_3' title="bbox 207 1701 1149 1830">
    <p class='ocr_par' dir='ltr' id='par_1_7' title="bbox 207 1701 1149 1830">
     <span class='ocr_line' id='line_1_28' title="bbox 208 1701 1148 1770; baseline 0.011 -26"><span class='ocrx_word' id='word_1_145' title='bbox 208 1701 395 1770; x_wconf 38' lang='lat' dir='ltr'><strong>{iqifflggiifflffi</strong></span> <span class='ocrx_word' id='word_1_146' title='bbox 410 1714 621 1749; x_wconf 83' lang='lat' dir='ltr'><strong>Discalceatos</strong></span> <span class='ocrx_word' id='word_1_147' title='bbox 640 1717 903 1760; x_wconf 77' lang='lat' dir='ltr'><strong>Congregationis</strong></span> <span class='ocrx_word' id='word_1_148' title='bbox 926 1719 1110 1753; x_wconf 85' lang='lat' dir='ltr'><strong>huiusmodi</strong></span> <span class='ocrx_word' id='word_1_149' title='bbox 1132 1731 1148 1754; x_wconf 89' lang='lat' dir='ltr'><strong>a</strong></span> 
     </span>
     <span class='ocr_line' id='line_1_29' title="bbox 207 1752 1149 1830; baseline 0.011 -33"><span class='ocrx_word' id='word_1_150' title='bbox 207 1752 394 1830; x_wconf 43' lang='grc' dir='ltr'><strong>ἑυῗιοὲιιὲἒὶζίἾῘ-Ξὲῖἔ</strong></span> <span class='ocrx_word' id='word_1_151' title='bbox 410 1768 575 1811; x_wconf 87' lang='lat' dir='ltr'><strong>quibusvis</strong></span> <span class='ocrx_word' id='word_1_152' title='bbox 601 1771 954 1812; x_wconf 77' lang='lat' dir='ltr'><strong>excommunicationis,</strong></span> <span class='ocrx_word' id='word_1_153' title='bbox 975 1778 1048 1815; x_wconf 69' lang='lat' dir='ltr'><strong>etc,</strong></span> <span class='ocrx_word' id='word_1_154' title='bbox 1068 1784 1149 1807; x_wconf 88' lang='lat' dir='ltr'><strong>cen-</strong></span> 
     </span>
    </p>
   </div>
   <div class='ocr_carea' id='block_1_4' title="bbox 205 1824 1150 2665">
    <p class='ocr_par' dir='ltr' id='par_1_8' title="bbox 205 1824 1150 2665">
     <span class='ocr_line' id='line_1_30' title="bbox 205 1824 1149 1883; baseline 0.011 -32"><span class='ocrx_word' id='word_1_155' title='bbox 205 1830 394 1883; x_wconf 44' lang='lat' dir='ltr'><strong>{litlsslnillllfissss</strong></span> <span class='ocrx_word' id='word_1_156' title='bbox 410 1827 526 1863; x_wconf 81' lang='lat' dir='ltr'><strong>sentes,</strong></span> <span class='ocrx_word' id='word_1_157' title='bbox 550 1833 676 1856; x_wconf 88' lang='lat' dir='ltr'><strong>necnon</strong></span> <span class='ocrx_word' id='word_1_158' title='bbox 708 1824 888 1858; x_wconf 86' lang='lat' dir='ltr'><strong>litterarum</strong></span> <span class='ocrx_word' id='word_1_159' title='bbox 916 1826 990 1859; x_wconf 87' lang='lat' dir='ltr'><strong>dicti</strong></span> <span class='ocrx_word' id='word_1_160' title='bbox 1016 1828 1149 1870; x_wconf 88' lang='lat' dir='ltr'><strong>praede-</strong></span> 
     </span>
     <span class='ocr_line' id='line_1_31' title="bbox 205 1876 1150 1921; baseline 0.012 -18"><span class='ocrx_word' id='word_1_161' title='bbox 205 1889 218 1904; x_wconf 72' lang='lat' dir='ltr'><strong>a</strong></span> <span class='ocrx_word' id='word_1_162' title='bbox 234 1884 358 1914; x_wconf 46' lang='lat' dir='ltr'><strong>memmii</strong></span> <span class='ocrx_word' id='word_1_163' title='bbox 376 1876 395 1906; x_wconf 65' lang='lat' dir='ltr'><strong>ol</strong></span> <span class='ocrx_word' id='word_1_164' title='bbox 410 1876 555 1917; x_wconf 84' lang='lat' dir='ltr'><strong>cessoris,</strong></span> <span class='ocrx_word' id='word_1_165' title='bbox 576 1877 710 1921; x_wconf 86' lang='lat' dir='ltr'><strong>perinde</strong></span> <span class='ocrx_word' id='word_1_166' title='bbox 738 1889 774 1911; x_wconf 90' lang='lat' dir='ltr'><strong>ae</strong></span> <span class='ocrx_word' id='word_1_167' title='bbox 800 1878 824 1911; x_wconf 89' lang='lat' dir='ltr'><strong>si</strong></span> <span class='ocrx_word' id='word_1_168' title='bbox 843 1879 882 1912; x_wconf 89' lang='lat' dir='ltr'><strong>de</strong></span> <span class='ocrx_word' id='word_1_169' title='bbox 900 1880 996 1913; x_wconf 88' lang='lat' dir='ltr'><strong>verbo</strong></span> <span class='ocrx_word' id='word_1_170' title='bbox 1021 1881 1060 1914; x_wconf 89' lang='lat' dir='ltr'><strong>ad</strong></span> <span class='ocrx_word' id='word_1_171' title='bbox 1081 1892 1150 1914; x_wconf 88' lang='lat' dir='ltr'><strong>ver-</strong></span> 
     </span>
     <span class='ocr_line' id='line_1_32' title="bbox 205 1910 1145 1978; baseline 0.012 -21"><span class='ocrx_word' id='word_1_172' title='bbox 205 1910 395 1962; x_wconf 47' lang='lat' dir='ltr'><strong>21⁹si3iigifbuse¹²¹</strong></span> <span class='ocrx_word' id='word_1_173' title='bbox 410 1927 487 1961; x_wconf 90' lang='lat' dir='ltr'><strong>bum</strong></span> <span class='ocrx_word' id='word_1_174' title='bbox 512 1929 741 1972; x_wconf 84' lang='lat' dir='ltr'><strong>insererentur,</strong></span> <span class='ocrx_word' id='word_1_175' title='bbox 764 1933 987 1975; x_wconf 87' lang='lat' dir='ltr'><strong>praesentibus</strong></span> <span class='ocrx_word' id='word_1_176' title='bbox 1011 1944 1070 1978; x_wconf 89' lang='lat' dir='ltr'><strong>pro</strong></span> <span class='ocrx_word' id='word_1_177' title='bbox 1091 1946 1145 1968; x_wconf 88' lang='lat' dir='ltr'><strong>ex-</strong></span> 
     </span>
     <span class='ocr_line' id='line_1_33' title="bbox 409 1982 1148 2029; baseline 0.009 -14"><span class='ocrx_word' id='word_1_178' title='bbox 409 1982 526 2025; x_wconf 84' lang='lat' dir='ltr'><strong>pressis</strong></span> <span class='ocrx_word' id='word_1_179' title='bbox 547 1983 711 2025; x_wconf 86' lang='lat' dir='ltr'><strong>habentes,</strong></span> <span class='ocrx_word' id='word_1_180' title='bbox 735 1985 1024 2029; x_wconf 82' lang='lat' dir='ltr'><strong>supplicationibus</strong></span> <span class='ocrx_word' id='word_1_181' title='bbox 1045 1988 1148 2022; x_wconf 86' lang='lat' dir='ltr'><strong>dietae</strong></span> 
     </span>
     <span class='ocr_line' id='line_1_34' title="bbox 409 2036 1149 2084; baseline 0.009 -16"><span class='ocrx_word' id='word_1_182' title='bbox 409 2036 672 2079; x_wconf 76' lang='lat' dir='ltr'><strong>congregationis</strong></span> <span class='ocrx_word' id='word_1_183' title='bbox 689 2039 782 2072; x_wconf 86' lang='lat' dir='ltr'><strong>nobis</strong></span> <span class='ocrx_word' id='word_1_184' title='bbox 802 2039 861 2073; x_wconf 90' lang='lat' dir='ltr'><strong>hac</strong></span> <span class='ocrx_word' id='word_1_185' title='bbox 881 2040 913 2073; x_wconf 89' lang='lat' dir='ltr'><strong>in</strong></span> <span class='ocrx_word' id='word_1_186' title='bbox 933 2047 1023 2084; x_wconf 88' lang='lat' dir='ltr'><strong>parte</strong></span> <span class='ocrx_word' id='word_1_187' title='bbox 1043 2041 1149 2075; x_wconf 88' lang='lat' dir='ltr'><strong>humi-</strong></span> 
     </span>
     <span class='ocr_line' id='line_1_35' title="bbox 409 2087 1148 2132; baseline 0.011 -13"><span class='ocrx_word' id='word_1_188' title='bbox 409 2087 482 2120; x_wconf 85' lang='lat' dir='ltr'><strong>liter</strong></span> <span class='ocrx_word' id='word_1_189' title='bbox 502 2089 658 2132; x_wconf 83' lang='lat' dir='ltr'><strong>porrectis</strong></span> <span class='ocrx_word' id='word_1_190' title='bbox 683 2089 838 2131; x_wconf 87' lang='lat' dir='ltr'><strong>inclinati,</strong></span> <span class='ocrx_word' id='word_1_191' title='bbox 859 2102 897 2125; x_wconf 89' lang='lat' dir='ltr'><strong>ex</strong></span> <span class='ocrx_word' id='word_1_192' title='bbox 919 2092 1052 2126; x_wconf 78' lang='lat' dir='ltr'><strong>seientia</strong></span> <span class='ocrx_word' id='word_1_193' title='bbox 1070 2094 1148 2127; x_wconf 92' lang='lat' dir='ltr'><strong>dile-</strong></span> 
     </span>
     <span class='ocr_line' id='line_1_36' title="bbox 409 2141 1146 2180; baseline 0.011 -8"><span class='ocrx_word' id='word_1_194' title='bbox 409 2145 533 2173; x_wconf 86' lang='lat' dir='ltr'><strong>ctorum</strong></span> <span class='ocrx_word' id='word_1_195' title='bbox 552 2141 693 2175; x_wconf 87' lang='lat' dir='ltr'><strong>filiorum</strong></span> <span class='ocrx_word' id='word_1_196' title='bbox 715 2149 900 2177; x_wconf 87' lang='lat' dir='ltr'><strong>nostrorum</strong></span> <span class='ocrx_word' id='word_1_197' title='bbox 927 2144 1047 2179; x_wconf 86' lang='lat' dir='ltr'><strong>Octavii</strong></span> <span class='ocrx_word' id='word_1_198' title='bbox 1065 2146 1146 2180; x_wconf 88' lang='lat' dir='ltr'><strong>tituli</strong></span> 
     </span>
     <span class='ocr_line' id='line_1_37' title="bbox 408 2194 1148 2232; baseline 0.009 -7"><span class='ocrx_word' id='word_1_199' title='bbox 408 2199 535 2227; x_wconf 84' lang='lat' dir='ltr'><strong>sanctae</strong></span> <span class='ocrx_word' id='word_1_200' title='bbox 555 2194 691 2229; x_wconf 84' lang='lat' dir='ltr'><strong>Sabinae</strong></span> <span class='ocrx_word' id='word_1_201' title='bbox 711 2196 845 2230; x_wconf 86' lang='lat' dir='ltr'><strong>Bandini</strong></span> <span class='ocrx_word' id='word_1_202' title='bbox 873 2203 904 2231; x_wconf 87' lang='lat' dir='ltr'><strong>et</strong></span> <span class='ocrx_word' id='word_1_203' title='bbox 928 2198 1055 2232; x_wconf 88' lang='lat' dir='ltr'><strong>Ioannis</strong></span> <span class='ocrx_word' id='word_1_204' title='bbox 1072 2199 1148 2232; x_wconf 88' lang='lat' dir='ltr'><strong>Gar-</strong></span> 
     </span>
     <span class='ocr_line' id='line_1_38' title="bbox 407 2246 1147 2289; baseline 0.008 -10"><span class='ocrx_word' id='word_1_205' title='bbox 407 2246 473 2280; x_wconf 87' lang='lat' dir='ltr'><strong>siae</strong></span> <span class='ocrx_word' id='word_1_206' title='bbox 501 2247 582 2280; x_wconf 91' lang='lat' dir='ltr'><strong>tituli</strong></span> <span class='ocrx_word' id='word_1_207' title='bbox 607 2253 791 2282; x_wconf 87' lang='lat' dir='ltr'><strong>sanctorum</strong></span> <span class='ocrx_word' id='word_1_208' title='bbox 811 2250 954 2289; x_wconf 89' lang='lat' dir='ltr'><strong>Quatuor</strong></span> <span class='ocrx_word' id='word_1_209' title='bbox 973 2251 1147 2285; x_wconf 87' lang='lat' dir='ltr'><strong>Coronato-</strong></span> 
     </span>
     <span class='ocr_line' id='line_1_39' title="bbox 408 2301 1145 2346; baseline 0.008 -15"><span class='ocrx_word' id='word_1_210' title='bbox 408 2310 478 2332; x_wconf 91' lang='lat' dir='ltr'><strong>rum</strong></span> <span class='ocrx_word' id='word_1_211' title='bbox 500 2301 763 2346; x_wconf 81' lang='lat' dir='ltr'><strong>presbyterorum</strong></span> <span class='ocrx_word' id='word_1_212' title='bbox 789 2303 1002 2337; x_wconf 80' lang='lat' dir='ltr'><strong>cardinalium</strong></span> <span class='ocrx_word' id='word_1_213' title='bbox 1035 2305 1145 2338; x_wconf 90' lang='lat' dir='ltr'><strong>Millini</strong></span> 
     </span>
     <span class='ocr_line' id='line_1_40' title="bbox 407 2356 1144 2401; baseline 0.007 -15"><span class='ocrx_word' id='word_1_214' title='bbox 407 2359 690 2397; x_wconf 89' lang='lat' dir='ltr'><strong>nuncupatorum,</strong></span> <span class='ocrx_word' id='word_1_215' title='bbox 725 2356 843 2399; x_wconf 87' lang='lat' dir='ltr'><strong>quibus</strong></span> <span class='ocrx_word' id='word_1_216' title='bbox 878 2357 940 2390; x_wconf 87' lang='lat' dir='ltr'><strong>hoc</strong></span> <span class='ocrx_word' id='word_1_217' title='bbox 975 2358 1144 2401; x_wconf 80' lang='lat' dir='ltr'><strong>negocium</strong></span> 
     </span>
     <span class='ocr_line' id='line_1_41' title="bbox 407 2408 1147 2445; baseline 0.008 -6"><span class='ocrx_word' id='word_1_218' title='bbox 407 2412 533 2440; x_wconf 87' lang='lat' dir='ltr'><strong>mature</strong></span> <span class='ocrx_word' id='word_1_219' title='bbox 559 2408 808 2442; x_wconf 86' lang='lat' dir='ltr'><strong>examinandum</strong></span> <span class='ocrx_word' id='word_1_220' title='bbox 835 2415 866 2443; x_wconf 87' lang='lat' dir='ltr'><strong>et</strong></span> <span class='ocrx_word' id='word_1_221' title='bbox 890 2410 983 2444; x_wconf 89' lang='lat' dir='ltr'><strong>nobis</strong></span> <span class='ocrx_word' id='word_1_222' title='bbox 1008 2411 1147 2445; x_wconf 82' lang='lat' dir='ltr'><strong>referen-</strong></span> 
     </span>
     <span class='ocr_line' id='line_1_42' title="bbox 406 2460 1147 2508; baseline 0.008 -17"><span class='ocrx_word' id='word_1_223' title='bbox 406 2460 543 2493; x_wconf 90' lang='lat' dir='ltr'><strong>rendum</strong></span> <span class='ocrx_word' id='word_1_224' title='bbox 565 2461 785 2496; x_wconf 88' lang='lat' dir='ltr'><strong>commisimus</strong></span> <span class='ocrx_word' id='word_1_225' title='bbox 799 2490 806 2503; x_wconf 89' lang='lat'><strong>,</strong></span> <span class='ocrx_word' id='word_1_226' title='bbox 828 2463 942 2496; x_wconf 83' lang='lat' dir='ltr'><strong>harum</strong></span> <span class='ocrx_word' id='word_1_227' title='bbox 968 2464 1049 2497; x_wconf 90' lang='lat' dir='ltr'><strong>serie</strong></span> <span class='ocrx_word' id='word_1_228' title='bbox 1074 2475 1147 2508; x_wconf 89' lang='lat' dir='ltr'><strong>per-</strong></span> 
     </span>
     <span class='ocr_line' id='line_1_43' title="bbox 405 2515 1145 2561; baseline 0.007 -15"><span class='ocrx_word' id='word_1_229' title='bbox 405 2519 503 2557; x_wconf 89' lang='lat' dir='ltr'><strong>petuo</strong></span> <span class='ocrx_word' id='word_1_230' title='bbox 523 2515 693 2549; x_wconf 84' lang='lat' dir='ltr'><strong>statuimus</strong></span> <span class='ocrx_word' id='word_1_231' title='bbox 721 2521 751 2549; x_wconf 91' lang='lat' dir='ltr'><strong>et</strong></span> <span class='ocrx_word' id='word_1_232' title='bbox 771 2517 958 2550; x_wconf 82' lang='lat' dir='ltr'><strong>ordinamus</strong></span> <span class='ocrx_word' id='word_1_233' title='bbox 973 2544 980 2558; x_wconf 91' lang='lat'><em>‚</em></span> <span class='ocrx_word' id='word_1_234' title='bbox 1001 2518 1087 2561; x_wconf 88' lang='lat' dir='ltr'><strong>quod</strong></span> <span class='ocrx_word' id='word_1_235' title='bbox 1114 2518 1145 2551; x_wconf 88' lang='lat' dir='ltr'><strong>in</strong></span> 
     </span>
     <span class='ocr_line' id='line_1_44' title="bbox 406 2566 1145 2613; baseline 0.007 -15"><span class='ocrx_word' id='word_1_236' title='bbox 406 2566 550 2600; x_wconf 80' lang='lat' dir='ltr'><strong>futurum</strong></span> <span class='ocrx_word' id='word_1_237' title='bbox 576 2569 739 2612; x_wconf 88' lang='lat' dir='ltr'><strong>perpetuis</strong></span> <span class='ocrx_word' id='word_1_238' title='bbox 763 2569 876 2603; x_wconf 87' lang='lat' dir='ltr'><strong>suturis</strong></span> <span class='ocrx_word' id='word_1_239' title='bbox 897 2570 1095 2613; x_wconf 85' lang='lat' dir='ltr'><strong>temporibus</strong></span> <span class='ocrx_word' id='word_1_240' title='bbox 1114 2570 1145 2603; x_wconf 91' lang='lat' dir='ltr'><strong>in</strong></span> 
     </span>
     <span class='ocr_line' id='line_1_45' title="bbox 405 2618 1144 2665; baseline 0.007 -13"><span class='ocrx_word' id='word_1_241' title='bbox 405 2618 464 2653; x_wconf 89' lang='lat' dir='ltr'><strong>hac</strong></span> <span class='ocrx_word' id='word_1_242' title='bbox 480 2620 734 2665; x_wconf 79' lang='lat' dir='ltr'><strong>Congregatione</strong></span> <span class='ocrx_word' id='word_1_243' title='bbox 752 2622 888 2656; x_wconf 91' lang='lat' dir='ltr'><strong>ministri</strong></span> <span class='ocrx_word' id='word_1_244' title='bbox 903 2633 920 2656; x_wconf 87' lang='lat' dir='ltr'><strong>a</strong></span> <span class='ocrx_word' id='word_1_245' title='bbox 933 2623 1144 2657; x_wconf 83' lang='lat' dir='ltr'><strong>conventibus</strong></span> 
     </span>
    </p>
   </div>
   <div class='ocr_carea' id='block_1_5' title="bbox 441 2682 1144 2721">
    <p class='ocr_par' dir='ltr' id='par_1_9' title="bbox 441 2682 1144 2721">
     <span class='ocr_line' id='line_1_46' title="bbox 441 2682 1144 2721; baseline 0.006 -13"><span class='ocrx_word' id='word_1_246' title='bbox 441 2685 450 2708; x_wconf 50' lang='lat' dir='ltr'><strong>*t</strong></span> <span class='ocrx_word' id='word_1_247' title='bbox 471 2682 546 2718; x_wconf 80' lang='lat' dir='ltr'><strong>Ipsae</strong></span> <span class='ocrx_word' id='word_1_248' title='bbox 560 2685 682 2712; x_wconf 79' lang='lat' dir='ltr'><strong>santiam</strong></span> <span class='ocrx_word' id='word_1_249' title='bbox 692 2685 735 2713; x_wconf 87' lang='lat' dir='ltr'><strong>cit.</strong></span> <span class='ocrx_word' id='word_1_250' title='bbox 749 2685 775 2713; x_wconf 89' lang='lat' dir='ltr'><strong>in</strong></span> <span class='ocrx_word' id='word_1_251' title='bbox 790 2689 855 2714; x_wconf 83' lang='lat' dir='ltr'><strong>nota</strong></span> <span class='ocrx_word' id='word_1_252' title='bbox 869 2685 901 2714; x_wconf 84' lang='lat' dir='ltr'><strong>ad</strong></span> <span class='ocrx_word' id='word_1_253' title='bbox 912 2685 1049 2713; x_wconf 85' lang='lat' dir='ltr'><strong>rubricam</strong></span> <span class='ocrx_word' id='word_1_254' title='bbox 1061 2686 1144 2721; x_wconf 57' lang='lat' dir='ltr'><strong>(nm).</strong></span> 
     </span>
    </p>
   </div>
   <div class='ocr_carea' id='block_1_6' title="bbox 999 278 1357 305">
    <p class='ocr_par' dir='ltr' id='par_1_10' title="bbox 999 278 1357 305">
     <span class='ocr_line' id='line_1_47' title="bbox 999 278 1357 305; baseline 0.006 -2"><span class='ocrx_word' id='word_1_255' title='bbox 999 278 1183 304; x_wconf 71' lang='lat' dir='ltr'>BULLARIUM</span> <span class='ocrx_word' id='word_1_256' title='bbox 1203 278 1357 305; x_wconf 74' lang='lat' dir='ltr'>ROMANUM</span> 
     </span>
    </p>
   </div>
   <div class='ocr_carea' id='block_1_7' title="bbox 1163 865 1171 2007">
    <p class='ocr_par' dir='ltr' id='par_1_11' title="bbox 1163 865 1171 2007">
     <span class='ocr_line' id='line_1_48' title="bbox 1163 865 1171 2007; baseline 0 0"><span class='ocrx_word' id='word_1_257' title='bbox 1163 865 1171 2007; x_wconf 95' lang='lat' dir='ltr'><strong> </strong></span> 
     </span>
    </p>
   </div>
   <div class='ocr_carea' id='block_1_8' title="bbox 1191 327 1928 479">
    <p class='ocr_par' dir='ltr' id='par_1_12' title="bbox 1191 327 1928 479">
     <span class='ocr_line' id='line_1_49' title="bbox 1192 327 1927 372; baseline 0.008 -12"><span class='ocrx_word' id='word_1_258' title='bbox 1192 327 1334 362; x_wconf 88' lang='lat' dir='ltr'><strong>eiusdem</strong></span> <span class='ocrx_word' id='word_1_259' title='bbox 1362 328 1500 372; x_wconf 89' lang='lat' dir='ltr'><strong>amplius</strong></span> <span class='ocrx_word' id='word_1_260' title='bbox 1519 338 1585 362; x_wconf 90' lang='lat' dir='ltr'><strong>non</strong></span> <span class='ocrx_word' id='word_1_261' title='bbox 1605 329 1764 372; x_wconf 80' lang='lat' dir='ltr'><strong>eligantur</strong></span> <span class='ocrx_word' id='word_1_262' title='bbox 1777 358 1785 370; x_wconf 86' lang='lat'><em>‚</em></span> <span class='ocrx_word' id='word_1_263' title='bbox 1805 331 1860 365; x_wconf 89' lang='lat' dir='ltr'><strong>sed</strong></span> <span class='ocrx_word' id='word_1_264' title='bbox 1888 332 1927 365; x_wconf 85' lang='lat' dir='ltr'><strong>de</strong></span> 
     </span>
     <span class='ocr_line' id='line_1_50' title="bbox 1193 380 1928 427; baseline 0.005 -14"><span class='ocrx_word' id='word_1_265' title='bbox 1193 380 1330 414; x_wconf 91' lang='lat' dir='ltr'><strong>triennio</strong></span> <span class='ocrx_word' id='word_1_266' title='bbox 1353 381 1384 414; x_wconf 90' lang='lat' dir='ltr'><strong>in</strong></span> <span class='ocrx_word' id='word_1_267' title='bbox 1406 381 1577 414; x_wconf 89' lang='lat' dir='ltr'><strong>triennium</strong></span> <span class='ocrx_word' id='word_1_268' title='bbox 1596 382 1627 414; x_wconf 91' lang='lat' dir='ltr'><strong>in</strong></span> <span class='ocrx_word' id='word_1_269' title='bbox 1648 382 1788 426; x_wconf 85' lang='lat' dir='ltr'><strong>capitulo</strong></span> <span class='ocrx_word' id='word_1_270' title='bbox 1801 384 1928 427; x_wconf 89' lang='lat' dir='ltr'><strong>provin-</strong></span> 
     </span>
     <span class='ocr_line' id='line_1_51' title="bbox 1191 434 1925 479; baseline 0.005 -13"><span class='ocrx_word' id='word_1_271' title='bbox 1191 434 1260 466; x_wconf 87' lang='lat' dir='ltr'><strong>ciali</strong></span> <span class='ocrx_word' id='word_1_272' title='bbox 1287 434 1326 466; x_wconf 86' lang='lat' dir='ltr'><strong>ab</strong></span> <span class='ocrx_word' id='word_1_273' title='bbox 1350 434 1500 468; x_wconf 82' lang='lat' dir='ltr'><strong>universo</strong></span> <span class='ocrx_word' id='word_1_274' title='bbox 1522 435 1662 479; x_wconf 90' lang='lat' dir='ltr'><strong>capitulo</strong></span> <span class='ocrx_word' id='word_1_275' title='bbox 1684 436 1848 470; x_wconf 82' lang='lat' dir='ltr'><strong>dumtaxat</strong></span> <span class='ocrx_word' id='word_1_276' title='bbox 1865 437 1925 470; x_wconf 89' lang='lat' dir='ltr'><strong>eli-</strong></span> 
     </span>
    </p>
   </div>
   <div class='ocr_carea' id='block_1_9' title="bbox 419 485 1928 533">
    <p class='ocr_par' dir='ltr' id='par_1_13' title="bbox 419 485 1928 533">
     <span class='ocr_line' id='line_1_52' title="bbox 419 485 1928 533; baseline 0.005 -17"><span class='ocrx_word' id='word_1_277' title='bbox 419 485 481 517; x_wconf 86' lang='lat' dir='ltr'><strong>alto</strong></span> <span class='ocrx_word' id='word_1_278' title='bbox 507 486 667 519; x_wconf 87' lang='lat' dir='ltr'><strong>commissi</strong></span> <span class='ocrx_word' id='word_1_279' title='bbox 691 486 771 520; x_wconf 88' lang='lat' dir='ltr'><strong>inter</strong></span> <span class='ocrx_word' id='word_1_280' title='bbox 791 487 853 520; x_wconf 90' lang='lat' dir='ltr'><strong>alia</strong></span> <span class='ocrx_word' id='word_1_281' title='bbox 873 497 931 521; x_wconf 88' lang='lat' dir='ltr'><strong>nos</strong></span> <span class='ocrx_word' id='word_1_282' title='bbox 951 490 1076 521; x_wconf 81' lang='lat' dir='ltr'><strong>summa</strong></span> <span class='ocrx_word' id='word_1_283' title='bbox 1097 498 1157 532; x_wconf 88' lang='lat' dir='ltr'><strong>ope</strong></span> <span class='ocrx_word' id='word_1_284' title='bbox 1190 493 1319 529; x_wconf 77' lang='lat' dir='ltr'><strong>gantur:</strong></span> <span class='ocrx_word' id='word_1_285' title='bbox 1345 488 1432 532; x_wconf 90' lang='lat' dir='ltr'><strong>quod</strong></span> <span class='ocrx_word' id='word_1_286' title='bbox 1457 487 1481 521; x_wconf 91' lang='lat' dir='ltr'><strong>si</strong></span> <span class='ocrx_word' id='word_1_287' title='bbox 1508 488 1662 522; x_wconf 89' lang='lat' dir='ltr'><strong>dissoluto</strong></span> <span class='ocrx_word' id='word_1_288' title='bbox 1694 489 1758 522; x_wconf 90' lang='lat' dir='ltr'><strong>iam</strong></span> <span class='ocrx_word' id='word_1_289' title='bbox 1787 489 1928 533; x_wconf 86' lang='lat' dir='ltr'><strong>capitulo</strong></span> 
     </span>
    </p>
   </div>
   <div class='ocr_carea' id='block_1_10' title="bbox 1179 539 2205 2667">
    <p class='ocr_par' dir='ltr' id='par_1_14' title="bbox 1187 539 1929 907">
     <span class='ocr_line' id='line_1_53' title="bbox 1190 539 1925 576; baseline 0.003 -3"><span class='ocrx_word' id='word_1_290' title='bbox 1190 540 1273 574; x_wconf 85' lang='lat' dir='ltr'><strong>intra</strong></span> <span class='ocrx_word' id='word_1_291' title='bbox 1300 541 1471 574; x_wconf 82' lang='lat' dir='ltr'><strong>triennium</strong></span> <span class='ocrx_word' id='word_1_292' title='bbox 1499 539 1608 575; x_wconf 77' lang='lat' dir='ltr'><strong>rursus</strong></span> <span class='ocrx_word' id='word_1_293' title='bbox 1629 542 1843 576; x_wconf 91' lang='lat' dir='ltr'><strong>ministerium</strong></span> <span class='ocrx_word' id='word_1_294' title='bbox 1865 543 1925 575; x_wconf 79' lang='lat' dir='ltr'><strong>ali—</strong></span> 
     </span>
     <span class='ocr_line' id='line_1_54' title="bbox 1190 595 1929 640; baseline 0.003 -13"><span class='ocrx_word' id='word_1_295' title='bbox 1190 595 1276 637; x_wconf 86' lang='lat' dir='ltr'><strong>quod</strong></span> <span class='ocrx_word' id='word_1_296' title='bbox 1291 605 1401 628; x_wconf 75' lang='lat' dir='ltr'><strong>vacare</strong></span> <span class='ocrx_word' id='word_1_297' title='bbox 1420 595 1599 638; x_wconf 82' lang='lat' dir='ltr'><strong>contigerit,</strong></span> <span class='ocrx_word' id='word_1_298' title='bbox 1613 595 1761 630; x_wconf 85' lang='lat' dir='ltr'><strong>minister</strong></span> <span class='ocrx_word' id='word_1_299' title='bbox 1777 596 1816 629; x_wconf 83' lang='lat' dir='ltr'><strong>ab</strong></span> <span class='ocrx_word' id='word_1_300' title='bbox 1837 595 1929 640; x_wconf 90' lang='lat' dir='ltr'><strong>ipsis-</strong></span> 
     </span>
     <span class='ocr_line' id='line_1_55' title="bbox 1190 648 1929 692; baseline 0.003 -11"><span class='ocrx_word' id='word_1_301' title='bbox 1190 654 1254 682; x_wconf 91' lang='lat' dir='ltr'><strong>met</strong></span> <span class='ocrx_word' id='word_1_302' title='bbox 1278 648 1465 692; x_wconf 88' lang='lat' dir='ltr'><strong>provinciali</strong></span> <span class='ocrx_word' id='word_1_303' title='bbox 1487 654 1518 682; x_wconf 90' lang='lat' dir='ltr'><strong>et</strong></span> <span class='ocrx_word' id='word_1_304' title='bbox 1535 648 1767 690; x_wconf 85' lang='lat' dir='ltr'><strong>definitoribus,</strong></span> <span class='ocrx_word' id='word_1_305' title='bbox 1788 659 1853 683; x_wconf 89' lang='lat' dir='ltr'><strong>non</strong></span> <span class='ocrx_word' id='word_1_306' title='bbox 1873 660 1929 683; x_wconf 83' lang='lat' dir='ltr'><strong>au-</strong></span> 
     </span>
     <span class='ocr_line' id='line_1_56' title="bbox 1188 702 1927 746; baseline 0.004 -12"><span class='ocrx_word' id='word_1_307' title='bbox 1188 707 1251 735; x_wconf 91' lang='lat' dir='ltr'><strong>tem</strong></span> <span class='ocrx_word' id='word_1_308' title='bbox 1276 712 1334 746; x_wconf 88' lang='lat' dir='ltr'><strong>per</strong></span> <span class='ocrx_word' id='word_1_309' title='bbox 1365 702 1443 735; x_wconf 85' lang='lat' dir='ltr'><strong>alios</strong></span> <span class='ocrx_word' id='word_1_310' title='bbox 1472 702 1511 735; x_wconf 87' lang='lat' dir='ltr'><strong>de</strong></span> <span class='ocrx_word' id='word_1_311' title='bbox 1540 712 1652 736; x_wconf 89' lang='lat' dir='ltr'><strong>eorum</strong></span> <span class='ocrx_word' id='word_1_312' title='bbox 1679 702 1927 744; x_wconf 77' lang='lat' dir='ltr'><strong>commissione,</strong></span> 
     </span>
     <span class='ocr_line' id='line_1_57' title="bbox 1189 755 1927 800; baseline 0.004 -13"><span class='ocrx_word' id='word_1_313' title='bbox 1189 755 1346 798; x_wconf 83' lang='lat' dir='ltr'><strong>eligatur,</strong></span> <span class='ocrx_word' id='word_1_314' title='bbox 1369 755 1464 788; x_wconf 88' lang='lat' dir='ltr'><strong>duret</strong></span> <span class='ocrx_word' id='word_1_315' title='bbox 1487 765 1562 788; x_wconf 85' lang='lat' dir='ltr'><strong>vero</strong></span> <span class='ocrx_word' id='word_1_316' title='bbox 1587 766 1689 800; x_wconf 90' lang='lat' dir='ltr'><strong>usque</strong></span> <span class='ocrx_word' id='word_1_317' title='bbox 1720 756 1760 789; x_wconf 89' lang='lat' dir='ltr'><strong>ad</strong></span> <span class='ocrx_word' id='word_1_318' title='bbox 1790 766 1927 800; x_wconf 88' lang='lat' dir='ltr'><strong>sequens</strong></span> 
     </span>
     <span class='ocr_line' id='line_1_58' title="bbox 1188 808 1927 852; baseline 0.003 -11"><span class='ocrx_word' id='word_1_319' title='bbox 1188 808 1362 852; x_wconf 87' lang='lat' dir='ltr'><strong>capitulum</strong></span> <span class='ocrx_word' id='word_1_320' title='bbox 1388 808 1606 852; x_wconf 72' lang='lat' dir='ltr'><strong>provinciale,</strong></span> <span class='ocrx_word' id='word_1_321' title='bbox 1631 808 1685 842; x_wconf 91' lang='lat' dir='ltr'><strong>ubi</strong></span> <span class='ocrx_word' id='word_1_322' title='bbox 1711 815 1834 843; x_wconf 84' lang='lat' dir='ltr'><strong>cessant</strong></span> <span class='ocrx_word' id='word_1_323' title='bbox 1858 819 1927 843; x_wconf 90' lang='lat' dir='ltr'><strong>om-</strong></span> 
     </span>
     <span class='ocr_line' id='line_1_59' title="bbox 1187 861 1635 907; baseline 0.004 -13"><span class='ocrx_word' id='word_1_324' title='bbox 1187 861 1238 895; x_wconf 86' lang='lat' dir='ltr'><strong>nia</strong></span> <span class='ocrx_word' id='word_1_325' title='bbox 1260 862 1436 896; x_wconf 88' lang='lat' dir='ltr'><strong>ministeria</strong></span> <span class='ocrx_word' id='word_1_326' title='bbox 1460 862 1635 907; x_wconf 81' lang='lat' dir='ltr'><strong>praedieta3</strong></span> 
     </span>
    </p>

    <p class='ocr_par' dir='ltr' id='par_1_15' title="bbox 1184 912 2178 1334">
     <span class='ocr_line' id='line_1_60' title="bbox 1231 915 2178 967; baseline 0.001 -19"><span class='ocrx_word' id='word_1_327' title='bbox 1231 917 1258 958; x_wconf 67' lang='grc' dir='ltr'><strong>ξ.</strong></span> <span class='ocrx_word' id='word_1_328' title='bbox 1287 915 1317 949; x_wconf 77' lang='lat'><strong>3.</strong></span> <span class='ocrx_word' id='word_1_329' title='bbox 1341 916 1457 960; x_wconf 84' lang='lat' dir='ltr'><strong>Sicque</strong></span> <span class='ocrx_word' id='word_1_330' title='bbox 1484 927 1541 960; x_wconf 88' lang='lat' dir='ltr'><strong>per</strong></span> <span class='ocrx_word' id='word_1_331' title='bbox 1561 926 1784 961; x_wconf 89' lang='lat' dir='ltr'><strong>quoscumque</strong></span> <span class='ocrx_word' id='word_1_332' title='bbox 1805 917 1925 951; x_wconf 89' lang='lat' dir='ltr'><strong>iudices</strong></span> <span class='ocrx_word' id='word_1_333' title='bbox 1963 927 1992 957; x_wconf 74' lang='lat' dir='ltr'><strong>¹m</strong></span> <span class='ocrx_word' id='word_1_334' title='bbox 2008 928 2124 967; x_wconf 34' lang='lat' dir='ltr'><strong>naalma</strong></span> <span class='ocrx_word' id='word_1_335' title='bbox 2155 930 2178 959; x_wconf 34' lang='lat'><strong>*³9</strong></span> 
     </span>
     <span class='ocr_line' id='line_1_61' title="bbox 1186 955 2123 1012; baseline 0.001 -11"><span class='ocrx_word' id='word_1_336' title='bbox 1186 969 1368 1003; x_wconf 85' lang='lat' dir='ltr'><strong>ordinarios</strong></span> <span class='ocrx_word' id='word_1_337' title='bbox 1382 970 1430 1003; x_wconf 87' lang='lat' dir='ltr'><strong>vel</strong></span> <span class='ocrx_word' id='word_1_338' title='bbox 1448 970 1621 1012; x_wconf 83' lang='lat' dir='ltr'><strong>delegatos,</strong></span> <span class='ocrx_word' id='word_1_339' title='bbox 1641 970 1736 1004; x_wconf 88' lang='lat' dir='ltr'><strong>etiam</strong></span> <span class='ocrx_word' id='word_1_340' title='bbox 1755 980 1924 1004; x_wconf 82' lang='lat' dir='ltr'><strong>causarum</strong></span> <span class='ocrx_word' id='word_1_341' title='bbox 1939 955 2123 1003; x_wconf 52' lang='lat' dir='ltr'><strong>iriffssciatfu&#39;hw‘</strong></span> 
     </span>
     <span class='ocr_line' id='line_1_62' title="bbox 1186 1023 1924 1068; baseline 0.003 -13"><span class='ocrx_word' id='word_1_342' title='bbox 1186 1023 1297 1056; x_wconf 89' lang='lat' dir='ltr'><strong>Palatii</strong></span> <span class='ocrx_word' id='word_1_343' title='bbox 1320 1023 1496 1068; x_wconf 85' lang='lat' dir='ltr'><strong>Apostoliei</strong></span> <span class='ocrx_word' id='word_1_344' title='bbox 1525 1024 1702 1065; x_wconf 83' lang='lat' dir='ltr'><strong>auditores,</strong></span> <span class='ocrx_word' id='word_1_345' title='bbox 1732 1035 1768 1058; x_wconf 88' lang='lat' dir='ltr'><strong>ac</strong></span> <span class='ocrx_word' id='word_1_346' title='bbox 1796 1029 1924 1058; x_wconf 85' lang='lat' dir='ltr'><strong>sanetae</strong></span> 
     </span>
     <span class='ocr_line' id='line_1_63' title="bbox 1185 1076 1924 1122; baseline 0.001 -12"><span class='ocrx_word' id='word_1_347' title='bbox 1185 1076 1347 1110; x_wconf 83' lang='lat' dir='ltr'><strong>Romanae</strong></span> <span class='ocrx_word' id='word_1_348' title='bbox 1378 1077 1536 1111; x_wconf 84' lang='lat' dir='ltr'><strong>Ecclesiae</strong></span> <span class='ocrx_word' id='word_1_349' title='bbox 1568 1078 1771 1119; x_wconf 87' lang='lat' dir='ltr'><strong>cardinales,</strong></span> <span class='ocrx_word' id='word_1_350' title='bbox 1804 1077 1924 1122; x_wconf 86' lang='lat' dir='ltr'><strong>ubique</strong></span> 
     </span>
     <span class='ocr_line' id='line_1_64' title="bbox 1185 1129 1926 1173; baseline 0.003 -11"><span class='ocrx_word' id='word_1_351' title='bbox 1185 1129 1319 1164; x_wconf 88' lang='lat' dir='ltr'><strong>iudicari</strong></span> <span class='ocrx_word' id='word_1_352' title='bbox 1346 1141 1380 1164; x_wconf 87' lang='lat' dir='ltr'><strong>ac</strong></span> <span class='ocrx_word' id='word_1_353' title='bbox 1407 1130 1532 1164; x_wconf 85' lang='lat' dir='ltr'><strong>deliniri</strong></span> <span class='ocrx_word' id='word_1_354' title='bbox 1559 1131 1687 1173; x_wconf 86' lang='lat' dir='ltr'><strong>debere,</strong></span> <span class='ocrx_word' id='word_1_355' title='bbox 1711 1141 1837 1170; x_wconf 83' lang='lat' dir='ltr'><strong>necnon</strong></span> <span class='ocrx_word' id='word_1_356' title='bbox 1855 1131 1926 1164; x_wconf 89' lang='lat' dir='ltr'><strong>irri-</strong></span> 
     </span>
     <span class='ocr_line' id='line_1_65' title="bbox 1186 1183 1924 1229; baseline 0.004 -13"><span class='ocrx_word' id='word_1_357' title='bbox 1186 1187 1251 1216; x_wconf 93' lang='lat' dir='ltr'><strong>tum</strong></span> <span class='ocrx_word' id='word_1_358' title='bbox 1273 1188 1304 1216; x_wconf 87' lang='lat' dir='ltr'><strong>et</strong></span> <span class='ocrx_word' id='word_1_359' title='bbox 1329 1183 1434 1225; x_wconf 88' lang='lat' dir='ltr'><strong>inane,</strong></span> <span class='ocrx_word' id='word_1_360' title='bbox 1457 1184 1482 1218; x_wconf 86' lang='lat' dir='ltr'><strong>si</strong></span> <span class='ocrx_word' id='word_1_361' title='bbox 1508 1195 1598 1218; x_wconf 89' lang='lat' dir='ltr'><strong>secus</strong></span> <span class='ocrx_word' id='word_1_362' title='bbox 1623 1195 1720 1229; x_wconf 88' lang='lat' dir='ltr'><strong>super</strong></span> <span class='ocrx_word' id='word_1_363' title='bbox 1739 1185 1788 1218; x_wconf 88' lang='lat' dir='ltr'><strong>his</strong></span> <span class='ocrx_word' id='word_1_364' title='bbox 1809 1195 1826 1218; x_wconf 86' lang='lat' dir='ltr'><strong>a</strong></span> <span class='ocrx_word' id='word_1_365' title='bbox 1843 1196 1924 1229; x_wconf 89' lang='lat' dir='ltr'><strong>quo-</strong></span> 
     </span>
     <span class='ocr_line' id='line_1_66' title="bbox 1184 1237 1923 1281; baseline 0.003 -12"><span class='ocrx_word' id='word_1_366' title='bbox 1184 1247 1279 1280; x_wconf 88' lang='lat' dir='ltr'><strong>quam</strong></span> <span class='ocrx_word' id='word_1_367' title='bbox 1313 1237 1423 1281; x_wconf 86' lang='lat' dir='ltr'><strong>quavis</strong></span> <span class='ocrx_word' id='word_1_368' title='bbox 1459 1238 1675 1279; x_wconf 85' lang='lat' dir='ltr'><strong>auctoritate,</strong></span> <span class='ocrx_word' id='word_1_369' title='bbox 1706 1237 1844 1272; x_wconf 88' lang='lat' dir='ltr'><strong>scienter</strong></span> <span class='ocrx_word' id='word_1_370' title='bbox 1876 1239 1923 1272; x_wconf 92' lang='lat' dir='ltr'><strong>vel</strong></span> 
     </span>
     <span class='ocr_line' id='line_1_67' title="bbox 1184 1290 2173 1334; baseline 0.002 -11"><span class='ocrx_word' id='word_1_371' title='bbox 1184 1290 1382 1332; x_wconf 80' lang='lat' dir='ltr'><strong>ignoranter,</strong></span> <span class='ocrx_word' id='word_1_372' title='bbox 1406 1291 1744 1334; x_wconf 81' lang='lat' dir='ltr'><strong>contigeritattentari.</strong></span> <span class='ocrx_word' id='word_1_373' title='bbox 2171 1328 2173 1331; x_wconf 16' lang='grc' dir='ltr'><em>Α</em></span> 
     </span>
    </p>

    <p class='ocr_par' dir='ltr' id='par_1_16' title="bbox 1182 1343 2205 2137">
     <span class='ocr_line' id='line_1_68' title="bbox 1229 1343 2205 1403; baseline 0 -27"><span class='ocrx_word' id='word_1_374' title='bbox 1229 1346 1244 1386; x_wconf 63' lang='grc' dir='ltr'>ξ</span> <span class='ocrx_word' id='word_1_375' title='bbox 1265 1343 1295 1376; x_wconf 69' lang='grc'><strong>4,</strong></span> <span class='ocrx_word' id='word_1_376' title='bbox 1320 1344 1388 1377; x_wconf 91' lang='lat' dir='ltr'><strong>Non</strong></span> <span class='ocrx_word' id='word_1_377' title='bbox 1406 1344 1607 1378; x_wconf 85' lang='lat' dir='ltr'><strong>obstantibus</strong></span> <span class='ocrx_word' id='word_1_378' title='bbox 1627 1345 1920 1385; x_wconf 89' lang='lat' dir='ltr'><strong>constitutionibus,</strong></span> <span class='ocrx_word' id='word_1_379' title='bbox 1951 1355 2123 1403; x_wconf 53' lang='lat' dir='ltr'><strong>onibquuffqu·</strong></span> <span class='ocrx_word' id='word_1_380' title='bbox 2162 1343 2167 1372; x_wconf 74' lang='grc'><strong>’-</strong></span> <span class='ocrx_word' id='word_1_381' title='bbox 2204 1348 2205 1356; x_wconf 72' lang='grc'>’</span> 
     </span>
     <span class='ocr_line' id='line_1_69' title="bbox 1184 1384 2124 1442; baseline 0.001 -13"><span class='ocrx_word' id='word_1_382' title='bbox 1184 1402 1214 1430; x_wconf 90' lang='lat' dir='ltr'><strong>et</strong></span> <span class='ocrx_word' id='word_1_383' title='bbox 1238 1397 1497 1431; x_wconf 88' lang='lat' dir='ltr'><strong>ordinationibus</strong></span> <span class='ocrx_word' id='word_1_384' title='bbox 1517 1398 1712 1442; x_wconf 86' lang='lat' dir='ltr'><strong>apostolicis,</strong></span> <span class='ocrx_word' id='word_1_385' title='bbox 1733 1408 1859 1432; x_wconf 90' lang='lat' dir='ltr'><strong>necnon</strong></span> <span class='ocrx_word' id='word_1_386' title='bbox 1877 1398 1924 1432; x_wconf 87' lang='lat' dir='ltr'><strong>di·</strong></span> <span class='ocrx_word' id='word_1_387' title='bbox 1937 1384 2049 1436; x_wconf 68' lang='lat'><strong>{{?.&#39;““¹&#39;’</strong></span> <span class='ocrx_word' id='word_1_388' title='bbox 2079 1387 2124 1404; x_wconf 60' lang='lat' dir='ltr'><strong>‘m&#39;</strong></span> 
     </span>
     <span class='ocr_line' id='line_1_70' title="bbox 1184 1451 1919 1494; baseline 0.004 -11"><span class='ocrx_word' id='word_1_389' title='bbox 1184 1456 1251 1483; x_wconf 82' lang='lat' dir='ltr'><strong>etae</strong></span> <span class='ocrx_word' id='word_1_390' title='bbox 1282 1451 1568 1494; x_wconf 76' lang='lat' dir='ltr'><strong>Congregationis,</strong></span> <span class='ocrx_word' id='word_1_391' title='bbox 1596 1451 1691 1485; x_wconf 89' lang='lat' dir='ltr'><strong>etiam</strong></span> <span class='ocrx_word' id='word_1_392' title='bbox 1717 1451 1919 1493; x_wconf 84' lang='lat' dir='ltr'><strong>iuramento,</strong></span> 
     </span>
     <span class='ocr_line' id='line_1_71' title="bbox 1183 1503 1924 1549; baseline 0.004 -13"><span class='ocrx_word' id='word_1_393' title='bbox 1183 1503 1429 1538; x_wconf 86' lang='lat' dir='ltr'><strong>confirmatione</strong></span> <span class='ocrx_word' id='word_1_394' title='bbox 1454 1505 1641 1548; x_wconf 77' lang='lat' dir='ltr'><strong>apostolica,</strong></span> <span class='ocrx_word' id='word_1_395' title='bbox 1665 1505 1713 1539; x_wconf 86' lang='lat' dir='ltr'><strong>vel</strong></span> <span class='ocrx_word' id='word_1_396' title='bbox 1740 1505 1850 1549; x_wconf 85' lang='lat' dir='ltr'><strong>quavis</strong></span> <span class='ocrx_word' id='word_1_397' title='bbox 1869 1505 1924 1538; x_wconf 87' lang='lat' dir='ltr'><strong>fir-</strong></span> 
     </span>
     <span class='ocr_line' id='line_1_72' title="bbox 1185 1557 1924 1599; baseline 0.004 -10"><span class='ocrx_word' id='word_1_398' title='bbox 1185 1557 1295 1590; x_wconf 87' lang='lat' dir='ltr'><strong>mitate</strong></span> <span class='ocrx_word' id='word_1_399' title='bbox 1316 1558 1376 1591; x_wconf 77' lang='lat' dir='ltr'><strong>alia</strong></span> <span class='ocrx_word' id='word_1_400' title='bbox 1401 1558 1572 1599; x_wconf 87' lang='lat' dir='ltr'><strong>roboratis,</strong></span> <span class='ocrx_word' id='word_1_401' title='bbox 1596 1558 1719 1592; x_wconf 87' lang='lat' dir='ltr'><strong>statutis</strong></span> <span class='ocrx_word' id='word_1_402' title='bbox 1740 1563 1771 1592; x_wconf 88' lang='lat' dir='ltr'><strong>et</strong></span> <span class='ocrx_word' id='word_1_403' title='bbox 1790 1569 1924 1592; x_wconf 91' lang='lat' dir='ltr'><strong>eonsue-</strong></span> 
     </span>
     <span class='ocr_line' id='line_1_73' title="bbox 1185 1610 1924 1656; baseline 0.004 -14"><span class='ocrx_word' id='word_1_404' title='bbox 1185 1610 1357 1653; x_wconf 87' lang='lat' dir='ltr'><strong>tudinibus,</strong></span> <span class='ocrx_word' id='word_1_405' title='bbox 1383 1611 1558 1655; x_wconf 80' lang='lat' dir='ltr'><strong>privilegiis</strong></span> <span class='ocrx_word' id='word_1_406' title='bbox 1579 1621 1719 1656; x_wconf 83' lang='lat' dir='ltr'><strong>quoque,</strong></span> <span class='ocrx_word' id='word_1_407' title='bbox 1740 1611 1874 1646; x_wconf 90' lang='lat' dir='ltr'><strong>indultis</strong></span> <span class='ocrx_word' id='word_1_408' title='bbox 1894 1617 1924 1646; x_wconf 89' lang='lat' dir='ltr'><strong>et</strong></span> 
     </span>
     <span class='ocr_line' id='line_1_74' title="bbox 1183 1663 1923 1708; baseline 0.004 -13"><span class='ocrx_word' id='word_1_409' title='bbox 1183 1663 1295 1697; x_wconf 90' lang='lat' dir='ltr'><strong>litteris</strong></span> <span class='ocrx_word' id='word_1_410' title='bbox 1327 1664 1509 1708; x_wconf 87' lang='lat' dir='ltr'><strong>apostolicis</strong></span> <span class='ocrx_word' id='word_1_411' title='bbox 1541 1665 1644 1698; x_wconf 88' lang='lat' dir='ltr'><strong>eidem</strong></span> <span class='ocrx_word' id='word_1_412' title='bbox 1677 1665 1923 1708; x_wconf 77' lang='lat' dir='ltr'><strong>Congregationi</strong></span> 
     </span>
     <span class='ocr_line' id='line_1_75' title="bbox 1183 1717 1920 1762; baseline 0.004 -13"><span class='ocrx_word' id='word_1_413' title='bbox 1183 1717 1214 1749; x_wconf 92' lang='lat' dir='ltr'><strong>in</strong></span> <span class='ocrx_word' id='word_1_414' title='bbox 1241 1717 1436 1750; x_wconf 88' lang='lat' dir='ltr'><strong>contrarium</strong></span> <span class='ocrx_word' id='word_1_415' title='bbox 1463 1718 1714 1762; x_wconf 87' lang='lat' dir='ltr'><strong>praemissorum</strong></span> <span class='ocrx_word' id='word_1_416' title='bbox 1736 1719 1920 1762; x_wconf 86' lang='lat' dir='ltr'><strong>quomodo-</strong></span> 
     </span>
     <span class='ocr_line' id='line_1_76' title="bbox 1183 1771 1919 1818; baseline 0.004 -14"><span class='ocrx_word' id='word_1_417' title='bbox 1183 1771 1261 1805; x_wconf 84' lang='lat' dir='ltr'><strong>libet</strong></span> <span class='ocrx_word' id='word_1_418' title='bbox 1285 1773 1455 1814; x_wconf 85' lang='lat' dir='ltr'><strong>concessis,</strong></span> <span class='ocrx_word' id='word_1_419' title='bbox 1480 1773 1666 1818; x_wconf 86' lang='lat' dir='ltr'><strong>approbatis</strong></span> <span class='ocrx_word' id='word_1_420' title='bbox 1694 1779 1723 1807; x_wconf 89' lang='lat' dir='ltr'><strong>et</strong></span> <span class='ocrx_word' id='word_1_421' title='bbox 1748 1774 1919 1808; x_wconf 89' lang='lat' dir='ltr'><strong>innovatis.</strong></span> 
     </span>
     <span class='ocr_line' id='line_1_77' title="bbox 1182 1824 1924 1870; baseline 0.005 -13"><span class='ocrx_word' id='word_1_422' title='bbox 1182 1824 1302 1864; x_wconf 86' lang='lat' dir='ltr'><strong>Quibus</strong></span> <span class='ocrx_word' id='word_1_423' title='bbox 1322 1826 1471 1859; x_wconf 89' lang='lat' dir='ltr'><strong>omnibus</strong></span> <span class='ocrx_word' id='word_1_424' title='bbox 1489 1832 1518 1859; x_wconf 88' lang='lat' dir='ltr'><strong>et</strong></span> <span class='ocrx_word' id='word_1_425' title='bbox 1542 1826 1687 1870; x_wconf 76' lang='lat' dir='ltr'><strong>singulis,</strong></span> <span class='ocrx_word' id='word_1_426' title='bbox 1704 1837 1816 1860; x_wconf 85' lang='lat' dir='ltr'><strong>eorum</strong></span> <span class='ocrx_word' id='word_1_427' title='bbox 1835 1832 1924 1861; x_wconf 83' lang='lat' dir='ltr'><strong>teno-</strong></span> 
     </span>
     <span class='ocr_line' id='line_1_78' title="bbox 1184 1880 1920 1924; baseline 0.004 -13"><span class='ocrx_word' id='word_1_428' title='bbox 1184 1889 1233 1912; x_wconf 88' lang='lat' dir='ltr'><strong>res</strong></span> <span class='ocrx_word' id='word_1_429' title='bbox 1258 1880 1479 1923; x_wconf 86' lang='lat' dir='ltr'><strong>praesentibus</strong></span> <span class='ocrx_word' id='word_1_430' title='bbox 1503 1890 1562 1924; x_wconf 89' lang='lat' dir='ltr'><strong>pro</strong></span> <span class='ocrx_word' id='word_1_431' title='bbox 1582 1881 1738 1924; x_wconf 81' lang='lat' dir='ltr'><strong>expressis</strong></span> <span class='ocrx_word' id='word_1_432' title='bbox 1755 1880 1920 1922; x_wconf 83' lang='lat' dir='ltr'><strong>habentes,</strong></span> 
     </span>
     <span class='ocr_line' id='line_1_79' title="bbox 1184 1932 1919 1978; baseline 0.005 -14"><span class='ocrx_word' id='word_1_433' title='bbox 1184 1932 1245 1965; x_wconf 92' lang='lat' dir='ltr'><strong>illis</strong></span> <span class='ocrx_word' id='word_1_434' title='bbox 1270 1933 1347 1966; x_wconf 80' lang='lat' dir='ltr'><strong>alias</strong></span> <span class='ocrx_word' id='word_1_435' title='bbox 1380 1933 1411 1966; x_wconf 92' lang='lat' dir='ltr'><strong>in</strong></span> <span class='ocrx_word' id='word_1_436' title='bbox 1436 1944 1494 1967; x_wconf 92' lang='lat' dir='ltr'><strong>suo</strong></span> <span class='ocrx_word' id='word_1_437' title='bbox 1527 1934 1646 1967; x_wconf 89' lang='lat' dir='ltr'><strong>robore</strong></span> <span class='ocrx_word' id='word_1_438' title='bbox 1677 1933 1919 1978; x_wconf 89' lang='lat' dir='ltr'><strong>permansuris,</strong></span> 
     </span>
     <span class='ocr_line' id='line_1_80' title="bbox 1183 1986 1922 2032; baseline 0.004 -13"><span class='ocrx_word' id='word_1_439' title='bbox 1183 1986 1242 2019; x_wconf 82' lang='lat' dir='ltr'><strong>hac</strong></span> <span class='ocrx_word' id='word_1_440' title='bbox 1254 1986 1321 2020; x_wconf 91' lang='lat' dir='ltr'><strong>vice</strong></span> <span class='ocrx_word' id='word_1_441' title='bbox 1339 1987 1505 2020; x_wconf 84' lang='lat' dir='ltr'><strong>dumtaxat</strong></span> <span class='ocrx_word' id='word_1_442' title='bbox 1521 1987 1704 2032; x_wconf 85' lang='lat' dir='ltr'><strong>specialiter</strong></span> <span class='ocrx_word' id='word_1_443' title='bbox 1723 1994 1754 2021; x_wconf 86' lang='lat' dir='ltr'><strong>et</strong></span> <span class='ocrx_word' id='word_1_444' title='bbox 1774 1998 1922 2032; x_wconf 82' lang='lat' dir='ltr'><strong>expresse</strong></span> 
     </span>
     <span class='ocr_line' id='line_1_81' title="bbox 1183 2040 1922 2086; baseline 0.003 -14"><span class='ocrx_word' id='word_1_445' title='bbox 1183 2040 1398 2083; x_wconf 82' lang='lat' dir='ltr'><strong>derogamus,</strong></span> <span class='ocrx_word' id='word_1_446' title='bbox 1427 2041 1624 2085; x_wconf 82' lang='lat' dir='ltr'><strong>eaeterisque</strong></span> <span class='ocrx_word' id='word_1_447' title='bbox 1655 2041 1822 2075; x_wconf 84' lang='lat' dir='ltr'><strong>contrariis</strong></span> <span class='ocrx_word' id='word_1_448' title='bbox 1852 2041 1922 2086; x_wconf 91' lang='lat' dir='ltr'><strong>qui-</strong></span> 
     </span>
     <span class='ocr_line' id='line_1_82' title="bbox 1182 2092 1393 2137; baseline 0.005 -11"><span class='ocrx_word' id='word_1_449' title='bbox 1182 2092 1393 2137; x_wconf 88' lang='lat' dir='ltr'><strong>buscumque.</strong></span> 
     </span>
    </p>

    <p class='ocr_par' dir='ltr' id='par_1_17' title="bbox 1181 2145 2075 2503">
     <span class='ocr_line' id='line_1_83' title="bbox 1226 2145 1919 2191; baseline 0.006 -14"><span class='ocrx_word' id='word_1_450' title='bbox 1226 2145 1291 2188; x_wconf 66' lang='lat' dir='ltr'><strong>gf).</strong></span> <span class='ocrx_word' id='word_1_451' title='bbox 1315 2146 1470 2180; x_wconf 89' lang='lat' dir='ltr'><strong>Volumus</strong></span> <span class='ocrx_word' id='word_1_452' title='bbox 1494 2152 1617 2188; x_wconf 83' lang='lat' dir='ltr'><strong>autem,</strong></span> <span class='ocrx_word' id='word_1_453' title='bbox 1644 2153 1679 2181; x_wconf 91' lang='lat' dir='ltr'><strong>ut</strong></span> <span class='ocrx_word' id='word_1_454' title='bbox 1703 2147 1919 2191; x_wconf 87' lang='lat' dir='ltr'><strong>praesentium</strong></span> 
     </span>
     <span class='ocr_line' id='line_1_84' title="bbox 1184 2199 2075 2244; baseline 0.003 -13"><span class='ocrx_word' id='word_1_455' title='bbox 1184 2199 1410 2243; x_wconf 88' lang='lat' dir='ltr'><strong>transumptis,</strong></span> <span class='ocrx_word' id='word_1_456' title='bbox 1432 2200 1528 2233; x_wconf 89' lang='lat' dir='ltr'><strong>etiam</strong></span> <span class='ocrx_word' id='word_1_457' title='bbox 1550 2200 1724 2244; x_wconf 88' lang='lat' dir='ltr'><strong>impressis,</strong></span> <span class='ocrx_word' id='word_1_458' title='bbox 1746 2210 1844 2234; x_wconf 86' lang='lat' dir='ltr'><strong>manu</strong></span> <span class='ocrx_word' id='word_1_459' title='bbox 1864 2199 1921 2233; x_wconf 90' lang='lat' dir='ltr'><strong>ali·</strong></span> <span class='ocrx_word' id='word_1_460' title='bbox 1936 2205 1958 2228; x_wconf 82' lang='lat' dir='ltr'><strong>di</strong></span> <span class='ocrx_word' id='word_1_461' title='bbox 1973 2205 2075 2228; x_wconf 70' lang='lat' dir='ltr'><strong>decernit-</strong></span> 
     </span>
     <span class='ocr_line' id='line_1_85' title="bbox 1182 2251 1920 2297; baseline 0.003 -13"><span class='ocrx_word' id='word_1_462' title='bbox 1182 2251 1272 2284; x_wconf 90' lang='lat' dir='ltr'><strong>cuius</strong></span> <span class='ocrx_word' id='word_1_463' title='bbox 1289 2251 1406 2285; x_wconf 86' lang='lat' dir='ltr'><strong>notarii</strong></span> <span class='ocrx_word' id='word_1_464' title='bbox 1424 2252 1544 2296; x_wconf 87' lang='lat' dir='ltr'><strong>publici</strong></span> <span class='ocrx_word' id='word_1_465' title='bbox 1565 2253 1753 2297; x_wconf 87' lang='lat' dir='ltr'><strong>subscriptis</strong></span> <span class='ocrx_word' id='word_1_466' title='bbox 1771 2258 1802 2286; x_wconf 89' lang='lat' dir='ltr'><strong>et</strong></span> <span class='ocrx_word' id='word_1_467' title='bbox 1814 2252 1920 2296; x_wconf 83' lang='lat' dir='ltr'><strong>sigillo</strong></span> 
     </span>
     <span class='ocr_line' id='line_1_86' title="bbox 1181 2304 1921 2348; baseline 0.004 -12"><span class='ocrx_word' id='word_1_468' title='bbox 1181 2304 1316 2337; x_wconf 89' lang='lat' dir='ltr'><strong>alicuius</strong></span> <span class='ocrx_word' id='word_1_469' title='bbox 1336 2315 1492 2348; x_wconf 88' lang='lat' dir='ltr'><strong>personae</strong></span> <span class='ocrx_word' id='word_1_470' title='bbox 1518 2305 1551 2338; x_wconf 90' lang='lat' dir='ltr'><strong>in</strong></span> <span class='ocrx_word' id='word_1_471' title='bbox 1578 2305 1732 2348; x_wconf 82' lang='lat' dir='ltr'><strong>dignitate</strong></span> <span class='ocrx_word' id='word_1_472' title='bbox 1757 2305 1921 2339; x_wconf 87' lang='lat' dir='ltr'><strong>ecclesias-</strong></span> 
     </span>
     <span class='ocr_line' id='line_1_87' title="bbox 1182 2357 1921 2402; baseline 0.003 -13"><span class='ocrx_word' id='word_1_473' title='bbox 1182 2357 1240 2390; x_wconf 75' lang='lat' dir='ltr'><strong>tica</strong></span> <span class='ocrx_word' id='word_1_474' title='bbox 1259 2358 1451 2391; x_wconf 88' lang='lat' dir='ltr'><strong>constitutae</strong></span> <span class='ocrx_word' id='word_1_475' title='bbox 1477 2358 1629 2399; x_wconf 87' lang='lat' dir='ltr'><strong>munitis,</strong></span> <span class='ocrx_word' id='word_1_476' title='bbox 1653 2359 1763 2392; x_wconf 86' lang='lat' dir='ltr'><strong>eadem</strong></span> <span class='ocrx_word' id='word_1_477' title='bbox 1789 2368 1921 2402; x_wconf 88' lang='lat' dir='ltr'><strong>prorsus</strong></span> 
     </span>
     <span class='ocr_line' id='line_1_88' title="bbox 1181 2409 1920 2455; baseline 0 -13"><span class='ocrx_word' id='word_1_478' title='bbox 1181 2409 1260 2443; x_wconf 86' lang='lat' dir='ltr'><strong>fides</strong></span> <span class='ocrx_word' id='word_1_479' title='bbox 1274 2410 1476 2452; x_wconf 81' lang='lat' dir='ltr'><strong>adhibeatur,</strong></span> <span class='ocrx_word' id='word_1_480' title='bbox 1493 2421 1574 2454; x_wconf 92' lang='lat' dir='ltr'><strong>quae</strong></span> <span class='ocrx_word' id='word_1_481' title='bbox 1588 2411 1811 2455; x_wconf 87' lang='lat' dir='ltr'><strong>praesentibus</strong></span> <span class='ocrx_word' id='word_1_482' title='bbox 1828 2410 1920 2444; x_wconf 85' lang='lat' dir='ltr'><strong>adhi-</strong></span> 
     </span>
     <span class='ocr_line' id='line_1_89' title="bbox 1181 2463 1905 2503; baseline 0.003 -7"><span class='ocrx_word' id='word_1_483' title='bbox 1181 2463 1323 2503; x_wconf 85' lang='lat' dir='ltr'><strong>beretur,</strong></span> <span class='ocrx_word' id='word_1_484' title='bbox 1340 2464 1364 2497; x_wconf 91' lang='lat' dir='ltr'><strong>si</strong></span> <span class='ocrx_word' id='word_1_485' title='bbox 1380 2464 1485 2497; x_wconf 86' lang='lat' dir='ltr'><strong>forent</strong></span> <span class='ocrx_word' id='word_1_486' title='bbox 1503 2464 1663 2498; x_wconf 84' lang='lat' dir='ltr'><strong>exhibitae</strong></span> <span class='ocrx_word' id='word_1_487' title='bbox 1681 2465 1730 2498; x_wconf 88' lang='lat' dir='ltr'><strong>vel</strong></span> <span class='ocrx_word' id='word_1_488' title='bbox 1750 2470 1905 2498; x_wconf 83' lang='lat' dir='ltr'><strong>ostensae.</strong></span> 
     </span>
    </p>

    <p class='ocr_par' dir='ltr' id='par_1_18' title="bbox 1179 2517 1919 2667">
     <span class='ocr_line' id='line_1_90' title="bbox 1224 2517 1919 2562; baseline 0 -12"><span class='ocrx_word' id='word_1_489' title='bbox 1224 2517 1338 2550; x_wconf 83' lang='lat' dir='ltr'><strong>Datum</strong></span> <span class='ocrx_word' id='word_1_490' title='bbox 1363 2517 1484 2551; x_wconf 86' lang='lat' dir='ltr'><strong>Romae</strong></span> <span class='ocrx_word' id='word_1_491' title='bbox 1509 2518 1594 2562; x_wconf 89' lang='lat' dir='ltr'><strong>apud</strong></span> <span class='ocrx_word' id='word_1_492' title='bbox 1617 2523 1763 2551; x_wconf 90' lang='lat' dir='ltr'><strong>sanctum</strong></span> <span class='ocrx_word' id='word_1_493' title='bbox 1789 2518 1919 2551; x_wconf 85' lang='lat' dir='ltr'><strong>Petrum</strong></span> 
     </span>
     <span class='ocr_line' id='line_1_91' title="bbox 1179 2570 1919 2612; baseline 0.004 -10"><span class='ocrx_word' id='word_1_494' title='bbox 1179 2570 1238 2603; x_wconf 89' lang='lat' dir='ltr'><strong>sub</strong></span> <span class='ocrx_word' id='word_1_495' title='bbox 1264 2571 1383 2604; x_wconf 88' lang='lat' dir='ltr'><strong>annulo</strong></span> <span class='ocrx_word' id='word_1_496' title='bbox 1408 2571 1589 2612; x_wconf 86' lang='lat' dir='ltr'><strong>Piscatoris,</strong></span> <span class='ocrx_word' id='word_1_497' title='bbox 1613 2571 1664 2605; x_wconf 85' lang='lat' dir='ltr'><strong>die</strong></span> <span class='ocrx_word' id='word_1_498' title='bbox 1692 2582 1766 2605; x_wconf 87' lang='lat' dir='ltr'><strong>xx1v</strong></span> <span class='ocrx_word' id='word_1_499' title='bbox 1790 2571 1919 2605; x_wconf 87' lang='lat' dir='ltr'><strong>decem-</strong></span> 
     </span>
     <span class='ocr_line' id='line_1_92' title="bbox 1179 2622 1876 2667; baseline 0.003 -12"><span class='ocrx_word' id='word_1_500' title='bbox 1179 2622 1245 2656; x_wconf 89' lang='lat' dir='ltr'><strong>bris</strong></span> <span class='ocrx_word' id='word_1_501' title='bbox 1265 2632 1372 2664; x_wconf 76' lang='lat' dir='ltr'><strong>nncix,</strong></span> <span class='ocrx_word' id='word_1_502' title='bbox 1396 2623 1601 2667; x_wconf 82' lang='lat' dir='ltr'><strong>pontificatus</strong></span> <span class='ocrx_word' id='word_1_503' title='bbox 1620 2624 1720 2658; x_wconf 88' lang='lat' dir='ltr'><strong>nostri</strong></span> <span class='ocrx_word' id='word_1_504' title='bbox 1741 2634 1826 2658; x_wconf 82' lang='lat' dir='ltr'><strong>anno</strong></span> <span class='ocrx_word' id='word_1_505' title='bbox 1846 2635 1876 2659; x_wconf 86' lang='lat' dir='ltr'><strong>v.</strong></span> 
     </span>
    </p>
   </div>
   <div class='ocr_carea' id='block_1_11' title="bbox 1215 2684 1878 2722">
    <p class='ocr_par' dir='ltr' id='par_1_19' title="bbox 1215 2684 1878 2722">
     <span class='ocr_line' id='line_1_93' title="bbox 1215 2684 1878 2722; baseline 0.005 -11"><span class='ocrx_word' id='word_1_506' title='bbox 1215 2684 1273 2712; x_wconf 84' lang='lat' dir='ltr'><strong>Dat.</strong></span> <span class='ocrx_word' id='word_1_507' title='bbox 1295 2684 1337 2713; x_wconf 85' lang='lat' dir='ltr'><strong>die</strong></span> <span class='ocrx_word' id='word_1_508' title='bbox 1357 2686 1392 2713; x_wconf 67' lang='lat'><strong>24</strong></span> <span class='ocrx_word' id='word_1_509' title='bbox 1406 2685 1558 2714; x_wconf 83' lang='lat' dir='ltr'><strong>decembris</strong></span> <span class='ocrx_word' id='word_1_510' title='bbox 1572 2685 1656 2719; x_wconf 80' lang='lat'><strong>1609,</strong></span> <span class='ocrx_word' id='word_1_511' title='bbox 1672 2685 1770 2722; x_wconf 82' lang='lat' dir='ltr'><strong>pontif.</strong></span> <span class='ocrx_word' id='word_1_512' title='bbox 1787 2693 1833 2715; x_wconf 86' lang='lat' dir='ltr'><strong>an.</strong></span> <span class='ocrx_word' id='word_1_513' title='bbox 1849 2693 1878 2714; x_wconf 89' lang='lat' dir='ltr'><strong>v.</strong></span> 
     </span>
    </p>
   </div>
   <div class='ocr_carea' id='block_1_12' title="bbox 2009 2134 2155 2180">
    <p class='ocr_par' dir='ltr' id='par_1_20' title="bbox 2009 2134 2166 2180">
     <span class='ocr_line' id='line_1_94' title="bbox 2009 2134 2155 2180; baseline 0.006 -6"><span class='ocrx_word' id='word_1_514' title='bbox 2009 2152 2120 2180; x_wconf 75' lang='lat' dir='ltr'><strong>flatusque</strong></span> <span class='ocrx_word' id='word_1_515' title='bbox 2146 2134 2155 2160; x_wconf 40' lang='grc' dir='ltr'>Ἰ</span> 
     </span>
    </p>
   </div>
   <div class='ocr_carea' id='block_1_13' title="bbox 1935 2173 2204 2206">
    <p class='ocr_par' dir='ltr' id='par_1_21' title="bbox 1935 2173 2204 2210">
     <span class='ocr_line' id='line_1_95' title="bbox 1935 2173 2204 2206; baseline 0.004 -6"><span class='ocrx_word' id='word_1_516' title='bbox 1935 2179 2071 2206; x_wconf 76' lang='lat' dir='ltr'><strong>transumptis</strong></span> <span class='ocrx_word' id='word_1_517' title='bbox 2078 2184 2122 2201; x_wconf 74' lang='lat' dir='ltr'><strong>ere·</strong></span> <span class='ocrx_word' id='word_1_518' title='bbox 2137 2200 2141 2203; x_wconf 66' lang='grc'>,</span> <span class='ocrx_word' id='word_1_519' title='bbox 2154 2173 2158 2179; x_wconf 76' lang='grc'><strong>’</strong></span> <span class='ocrx_word' id='word_1_520' title='bbox 2200 2181 2204 2187; x_wconf 74' lang='lat'><strong><em>⁴</em></strong></span> 
     </span>
    </p>
   </div>
   <div class='ocr_carea' id='block_1_14' title="bbox 2143 0 2227 3241">
    <p class='ocr_par' dir='ltr' id='par_1_22' title="bbox 2143 0 2227 3241">
     <span class='ocr_line' id='line_1_96' title="bbox 2143 0 2227 3241; baseline 0 0"><span class='ocrx_word' id='word_1_521' title='bbox 2143 0 2227 3241; x_wconf 95' lang='lat' dir='ltr'><strong> </strong></span> 
     </span>
    </p>
   </div>
  </div>
 </body>
</html>
