2227 3241
0 224 2 227 ’
52 241 102 268 An.
119 240 146 268 c.
171 239 237 267 1609

891 241 1007 266 metes
1036 242 1050 263 v
1080 242 1123 264 [Ψ.
1674 230 1738 266 583

257 288 492 333 eleemosynam
512 315 520 329 ,
559 294 655 332 prout
689 288 826 322 charitas
862 288 1016 339 singulisf
1031 299 1167 333 quarum
1194 294 1319 323 tenores
1336 288 1559 333 praesentibus
1573 288 1684 322 haberi
1709 299 1767 322 vo-

255 341 470 399 suggesserit,
499 341 656 382 fecerint,
685 342 903 386 plenissimam
929 341 1138 382 oni-!lumus
1167 352 1226 386 pro
1258 342 1433 386 expressis,
1464 342 1771 386 quomodocumque

254 394 343 428 nium
369 400 577 439 peccatorum
603 405 736 428 suorum
763 394 995 437 indulgentiam
1012 386 1014 435 1
1032 395 1210 434 reservatis,
1234 395 1266 427 in
1292 395 1360 427 t'oro
1389 394 1624 436 eonscientiae,
1657 400 1688 428 et
1711 395 1771 428 hac

255 454 285 481 et
309 447 558 489 remissionem,
591 448 673 481 sicut
698 448 729 481 in
755 458 840 481 anno
866 442 1014 517 iubilaei}
1032 447 1099 481 xice
1124 453 1270 488 tantum,
1302 448 1467 481 absolxeie
1496 454 1525 481 et
1558 422 1694 482 liberate
1719 459 1770 482 xa-

255 500 454 535 visitantibus
475 505 578 534 certas
599 501 846 535 ecclesiasintia
860 507 889 534 et
910 506 996 534 extra
1012 488 1127 541 leant,
1148 507 1178 534 et
1197 502 1329 544 insuper
1350 507 1421 535 v·ot1
1447 512 1670 546 quaecumque
1692 502 1768 545 (Re-

254 555 371 589 Urbem
393 554 526 588 concedi
552 554 734 595 consuexit,
759 559 869 588 tenore
899 564 947 598 pr
939 565 993 588 ae·
1012 535 1158 597 1113101115
1179 561 1209 588 et
1229 555 1380 588 eastitatis
1406 556 1607 600 exceptis)1n
1633 556 1695 589 alia
1718 556 1772 600 pia

1784 241 1833 267 An.
1853 240 1879 268 C.
1902 241 1968 270 1609

79 414 230 439 indulgentiam

53 447 93 468 que
109 441 215 461 concedit.

80 691 182 717 liegitnne
202 696 237 711 nu*

54 719 119 744 pediti
136 719 171 744 qui
191 724 238 737 eain

53 745 154 771 conequi
205 750 238 765 va-

54 773 118 793 leant.

67 1392 187 1412 facultates
196 1398 242 1411 01111-

58 1418 224 1439 remanet-w

254 608 395 642 sentium
421 607 607 650 elargimur.

254 940 413 974 expressa,
434 930 481 964 vel
499 940 611 964 eorum
633 929 739 974 aliqua
758 936 920 974 praestare
940 941 996 964 ne-

255 982 426 1028 quiverint,
444 988 479 1016 ut
498 983 722 1024 confessarius,
747 994 842 1027 quein
865 989 897 1017 ut
915 983 997 1017 infra

253 1036 420 1080 elegerint,
444 1037 607 1081 praedicta
628 1037 737 1071 onmia
755 1043 785 1071 et
804 1037 928 1080 singula
950 1038 996 1071 tel

255 1209 433 1243 prorogare
449 1199 549 1243 possit
561 1197 580 1240 ⁴,
597 1210 698 1243 eaque
720 1199 897 1242 iniungere,
916 1211 997 1244 quae

257 1309 464 1343 concedimus
482 1315 512 1342 et
532 1308 745 1351 indulgemus.

277 1381 285 1383 >
303 1364 318 1405 g
339 1362 370 1395 4.
402 1362 572 1406 Cupientes
597 1368 703 1396 autem
732 1363 861 1396 cosdem
887 1353 1016 1398 omnes⁴

228 1429 243 1435 *¹
258 1416 482 1450 christifideles
504 1416 642 1450 thesauri
665 1416 848 1450 huiusmodi
870 1418 998 1461 partici-

241 1481 314 1514 ·pes
332 1470 418 1511 fieri,
443 1470 599 1504 universis
621 1476 650 1504 ct
677 1471 810 1513 singulis
832 1471 1017 1515 utriusque:

257 1535 350 1557 sexus
375 1523 635 1558 christifidelibus
656 1523 840 1568 praedictis,
862 1531 923 1558 tam
944 1523 1017 1558 lai-³

257 1577 301 1611 cis
330 1588 424 1621 quam
455 1577 698 1617 ecclesiasticis,
726 1578 944 1612 saecularibus
969 1586 998 1612 ct

257 1631 459 1674 regularibus
473 1631 705 1675 cuiuscumque
719 1631 847 1665 Ordinis
866 1638 896 1665 et
916 1633 999 1666 insti·
1015 1629 1017 1651 ⁴

258 1685 327 1726 tuti,
351 1685 514 1719 licentiam
536 1685 743 1719 concedimus
761 1691 791 1719 et
814 1687 996 1720 facultatem

258 1740 383 1781 damus,
405 1744 439 1773 ut
459 1739 518 1772 sibi
537 1739 578 1772 ad
598 1738 682 1772 1111110
704 1739 852 1773 effectum
879 1740 997 1783 eligere
1015 1735 1016 1761 3

257 1793 380 1838 possint
406 1803 646 1837 quemcumque
671 1793 894 1838 presbyterum
923 1805 999 1828 con-

257 1900 385 1935 Ordinis
406 1900 598 1943 regularem,
616 1912 652 1933 ex
670 1900 855 1944 approbatis
876 1912 893 1934 a
911 1901 997 1934 loco-

257 1965 329 1988 rum
350 1954 538 1995 Oidinariis,
562 1953 615 1998 qui
638 1964 692 1988 eos
713 1954 751 1987 ab
773 1954 924 1988 omnibus
945 1965 998 1988 ex-

259 2007 560 2042 communicationis
580 2035 586 2048 ,
618 2007 835 2051 suspensionis
868 2014 897 2041 et
930 2009 999 2042 aliis

259 2061 483 2096 ecclesiasticis
496 2061 662 2095 sententiis
680 2068 710 2095 et
727 2062 880 2103 censuris,
895 2074 913 2095 a
932 2062 999 2096 iure

260 2116 306 2150 vel
321 2115 360 2149 ab
374 2114 516 2156 homine,
531 2115 641 2159 quavis
655 2117 749 2149 causa
765 2115 835 2149 latis
849 2125 902 2150 seu
922 2116 1001 2149 inlli-

259 2170 328 2211 ctis‚
352 2180 479 2204 necnon
501 2170 541 2203 ab
562 2170 712 2204 omnibus
729 2170 878 2214 peccatis,
896 2182 1000 2205 exces-

259 2331 446 2372 Ordinariis‚
463 2331 527 2365 sive
540 2331 633 2365 nobis
652 2337 683 2365 et
700 2331 772 2365 Sedi
791 2326 998 2375 apostolicae,

261 2439 371 2480 solitis,
396 2439 572 2480 contentis,
596 2445 691 2483 atque
718 2439 794 2472 alias
816 2451 873 2483 per
901 2451 998 2484 quas-

261 2503 400 2537 cumque
430 2493 650 2527 Romanorum
684 2492 876 2526 Pontificum
909 2505 998 2537 prae-

262 2547 466 2580 decessorum
508 2552 692 2580 nostrorum
730 2546 973 2580 constitutiones

302 2663 310 2688 t
334 2661 402 2689 Edit.
421 2660 498 2689 Mani.
517 2661 580 2697 legit
593 2662 701 2697 pos-sint
718 2662 755 2696 (u.
773 2662 820 2696 r.).

1015 1918 1017 1933 :
1034 1904 1072 1937 ad
1101 1903 1220 1941 instat·⁷

1016 1949 1017 1995 f
1034 1963 1063 1990 et
1083 1957 1373 1998 Congregationum
1393 1956 1456 1990 sire
1480 1957 1700 1990 Institutorum
1729 1969 1777 1991 re-

1016 2018 1017 2055 }
1034 2010 1194 2053 gularium
1213 2038 1218 2046 ,
1240 2010 1333 2043 etiam
1368 2010 1550 2044 iuramento
1567 2037 1572 2050 ,
1597 2010 1772 2044 confirma-

1016 2057 1017 2099 ἶ
1036 2064 1121 2097 tione
1139 2064 1327 2108 apostolica,
1352 2064 1398 2097 vel
1421 2064 1531 2108 quavis
1550 2064 1700 2098 tirmitate
1715 2065 1776 2099 alia

1017 2123 1018 2149 3
1036 2118 1205 2155 roboratis,
1219 2118 1344 2151 statutis
1359 2124 1389 2151 et
1403 2118 1699 2159 consuetudinibus,
1714 2119 1776 2163 pri-

1017 2172 1156 2217 ἰ11103115
1178 2183 1318 2215 quoque,
1340 2172 1469 2205 indultis
1495 2178 1524 2206 et
1551 2172 1663 2205 litteris
1684 2183 1775 2216 apos-

259 2224 357 2265 sibus,
381 2223 582 2265 criminibus,
599 2230 629 2258 et
643 2224 776 2263 delictis,
799 2230 1000 2268 quantumvis
1017 2220 1018 2272 J

260 2278 409 2322 gravibus
438 2283 469 2311 et
494 2277 700 2318 enormibus,
729 2277 822 2311 etiam
855 2275 1019 2312 locorum?

1018 2368 1019 2372 ,
1036 2333 1130 2366 cessis
1147 2360 1152 2371 ,

261 2385 355 2419 etiam
377 2385 408 2418 in
429 2386 542 2419 litteris
564 2385 614 2419 dic
639 2386 761 2419 Coenae
788 2386 912 2419 Domini
941 2387 1000 2429 legi
1018 2383 1019 2392 ¹

1018 2452 1216 2484 φοι-1111111110
1243 2441 1314 2474 10115
1341 2441 1507 2474 tenoribus
1528 2441 1673 2485 specialis

1013 598 1061 644 iet
1081 608 1232 641 salutaria
1258 618 1356 652 opeia
1382 614 1604 651 commutaiQe
1629 609 1771 643 iniuncta

299 663 315 704 ξ
341 661 371 695 3.
407 661 618 704 Regularibus
650 667 756 694 autern
790 661 935 705 personis
965 656 1015 703 in,

255 715 400 749 claustris
435 721 592 759 perpetuo
624 715 813 758 degentibus
832 742 839 755 ,
871 725 996 748 necnon
1014 715 1015 718 ’

254 769 324 803 aliis
345 768 604 813 quibuscumque
622 768 883 802 christifidelibus
904 780 996 812 prae·
1013 789 1014 793 =

256 822 360 864 dictis,
384 822 532 863 carceris,
556 822 751 856 infirmitatis
770 823 816 856 vel
835 822 898 856 alio
915 833 996 866 quo·
1013 817 1015 840 ²

254 887 395 921 cumque
415 876 648 921 impedimento
669 876 815 917 detentis,
833 876 886 920 qui
901 879 1015 920 supra‘

1033 667 1139 694 tamen
1161 661 1204 695 eis
1226 668 1252 696 et
1276 671 1389 695 eorum
1415 662 1547 695 cuilibet
1568 663 1599 695 in
1625 662 1771 706 supradi-

1032 714 1089 748 ctis
1113 715 1263 749 omnibus
1296 715 1422 749 casibus
1453 715 1649 759 poenitentia
1681 717 1768 750 salu-

1034 768 1103 809 tari,
1123 768 1257 813 aliisque
1272 768 1415 802 eiusdem
1434 769 1617 802 confessarii
1639 769 1771 803 arbitrio

1032 821 1246 865 iniungendis.
1272 823 1340 856 Non
1370 822 1567 856 intendimus
1587 828 1695 856 autem
1715 834 1772 867 per

1031 882 1215 920 praesentes
1234 888 1330 921 super
1343 877 1449 921 aliqua
1471 877 1704 920 irregularitate
1719 888 1773 921 pu-

1031 929 1125 970 blica,
1150 930 1196 963 vel
1223 931 1367 971 occulta,
1392 932 1479 971 nota,
1511 930 1647 971 defectu,
1679 930 1769 964 inca-

1013 1011 1014 1030 ,
1032 983 1168 1027 pacitate
1184 1011 1191 1024 ,
1214 994 1270 1017 seu
1295 983 1494 1017 inhabilitate
1516 994 1647 1028 quoquo
1676 985 1772 1018 modo

1013 1031 1015 1087 J
1032 1040 1208 1078 contracta,
1233 1037 1429 1082 dispensare,
1450 1037 1497 1070 rel
1516 1037 1654 1081 aliquam
1677 1038 1773 1071 sacul-

253 1101 366 1124 eorum
387 1090 495 1135 aliqua
510 1090 540 1123 in
556 1090 616 1124 alia
637 1090 764 1135 pietatis
785 1101 882 1135 opera
903 1102 993 1124 com-

255 1150 380 1178 mutare
405 1145 451 1178 vel
483 1144 514 1178 in
546 1145 633 1178 aliud
658 1145 841 1189 proximum
873 1151 1015 1189 tempus

1033 1097 1127 1125 tatem
1162 1092 1302 1126 tribuere
1332 1092 1538 1136 dispensandi
1564 1102 1618 1126 seu
1651 1092 1769 1125 habili-

1033 1146 1131 1187 tandi‚
1149 1152 1179 1180 et
1201 1147 1231 1179 in
1253 1146 1423 1191 pristinum
1446 1152 1562 1179 statum
1585 1146 1771 1180 restituendi

1013 1236 1015 1248 4
1033 1201 1128 1235 etiam
1150 1201 1181 1234 in
1202 1202 1270 1235 foro
1293 1200 1527 1235 conscientiam
1550 1211 1655 1246 neque
1677 1200 1773 1234 etiam

255 1253 315 1298 ipsi
336 1253 537 1298 poenitentes
558 1253 684 1287 efficere
698 1259 861 1297 poterunt,
880 1253 1015 1297 pariter*

1034 1256 1080 1295 115,
1102 1257 1155 1300 qui
1177 1267 1194 1289 a
1214 1256 1306 1289 nobis
1333 1262 1361 1289 ct
1387 1256 1466 1289 Sede
1491 1256 1696 1299 Apostolica,
1721 1262 1774 1289 aut

1033 1310 1071 1343 ab
1098 1310 1205 1354 aliquo
1227 1310 1384 1354 praelato,
1406 1320 1460 1343 seu
1482 1310 1588 1344 iudice
1609 1310 1774 1344 ecelesias-

1035 1363 1095 1397 tico
1114 1364 1394 1403 exeommunicati,
1416 1374 1471 1397 seu
1485 1364 1640 1408 suspensi,
1663 1365 1710 1398 vel
1727 1364 1774 1397 in-

1036 1417 1176 1458 terdicti,
1197 1429 1253 1451 seu
1279 1418 1356 1451 alias
1382 1418 1412 1450 in
1438 1418 1611 1451 sententias
1639 1424 1668 1451 et
1699 1429 1773 1451 cen-

1033 1482 1122 1505 suras
1160 1472 1308 1505 incidisse
1347 1472 1498 1505 declarati
1524 1499 1529 1508 ,
1566 1472 1611 1505 rel
1647 1472 1774 1516 publice

1034 1526 1215 1559 (lenunciati
1239 1526 1367 1561 tuerint,
1393 1525 1452 1558 11151
1476 1525 1557 1559 intra
1578 1532 1703 1569 tempus
1724 1538 1772 1560 ce-

1034 1579 1222 1612 lebrationis
1254 1579 1438 1612 huiusmodi
1467 1579 1594 1612 iubilaei
1615 1579 1774 1613 satisfece-

1034 1633 1106 1673 rint,
1133 1640 1186 1665 aut
1211 1644 1282 1665 cuni
1310 1633 1453 1676 partibus
1482 1633 1771 1671 concordaverint,

1033 1686 1137 1720 nullo¹
1154 1687 1251 1720 modo
1269 1687 1435 1730 suflragari
1458 1698 1549 1731 posse
1570 1693 1622 1720 aut
1644 1687 1771 1721 debere.

1079 1740 1136 1783 gl».
1153 1741 1221 1774 Non
1234 1741 1435 1774 obstantibus
1449 1741 1732 1775 constitutionibus
1747 1748 1774 1775 et

1015 1826 1017 1837 y
1034 1794 1291 1828 ordinationibus
1312 1795 1505 1838 apostolicis,
1520 1805 1646 1828 necnon
1664 1796 1775 1838 regula

258 1847 437 1888 fessarium,
452 1852 516 1880 tam
530 1847 727 1880 saecularem
746 1858 841 1891 quam
861 1847 998 1881 cuiusvis
1015 1851 1016 1854 ’

1034 1851 1141 1882 nostra
1167 1848 1205 1881 de
1230 1859 1294 1882 11011
1325 1848 1539 1882 concedendis
1570 1848 1776 1891 indulgentiis

1246 1915 1280 1936 ac
1307 1913 1589 1947 ‹piorumcumque
1620 1902 1775 1937 Ordinum

1037 2225 1148 2263 tolicis,
1173 2225 1292 2258 eisdem
1307 2225 1480 2259 Ordinibus
1501 2231 1531 2259 et
1550 2225 1775 2268 Congregatio-

1037 2279 1129 2312 nibus
1145 2285 1239 2323 atque
1254 2278 1407 2313 institutis
1436 2279 1679 2322 quomodolibet
1701 2291 1776 2313 con-

1189 2333 1374 2377 approbatis
1404 2340 1434 2367 et
1465 2333 1631 2366 innovatis.
1657 2333 1776 2372 Quibus

1037 2387 1187 2420 omnibus
1218 2394 1245 2420 et
1282 2387 1437 2429 singulis,
1467 2387 1561 2420 ctiam
1596 2388 1620 2420 si
1652 2388 1690 2421 de
1716 2388 1776 2422 illis

1678 2470 1684 2481 ,
1707 2453 1777 2486 spe-

1037 2494 1130 2527 cifica
1147 2500 1177 2527 et
1197 2494 1372 2531 individua,
1397 2505 1460 2527 non
1482 2500 1587 2527 autem
1615 2506 1671 2538 per
1692 2495 1778 2528 clau-

992 2575 999 2588 ,
1019 2568 1021 2575 ι
1038 2548 1121 2581 sulas
1139 2548 1303 2589 generales
1319 2548 1402 2581 idem
1418 2548 1639 2591 importantcs,
1657 2549 1777 2582 mentio

1079 2664 1084 2687 t
1109 2662 1206 2697 Aptius
1223 2662 1359 2697 legeretur
1377 2662 1434 2688 ullo
1449 2663 1488 2693 (11.
1506 2666 1552 2691 τ.).

1819 1750 1928 1771 Contraria
1937 1750 1974 1770 tol-

1792 1778 1868 1797 luntur.
