2227 3241
838 266 933 290 INDEX
960 266 1158 291 nt'BRICARmt

329 317 369 352 de
401 315 616 353 Observantia
653 315 860 349 existentium
893 313 984 347 cele-

330 370 523 405 brandarum
556 369 595 403 ad
620 369 688 402 loca
713 367 896 402 eorumdem
922 367 984 401 fra-

330 428 423 466 trum,
449 425 501 458 58.

241 477 450 514 CCCXXXIV.
464 477 576 512 Forma
589 475 788 511 observanda
802 485 818 509 a
833 474 984 509 fratribus

330 531 507 567 Minoribus
537 531 668 567 Ordinis
699 531 800 564 sancti
825 529 984 564 Francisci

330 586 496 620 strictioris
521 583 756 620 Observantiae
779 592 877 627 super
900 591 985 616 rece-

330 640 438 683 ptione
463 640 667 679 novitiorum,
685 637 737 671 60.

242 690 438 726 CCCXXXV.
463 690 631 724 Commisio
647 689 827 725 Ordinariis
844 689 984 723 locorum

331 741 494 779 Indiarum
524 744 778 780 Occidentalium
810 753 984 788 eorumque

329 800 360 833 in
378 797 600 843 spiritualibus
617 797 818 839 officialibus,
829 801 862 831 ut
877 797 985 831 tollant

329 852 464 888 abusum
488 852 710 896 parochorum,
737 853 790 895 qui
808 851 984 895 eleemosy-

329 915 400 940 nam
419 905 516 949 duplo
533 909 586 939 aut
605 904 710 950 aliqua
729 908 816 948 parte
834 906 983 938 maiorem

328 957 369 992 ab
401 960 438 992 iis
463 960 517 1003 qui
546 957 746 1001 sepeliuntur
778 960 808 991 in
838 957 984 991 ecclesiis

330 1011 524 1056 regularium
558 1013 710 1055 exigunt,
749 1021 844 1056 quam
869 1011 908 1044 ab
934 1013 983 1051 iis,

329 1066 384 1110 qui
409 1066 440 1098 in
457 1065 595 1109 propriis
609 1063 756 1098 ecclesiis
773 1063 982 1098 saecularium

329 1118 538 1162 sepeliuntur,
555 1119 607 1151 60.

241 1170 452 1206 CCCXXXVI.
478 1171 511 1204 In
537 1171 620 1205 idem
647 1174 878 1213 argumentum,
898 1171 949 1204 61.

241 1223 473 1258 CCCXXXVII.
499 1224 710 1269 Committitur
734 1225 849 1258 nuncio
866 1223 985 1258 Saban-

329 1277 417 1321 diae,
451 1281 482 1312 ut
507 1277 685 1321 prohibeat,
711 1287 750 1311 ne
775 1279 807 1312 in
832 1277 910 1311 locis
936 1277 985 1311 Pi—

328 1332 459 1374 nerolii,
485 1336 515 1366 et
546 1331 617 1365 aliis
642 1333 896 1373 circumvicinis,
923 1324 985 1374 pa-'

328 1389 434 1420 rentes
469 1388 675 1429 imposterum
702 1386 781 1419 tilios
806 1386 983 1420 nutricibus

328 1440 498 1474 haereticis
524 1440 707 1474 educandos
733 1440 865 1481 tradant,
888 1440 938 1473 6-2.

240 1492 484 1528 CCCXXXVIlI.
516 1494 696 1528 Declaratio
728 1494 811 1539 quod
837 1494 982 1527 monachi

329 1546 592 1592 Congregationis
629 1548 744 1582 Beatae
776 1548 894 1582 Mariae
923 1548 983 1581 Fu-

328 1600 439 1635 liensis
458 1603 560 1635 sancti
580 1601 742 1643 Bernardi,
761 1600 982 1635 cisterciensis

328 1653 478 1697 Ordinis,
513 1657 567 1701 qui
592 1655 630 1689 ad
667 1655 761 1689 aliam
794 1654 981 1699 religionem

327 1709 528 1750 transierint,
554 1709 593 1742 ad
619 1709 763 1743 eamdem
787 1712 901 1743 iterum
928 1719 984 1742 ne-

327 1771 488 1807 quaquam
513 1761 634 1808 absque
664 1763 755 1797 Sedis
780 1763 983 1807 Apostolicae

330 1815 458 1849 lieentia
483 1818 690 1860 recipiantur,
709 1818 760 1850 63.

240 1867 456 1903 CCCXXXIX.
490 1868 777 1913 congregationem
802 1874 982 1904 sanctorum

328 1922 433 1957 Vitoni
465 1927 494 1956 ct
518 1923 699 1967 liutulphi,
725 1923 856 1958 Ordinis
882 1927 982 1958 sancti

329 1976 505 2018 Benedicti,
531 1978 633 2020 erigit,
659 1977 698 2010 ad
724 1979 823 2011 instar
848 1977 984 2023 Congre-

329 2032 466 2074 gationis
491 2030 702 2072 Cassiucnsis,
720 2033 814 2075 eique
839 2032 981 2065 eiusdem

329 2082 592 2128 Congregationis
603 2084 802 2119 Cassineusis
813 2086 876 2128 prii
886 2085 982 2129 ilcgia

329 2140 550 2179 communicat,
568 2139 619 2172 64.

241 2189 375 2225 CCCXL.
401 2191 528 2225 Terram
555 2192 674 2236 Campli
704 2194 734 2226 in
761 2194 921 2228 civitatem
953 2197 983 2227 et

330 2243 498 2278 ecclesiam
523 2246 753 2288 parrochialem
783 2246 895 2281 beatae
919 2246 983 2281 Ma-

329 2298 397 2332 riae
428 2300 459 2332 in
492 2299 704 2333 cathedralem
731 2301 833 2344 erigit.
860 2304 889 2334 et
915 2310 984 2344 pcr-

330 2355 426 2395 petuo
451 2361 522 2386 cuni
547 2353 696 2387 Hortensi
719 2356 793 2394 unit,
820 2355 871 2387 66.

241 2403 392 2440 CCCXLI.
418 2405 560 2440 Iniuncta
590 2406 735 2451 Philippo
756 2407 797 2441 III
819 2407 983 2452 Hispania-

1649 261 1713 294 705

1019 313 1182 349 CCCXLII.
1208 316 1298 356 Quod
1317 319 1523 360 protonotarii
1539 317 1706 361 apostolici
1724 319 1762 352 ti-

1108 368 1225 402 tularcs
1257 371 1288 402 in
1323 372 1431 413 regnis
1456 371 1611 406 Castellae
1641 375 1673 406 et
1697 370 1762 405 Le-

1106 423 1211 465 gionis
1228 422 1343 456 cedere
1360 423 1500 458 debeant
1515 424 1619 458 locum
1635 424 1762 468 dignio-

1108 485 1174 509 rem
1187 476 1375 510 officialibus
1390 479 1544 522 episcopi,
1554 478 1762 521 dignitatibus

1108 532 1138 562 et
1163 531 1324 563 canonicis
1342 530 1580 573 cathedralium,
1598 532 1650 566 78.

1018 582 1200 617 CCCXLllI.
1233 583 1419 617 Declaratur
1444 595 1505 619 non
1530 586 1628 619 licere
1653 585 1762 629 laicis,

1108 637 1183 671 dnm
1209 637 1317 670 diviua
1342 638 1446 671 officia
1471 640 1501 672 in
1521 639 1655 674 ecclesia
1672 639 1763 674 Com-

1108 689 1284 734 postellana
1308 690 1528 733 celebrantur,
1553 694 1636 726 inter
1667 701 1762 726 cano-

1108 745 1197 777 nicos
1222 747 1253 777 et
1277 743 1355 777 alios
1380 744 1613 787 praebendatos
1642 755 1678 779 ac
1703 747 1762 780 mi-

1108 798 1222 830 nistros
1266 798 1296 829 in
1336 796 1431 830 choro
1471 798 1519 830 vel
1558 797 1760 843 presbyterio

1107 854 1201 892 stare,
1226 859 1331 895 neque
1355 851 1596 893 magistratibus
1623 856 1654 886 et
1678 851 1762 886 iudi-

1107 903 1198 938 cibus
1235 903 1324 937 laicis
1360 904 1549 947 dignitatum
1586 905 1681 939 sedes
1710 905 1762 939 vel

1108 959 1335 991 canonicorum
1359 957 1448 991 stalla
1463 967 1635 1000 occupare,
1652 959 1705 992 79.

1019 1010 1194 1045 CCCXLIV.
1227 1010 1363 1045 Decreta
1394 1011 1545 1045 nonnulla
1569 1021 1626 1056 pro
1650 1021 1762 1046 manu-

1108 1067 1246 1099 tentione
1271 1073 1425 1107 aggerum
1450 1065 1588 1098 ssuminis
1606 1064 1761 1108 Rhodani,

1107 1128 1164 1162 pro
1188 1117 1407 1151 iurisdictione
1433 1117 1597 1151 consulum
1622 1117 1761 1162 polItiae,

1109 1174 1140 1205 et
1175 1172 1214 1205 de
1244 1170 1399 1205 militibus
1431 1171 1651 1215 praesidiariis
1676 1171 1762 1206 Ave-

1109 1224 1327 1266 nionensibus‚
1346 1224 1398 1257 80.

1019 1278 1182 1313 CCCXLY.
1208 1280 1398 1323 suppressio
1420 1277 1642 1313 nonnullarum
1660 1278 1761 1313 eccle-

1107 1334 1248 1374 siarum,
1273 1331 1468 1376 capellarum
1505 1335 1536 1366 et
1567 1333 1763 1375 prioratuum

1107 1387 1240 1420 ducatus
1279 1385 1457 1419 Sabaudiae
1497 1389 1529 1419 et
1566 1386 1762 1429 principatus

1107 1441 1359 1481 t‘edeniontium,
1385 1443 1416 1473 et
1437 1439 1610 1483 applicatio
1634 1448 1670 1473 ac
1686 1440 1762 1473 unio

1107 1496 1248 1538 Ipsorum
1270 1493 1400 1527 militiae
1422 1493 1468 1527 Ss.
1490 1492 1627 1527 Mauritii
1645 1496 1676 1527 et
1699 1492 1759 1527 La-

1106 1549 1179 1589 zari,
1199 1548 1250 1580 82.

1017 1600 1199 1635 ccchvi.
1225 1600 1362 1634 Missalis
1387 1600 1520 1634 Romani
1537 1608 1554 1634 a
1571 1600 1626 1634 Plo
1642 1599 1668 1634 V
1685 1599 1763 1635 editi

1106 1655 1218 1688 iterata
1243 1655 1401 1688 restitutio
1425 1657 1457 1687 et
1481 1652 1678 1697 approbatio,
1695 1654 1747 1688 88.

1018 1707 1212 1743 CCCXLVII.
1230 1707 1355 1741 Erectio
1373 1707 1499 1751 collegii
1517 1706 1706 1741 Clementini
1723 1707 1763 1741 de

1107 1761 1201 1803 Urbe,
1220 1762 1270 1795 00.

1018 1815 1226 1850 CCCXLVlll.
1238 1815 1428 1858 Suppressio
1442 1815 1600 1858 prioratus
1616 1812 1764 1848 S.1acobi

1107 1869 1215 1913 oppidi
1241 1869 1279 1902 de
1306 1867 1391 1909 Fixa,
1409 1878 1481 1901 cum
1506 1869 1667 1902 erectione
1692 1866 1763 1901 col—

1107 1922 1182 1965 legii
1207 1922 1375 1956 Societatis
1400 1921 1484 1963 Iesu,
1503 1921 1576 1955 101.

1017 1976 1200 2011 CCCXLIX.
1214 1976 1415 2011 Confirmatio
1430 1976 1650 2010 transactionis
1666 1976 1763 2010 initae

1106 2032 1188 2064 inter
1212 2030 1473 2063 communitatem
1499 2029 1761 2063 AvenIonensem

1107 2089 1135 2118 ct
1178 2085 1338 2118 ministros
1376 2084 1461 2127 regis
1507 2082 1762 2118 christianissimi

1105 2148 1202 2182 super
1237 2140 1329 2182 signo
1363 2147 1421 2172 seu
1447 2136 1532 2171 bullo
1571 2136 1761 2181 apponendo

1106 2193 1218 2236 pannIs
1249 2193 1360 2225 sericis
1394 2201 1451 2235 per
1482 2190 1601 2225 Calliae
1627 2200 1761 2234 regnum

1105 2245 1350 2288 ti'aeisrehendis
1364 2244 1474 2290 ibique
1485 2244 1676 2285 vendendis,
1687 2244 1760 2277 104.

1017 2299 1120 2334 CCCL.
1158 2298 1320 2334 Fratribus
1356 2297 1487 2333 Ordinis
1523 2296 1760 2331 Cruciferorum

1105 2353 1242 2387 ambitus
1281 2354 1471 2397 dignitatum
1511 2354 1542 2385 et
1581 2351 1759 2385 officiorum

1105 2406 1249 2440 ciusdem
1275 2407 1395 2440 ordinis
1420 2404 1630 2446 interdicitur,
1651 2404 1721 2437 107.

328 2468 398 2492 rum
428 2461 496 2502 regi
520 2459 591 2502 lege
617 2462 804 2494 restituendi
837 2460 918 2495 bona
943 2460 982 2495 ab
998 2446 1001 2471 ⁸
1017 2459 1139 2495 CCCLI.
1165 2460 1367 2495 Confirmatio
1392 2459 1616 2492 declarationis
1641 2457 1759 2492 littera-

330 2512 477 2547 eeclesiis
510 2523 525 2547 a
552 2513 697 2558 Philippo
723 2509 918 2549 ll⁶alienata
943 2525 981 2549 ox

330 2569 535 2601 concessione
565 2577 581 2600 a
614 2568 768 2612 Gregorio
795 2568 863 2602 Xlll
890 2568 983 2602 obre-

329 2621 419 2664 ptitie
444 2619 590 2662 obtenta,
616 2620 759 2654 eiusdem
792 2621 930 2666 Philippi
954 2622 981 2656 ΙΙ

329 2675 433 2708 anima
457 2685 472 2708 a
500 2676 643 2708 censuris
666 2673 851 2716 absolvitur,
869 2675 921 2708 70.

399 2742 478 2770 fluct.
496 2743 579 2771 Rom.
608 2742 666 2771 Vol.
687 2742 737 2770 XI.
883 2741 917 2770 89

1105 2524 1174 2548 rum
1207 2514 1295 2547 Pauli
1320 2513 1370 2553 lll,
1397 2512 1512 2557 quibus
1534 2515 1638 2546 castra
1662 2510 1759 2545 L‘rsu-

1106 2569 1170 2601 riae
1188 2571 1217 2601 et
1238 2567 1266 2599 S.
1287 2566 1443 2600 vincentii
1467 2565 1654 2612 Par-catinae
1670 2563 1760 2598 dioe-

1105 2623 1186 2655 cesis
1227 2630 1243 2654 a
1283 2620 1506 2663 superioritate
1546 2621 1577 2652 et
1615 2617 1757 2652 dominio

1105 2675 1212 2709 nuncii
1260 2672 1463 2707 Venetiarum
1503 2674 1533 2706 et
1571 2671 1757 2716 quoruvas
