2227 3241
41 262 88 291 Aa.
106 260 135 289 C.
154 259 220 288 ¹605

70 484 179 506 Rectorem
195 482 222 503 ab

41 512 71 534 eis
79 510 174 537 deputari
183 509 222 530 ius·

8 541 14 558 ¹.
41 539 75 560 tit.

53 857 173 880 tntroituum
187 856 223 877 ad·

46 884 218 914 ministratiunem

40 913 173 939 praescripsn
178 927 183 932 .

89 1606 220 1627 scholarium

43 1633 152 1660 qualitates
184 1634 224 1654 ad-

38 1660 181 1681 mittendorum
187 1660 223 1682 de-

42 1686 135 1712 signarit.

895 258 1013 284 PAULUS
1033 260 1052 283 V
1072 260 1122 284 PP.

1658 250 1723 285 0233

236 312 401 348 nerentur,
419 313 453 341 ut
473 306 587 341 eodem
609 313 753 352 tempore
767 307 831 341 Deo
845 308 975 348 servire,
1014 308 1159 341 Piccinus
1180 307 1342 342 Francisci
1357 307 1453 342 etiam
1475 307 1593 342 Plccini
1612 308 1758 352 (Triden-

237 360 386 395 scientias
404 361 558 401 ediscere,
579 367 609 394 et
623 362 741 404 gratias
759 361 798 395 de
812 361 978 395 beneficiis
1016 361 1109 399 tinus,
1128 361 1204 394 civis
1219 368 1325 395 tamen
1339 362 1516 405 Romanus)
1535 362 1697 406 obsequiis
1710 362 1758 396 di-

238 415 375 459 receptis
395 415 515 448 referre
537 415 688 448 valerent.

283 471 299 512 S
317 468 347 502 3.
368 469 404 502 Et
425 474 602 513 propterea
626 468 737 502 statuit
762 475 792 502 et
819 469 980 503 ordinavit

238 522 325 567 quod
345 533 428 555 unus
449 522 600 564 magister
615 533 671 555 seu
692 527 798 555 rector
814 523 975 564 sacerdos,

238 587 256 610 a
269 575 400 621 Cyriaco
415 581 445 609 et
457 575 656 609 Hasdrubale
678 586 714 609 ac
738 576 980 610 successoribus

238 639 365 663 necnon
396 629 580 673 praeposito
609 629 757 673 praefatis
788 630 976 672 eligendus,

239 682 325 716 dicto
353 682 490 725 collegio
511 688 695 726 praeesset,
720 694 756 716 ac
783 683 979 717 scholarium

239 742 269 770 et
289 736 484 770 famulorum
502 747 558 770 seu
572 736 779 770 servientium
798 737 980 781 praedicto-

238 800 310 823 rum
331 801 442 824 curam
463 796 599 833 gereret.

282 844 297 888 ἓ
315 843 344 876 4.
361 836 405 877 Ea
418 849 525 877 tamen
543 844 741 885 conditione,
763 845 849 889 quod
867 845 976 890 Cyria-

238 908 293 931 cus
313 902 344 931 et
363 897 544 931 Hasdrubal
558 908 594 931 ac
611 909 810 932 successores
823 899 979 943 praedicti

237 951 277 984 de
297 961 355 995 per
366 961 399 984 se
416 951 476 984 soli
491 962 601 984 curam
621 957 649 985 et
664 952 978 987 administrationem

237 1005 321 1039 dotis
353 1011 383 1039 et
413 1006 624 1051 pecuniarum
654 1007 798 1041 eiusdem
831 1008 975 1051 collegii,

236 1070 364 1093 necnon
384 1060 568 1094 facultatem
590 1061 661 1094 loca
678 1061 832 1095 Montium
855 1068 885 1096 et
905 1073 978 1096 cen-

236 1124 289 1147 sus
309 1124 365 1147 seu
384 1113 470 1147 bona
490 1114 617 1148 stabilia
630 1114 816 1149 huiusmodi
835 1117 975 1158 emendi,

236 1173 278 1209 et,
301 1167 334 1201 in
356 1173 504 1202 eventum
527 1168 656 1202 illorum
672 1169 886 1211 extinctionis,
907 1182 980 1215 pre-

236 1220 316 1254 tium
338 1220 413 1255 inde
432 1227 678 1266 proventurum,
705 1229 803 1267 prout
823 1223 868 1257 eis
886 1224 975 1258 vide-

236 1279 325 1307 retur
345 1280 376 1307 et
396 1274 529 1308 inferius
548 1275 729 1317 ordinatur,
751 1276 978 1311 reinvestiendi

234 1326 403 1367 haberent,
416 1328 471 1361 sed
488 1327 520 1361 in
535 1329 738 1373 expeditione
753 1330 977 1364 mandatorum

236 1391 349 1415 manus
370 1381 445 1415 dicti
462 1382 637 1426 praepositi
651 1383 856 1425 intervenire,
878 1390 907 1418 et
926 1385 979 1418 de-

235 1434 443 1468 liberationes
464 1436 572 1478 magni
595 1437 750 1470 momenti
770 1448 866 1481 super
883 1439 979 1472 rebus

237 1487 313 1521 dicti
327 1488 453 1531 collegii
463 1488 610 1522 similiter
624 1500 695 1523 curn
711 1490 779 1524 eius
800 1491 978 1525 interventu

238 1541 307 1575 fieri
321 1542 487 1576 deberent.

283 1596 300 1638 ἕ
321 1594 350 1628 5.
374 1596 530 1640 Quodque
560 1597 591 1630 in
622 1598 734 1631 eodem
757 1598 893 1642 collegio
917 1605 975 1640 tot,

239 1654 318 1694 quot
336 1660 371 1683 ex
389 1649 574 1684 introitibus
595 1651 680 1684 illius
702 1652 784 1686 dotis
802 1653 844 1686 ibi
867 1663 979 1687 manu-

239 1703 341 1737 teneri
365 1710 508 1748 possent,
536 1704 697 1739 scholares
718 1706 854 1740 Romani
876 1707 976 1750 origi-

238 1757 337 1799 narii,
357 1768 414 1791 seu
442 1758 538 1791 etiarn
561 1758 644 1792 cives
670 1770 704 1792 ex
730 1760 911 1804 privilegio,
941 1763 979 1795 de

239 1810 339 1843 nobili
360 1821 478 1854 genere
499 1813 658 1856 procreati
678 1819 707 1846 et
724 1825 883 1858 pauperes
901 1814 981 1848 reci-

238 1871 402 1909 perentur:
428 1866 469 1900 ita
491 1872 599 1900 tamen
625 1873 660 1901 ut
677 1878 760 1901 unus
785 1869 831 1902 vel
854 1869 918 1902 duo
944 1880 979 1902 ex

238 1919 449 1961 Nonantulae,
467 1925 496 1953 et
517 1916 599 1954 unus
613 1931 648 1954 ex
662 1922 866 1956 Famularum
891 1923 982 1958 terris

239 1973 357 2008 nullius
379 1974 534 2008 dioecesis
548 1975 786 2019 provinciarum
803 1977 983 2011 Bononien-

239 2027 280 2061 sis
311 2033 341 2061 et
369 2027 590 2062 Urbinatensis
619 2030 794 2074 respective
828 2031 978 2072 oriundi,

239 2081 262 2114 si
281 2081 335 2125 qui
356 2081 504 2116 adessent
527 2082 581 2126 qui
603 2082 763 2116 dictorum
783 2084 979 2117 scholarium

240 2135 366 2168 muneri
391 2141 421 2169 et
445 2136 606 2170 consortio
635 2137 774 2170 adscribi
801 2137 978 2179 instarent,

240 2188 332 2222 dictis
357 2189 508 2223 Romanis
526 2190 776 2233 praeferrentur,
804 2191 982 2225 dummodo

241 2242 346 2276 idonei
377 2248 408 2276 et
435 2243 647 2287 acceptabiles
678 2244 791 2278 forent.
826 2244 891 2286 Sub
922 2246 983 2279 hoc

241 2302 346 2331 autem
367 2297 527 2342 principio
546 2298 654 2331 dilecti
676 2298 745 2339 filii,
767 2299 904 2343 Prosper
924 2300 984 2332 Bo-

240 2361 299 2384 nus
327 2361 363 2384 ex
391 2353 475 2384 terra
501 2352 602 2384 sancti
627 2352 740 2394 Angeli
761 2352 820 2385 sub
839 2352 983 2386 dominio

241 2403 374 2438 ducatus
392 2404 502 2438 Urbini
521 2405 838 2448 (IoannisFrancisci
861 2406 982 2448 ragna-

241 2457 286 2499 ni,
306 2458 360 2503 qui
382 2458 441 2492 sibi
464 2469 480 2491 a
501 2459 632 2492 secretis
646 2459 783 2501 negotiis
801 2459 983 2503 Congrega-

243 2511 488 2555 tionis-Concilii
508 2512 686 2546 Tridentini
701 2512 805 2557 spatio
829 2513 982 2546 tredecim

242 2575 399 2599 annorum
423 2571 453 2599 ct
475 2567 558 2599 ultra
572 2566 770 2607 inservierat,
792 2567 983 2609 consangui-

242 2620 333 2662 neus)
346 2620 416 2653 loco
434 2620 518 2653 illius
537 2620 591 2664 qui
614 2621 653 2654 de
669 2620 753 2653 dicta
774 2622 855 2653 terra
870 2621 984 2653 Famu-

243 2673 344 2706 larum
356 2673 573 2708 admittendus
586 2679 680 2715 esset,
691 2685 817 2708 necnon
826 2674 984 2707 Victorius

302 2734 381 2762 Bull.
402 2735 484 2763 Rom.
502 2752 534 2755 —
553 2737 613 2763 Vol.
634 2736 682 2764 XI.
866 2736 895 2763 31

1015 414 1055 446 cti
1077 414 1196 458 Cyriaci
1219 415 1393 448 insistentis
1414 421 1519 456 natus,
1541 416 1573 448 in
1592 415 1757 450 scholares

1015 468 1158 501 eiusdem
1181 469 1308 511 collegii
1324 469 1420 502 etiam
1439 469 1672 513 reciperentur3
1688 481 1759 504 cae-

1016 522 1090 555 teris
1104 522 1254 556 omnibus
1268 523 1353 556 circa
1368 523 1490 557 dictum
1503 524 1676 567 collegium
1696 524 1758 558 dis-

1014 575 1126 620 positis
1142 576 1273 620 (quibus
1294 576 1325 609 in
1344 576 1453 620 aliquo
1464 579 1500 610 ea
1513 577 1581 611 rice
1594 578 1759 612 dumtaxat

1015 632 1144 674 excepta
1171 630 1320 673 derogari
1350 631 1470 675 voluit)
1496 631 1622 666 firmius
1652 643 1758 666 rema-

1014 683 1175 716 nentibus.

1059 738 1075 779 g
1090 736 1119 771 u.
1132 736 1249 770 Omnes
1264 747 1338 771 vero
1351 737 1512 772 scholares
1527 739 1671 782 praefati,
1684 746 1759 773 tem-

1014 799 1093 833 pore
1115 800 1227 823 eorum
1249 791 1444 835 receptionis
1458 791 1490 824 in
1505 792 1591 825 dicto
1606 792 1754 835 collegio,

1015 844 1125 877 decem
1141 850 1171 877 et
1188 850 1311 888 septem
1328 855 1488 879 annorum
1504 846 1545 879 ad
1562 846 1668 879 minus
1682 857 1758 880 suae

1014 897 1126 931 aetatis
1143 908 1180 931 ac
1203 897 1233 931 in
1255 898 1369 931 litteris
1399 898 1649 933 humanioribus
1668 899 1759 933 suffi-

1014 951 1134 985 cienter
1151 951 1299 985 instructi
1321 958 1437 986 essent.

1059 1008 1074 1048 ξ
1098 1005 1126 1038 7.
1151 1006 1214 1038 Nec
1235 1005 1305 1039 aliis
1325 1016 1422 1050 quam
1443 1017 1552 1040 sacrae
1577 1007 1713 1051 paginae
1729 1014 1756 1041 ct

1014 1060 1090 1094 iuris
1112 1060 1258 1093 canonici
1279 1060 1393 1094 studiis
1406 1060 1594 1095 incumbere
1614 1068 1754 1105 possent.

1058 1115 1073 1156 ξ
1096 1113 1125 1147 8.
1150 1114 1322 1158 vestesque
1344 1114 1522 1156 clericales,
1539 1114 1660 1148 scilicet
1673 1115 1756 1158 nigri

1013 1167 1130 1200 coloris
1145 1172 1175 1201 et
1189 1167 1380 1209 uniformes,
1401 1168 1584 1212 sumptibus
1603 1168 1678 1202 dicti
1693 1169 1758 1202 col-

1014 1220 1099 1263 legii,
1125 1221 1297 1254 deferrent.

1058 1275 1072 1317 ξ
1094 1274 1123 1307 9.
1148 1276 1191 1308 Ac
1213 1275 1244 1308 in
1265 1275 1335 1319 ipso
1357 1275 1494 1318 collegio
1520 1286 1623 1320 usque
1652 1276 1692 1310 ad
1713 1277 1757 1310 vi-

1014 1328 1169 1371 gesimum
1196 1329 1344 1372 quintum
1366 1329 1509 1363 eiusdem
1539 1340 1616 1363 suae
1644 1330 1758 1363 aetatis

1013 1393 1133 1415 annum
1156 1382 1287 1416 retineri
1309 1389 1339 1416 et
1357 1383 1506 1423 educari,
1530 1385 1757 1428 completoque

1014 1446 1098 1469 anno
1120 1436 1318 1478 huiusmodi,
1340 1437 1447 1470 locum
1475 1437 1545 1471 aliis
1574 1437 1689 1471 cedere
1713 1443 1757 1471 te-

1014 1495 1179 1522 net'entur.

1059 1544 1075 1585 ξ
1094 1542 1145 1575 10,
1169 1543 1327 1587 Quodque
1346 1543 1416 1577 loca
1430 1544 1598 1585 Montium,
1619 1555 1674 1578 seu
1689 1555 1759 1578 cen-

1013 1607 1066 1630 sus
1087 1602 1139 1630 ant
1162 1597 1258 1638 bona,
1284 1597 1323 1631 ad
1348 1608 1428 1641 opus
1455 1597 1529 1631 dicti
1557 1598 1696 1641 collegii,
1725 1604 1760 1632 ut

1014 1651 1205 1694 praefertur,
1225 1651 1396 1694 assignata,
1414 1657 1442 1684 et
1458 1651 1610 1696 deinceps
1624 1653 1760 1686 emenda

1014 1715 1072 1749 pro
1105 1706 1178 1738 dote
1204 1711 1234 1738 et
1265 1706 1498 1739 sustentatione
1519 1706 1595 1739 dicti
1617 1706 1757 1750 collegii,

1016 1765 1172 1803 perpetuo
1192 1759 1306 1793 affecta
1324 1765 1353 1793 et
1370 1759 1584 1804 hypothecata
1604 1771 1756 1794 remane-

1017 1820 1097 1854 rent,
1111 1823 1170 1847 nee
1184 1814 1215 1846 in
1234 1814 1332 1847 alium
1348 1825 1440 1847 usum
1455 1814 1597 1848 converti
1615 1821 1759 1858 possent;

1017 1872 1058 1907 et,
1077 1868 1107 1900 in
1129 1873 1278 1901 eventum
1300 1867 1429 1901 illorum
1452 1868 1665 1909 extinctionis,
1689 1879 1761 1912 pre-

1019 1922 1096 1954 tium
1111 1921 1185 1955 inde
1200 1922 1427 1964 redigendum,
1448 1922 1556 1955 statim
1572 1922 1657 1966 apud
1672 1922 1761 1955 Mon-

1019 1981 1080 2008 tem
1106 1975 1236 2008 Pietatis
1257 1976 1295 2008 de
1317 1975 1401 2009 Urbe
1420 1975 1638 2019 deponeretur
1652 2002 1659 2015 ,
1688 1985 1760 2009 cum

1019 2029 1183 2063 mentione
1197 2040 1251 2063 seu
1263 2029 1490 2063 enunciatione
1505 2029 1591 2073 quod
1605 2029 1762 2073 pecuniae

1018 2083 1203 2116 huiusmodi
1228 2094 1288 2127 pro
1314 2083 1399 2116 dicto
1425 2082 1563 2125 collegio
1584 2082 1762 2116 destinatae

1019 2137 1205 2178 existebant,
1227 2148 1333 2181 neque
1354 2147 1390 2170 ex
1419 2137 1533 2170 eodem
1554 2136 1675 2177 Monte,
1699 2136 1760 2169 nisi

1018 2191 1057 2224 ad
1080 2191 1228 2223 effectum
1251 2190 1330 2223 illud
1351 2190 1382 2222 in
1402 2189 1600 2234 emptionem
1622 2189 1760 2222 aliorum

1018 2244 1163 2277 locorum
1196 2243 1350 2277 Montium
1376 2253 1441 2277 non
1466 2242 1669 2283 vacabilium,
1698 2241 1761 2275 sive

1019 2308 1172 2331 censuum
1202 2297 1284 2330 bene
1313 2303 1344 2330 et
1373 2307 1485 2330 secure
1513 2296 1758 2340 impositorum,

1018 2356 1072 2383 aut
1103 2361 1210 2383 rerum
1239 2350 1415 2389 stabilium,
1439 2355 1535 2394 prout
1563 2349 1711 2393 Cyriacus
1732 2355 1762 2382 et

1018 2403 1196 2437 Hasdrubal
1223 2414 1258 2436 ac
1277 2413 1389 2437 eorum
1405 2412 1606 2436 successores
1628 2402 1760 2446 praefati

1020 2460 1081 2490 uua
1097 2468 1168 2490 cum
1189 2457 1273 2490 dicto
1289 2456 1472 2501 praeposito
1491 2456 1593 2498 magis
1611 2455 1761 2499 expedire

1019 2516 1263 2554 cognoscerent,
1287 2510 1429 2544 amoveri
1452 2515 1576 2553 possct;
1601 2519 1635 2541 ac
1662 2509 1692 2541 iu
1712 2509 1762 2541 lit-

1021 2566 1096 2599 teris
1114 2565 1298 2609 patentibus
1320 2565 1459 2608 desuper
1473 2562 1690 2607 expediendis,
1705 2574 1761 2596 seu

1022 2619 1051 2651 in
1074 2618 1291 2651 celebratione
1310 2618 1597 2650 instrumentorum
1624 2616 1762 2659 desuper

1021 2672 1312 2711 conficiendorum,
1333 2681 1462 2714 semper
1483 2669 1631 2714 expressa
1649 2675 1678 2703 et
1692 2680 1763 2714 spe-

1771 260 1822 288 An.
1843 259 1957 288 01005

1841 750 1871 770 De
1888 751 1958 769 aetate

1774 776 1910 799 scholarium.

1801 1006 1883 1028 Studiis
1904 1007 1960 1034 ipso-

1774 1040 1826 1056 rum.

1808 1128 1830 1148 ΕΙ
1847 1127 1928 1149 habitu.

1801 1274 1915 1296 Schoinos
1927 1281 1960 1295 us-

1774 1307 1814 1327 que
1835 1304 1862 1322 ad
1884 1308 1960 1322 annum

1773 1329 1798 1349 25
1813 1331 1832 1348 et
1849 1334 1889 1349 nou
1905 1329 1959 1348 ultra

1773 1355 1860 1376 retincti
1882 1355 1947 1375 iussit,

1797 1551 1856 1571 Bona
1868 1550 1961 1575 Collegio

1775 1578 1881 1603 assignata
1910 1583 1960 1597 nun-

1776 1610 1838 1630 quam
1855 1604 1919 1624 votuit
1937 1610 1961 1624 a·

1775 1631 1857 1651 lienari.
