2227 3241
2139 0 2192 29 mx,

2138 32 2181 60 '75’
2199 36 2200 59 ξ

2154 83 2166 97 J

261 249 298 275 An
327 249 353 274 (μ
378 250 444 276 ines,
491 241 554 273 538
1041 249 1213 273 miramini
1243 250 1390 273 aonixrn

1985 250 2034 276 An.
2049 249 2077 277 C.
2096 249 2166 282 1600
2190 245 2197 269 ³¹
2216 280 2218 285 ,

459 298 526 332 neis
544 304 571 331 et
594 298 631 331 ab
647 297 821 330 th·‹linaiiis
835 297 979 330 lot-orum
999 297 1194 341 approbatis,
1213 306 1215 324 t
1232 297 1263 330 in
1285 297 1412 330 titulum
1435 298 1481 330 vel
1507 298 1731 331 contruendam
1757 303 1810 331 aut
1828 298 1970 331 admini-
2140 298 2165 336 3

459 353 581 384 servata
605 356 709 383 tamen
732 350 832 382 forma
854 349 988 383 Concilii
1005 349 1195 390 Tridentini,
1213 332 1216 377 l
1232 350 1418 384 strationem
1442 350 1630 394 respective,
1643 356 1739 394 prout
1759 350 1820 384 illis
1840 350 1970 385 conces:

460 401 637 446 provideri,
658 411 784 435 necnon
812 402 907 435 etiam
933 402 1120 446 quorumvis
1142 401 1198 436 Or·
1232 414 1285 437 sae
1305 409 1388 444 sunt,
1412 404 1518 447 quoad
1537 403 1682 443 vixerint,
1705 403 1855 444 retinere,
1879 414 1915 437 ac
1935 404 1972 437 il-

266 1603 316 1624 titlat
324 1604 428 1626 collationi
437 1609 453 1624 s.

460 455 571 488 (linum
599 455 694 487 etiam
721 454 970 488 Mendicantium
997 454 1198 497 regularibus

459 507 578 550 pariter
603 506 726 541 idoneis
751 513 781 541 et
805 507 990 551 approbatis
1014 507 1082 551 (qui
1114 508 1199 552 ipsos

460 560 611 594 Moriscos
635 560 700 594 sive
732 560 856 594 noviter
881 571 1052 595 conversos
1078 562 1109 594 in
1138 561 1200 595 fide

461 613 618 648 ‹atholica
644 619 675 647 et
699 613 872 648 christiana
891 614 1009 659 pietate
1030 614 1200 658 diligenter

463 672 492 700 et
518 666 654 700 sollicite
681 667 861 707 instruant,
887 667 1027 711 ipsisque
1059 678 1197 711 evange-

460 719 538 753 lium
565 725 595 753 et
619 720 800 754 doctrinam
826 720 1033 754 christianam
1055 721 1151 754 etiam
1169 721 1199 754 in

465 772 597 816 proprio
628 772 794 817 ipsorum,
818 774 925 816 quoad
957 773 1026 807 sieri
1058 773 1198 817 poterit,

462 825 614 859 idiomate
635 826 795 870 explicare
820 832 850 859 et
874 827 1062 870 praedicare
1080 827 1201 871 possint

461 885 491 913 et
517 879 679 923 debeant)
705 879 736 912 in
761 881 987 914 commendam
1013 886 1068 914 aut
1093 880 1198 914 admi-

462 933 685 967 nistrationem
705 934 837 968 concedi
856 934 956 968 libere
978 940 1008 968 ct
1023 935 1109 968 licite
1129 945 1202 978 pos-

461 987 524 1021 sint
542 992 572 1020 et
595 987 746 1029 valeant¹,
767 988 900 1032 perinde
921 999 957 1022 ac
975 988 998 1022 si
1020 988 1202 1033 praedictae

463 1040 539 1074 Sixti
560 1040 817 1084 praedecessoris
831 1041 956 1075 litterae
975 1052 1040 1075 non
1058 1052 1203 1075 emanas-

462 1099 541 1136 sent,
554 1094 744 1128 auctoritate
759 1100 787 1128 et
804 1100 914 1128 tenore
935 1095 1108 1139 praedictis
1129 1105 1203 1129 con-

463 1148 608 1182 cedimus
633 1154 661 1182 et
689 1148 911 1191 indulgemus,
940 1160 976 1181 ac
1001 1149 1200 1189 collationes,

463 1202 677 1247 provisiones,
701 1203 909 1237 commendas
930 1208 959 1236 et
980 1202 1203 1236 concessiones

464 1257 495 1289 in
520 1255 846 1297 administrationem,
864 1256 902 1290 de
918 1256 1090 1300 praedictis
1110 1266 1203 1300 paro-

464 1310 620 1343 chialibus
646 1309 788 1343 ecclesiis
812 1321 867 1343 seu
898 1310 1025 1344 illarum
1052 1309 1200 1352 vicariis,

465 1369 499 1397 ut
514 1364 705 1407 praefertur,
719 1363 891 1405 faciendas,
908 1363 1157 1407 validas,firmas
1174 1370 1200 1397 et

465 1417 611 1451 efficaces
635 1417 704 1451 sore
728 1423 759 1451 et
783 1428 862 1459 esse,
879 1428 1018 1462 suosque
1043 1417 1204 1462 plenarios

466 1476 496 1505 et
520 1471 661 1514 integros
692 1471 824 1505 effectus
855 1471 967 1514 sortiri
996 1477 1025 1505 et
1059 1471 1204 1505 obtinere

467 1525 584 1558 debere
608 1524 778 1559 statuimus
803 1530 833 1558 et
857 1525 1054 1559 ordinamus.

512 1579 529 1621 ἕ
555 1578 584 1612 fr.
613 1578 781 1612 Praeterea
807 1589 1027 1622 quascumque
1054 1579 1202 1612 collatio·

468 1642 546 1672 nes,
574 1632 796 1676 provisiones,
828 1633 1036 1666 commendas
1069 1640 1099 1666 et
1130 1632 1206 1665 alias

469 1685 698 1729 dispositiones
723 1686 762 1719 de
787 1685 946 1719 similibus
970 1685 1207 1730 parochialilnis

469 1739 611 1773 ecclesiis
635 1739 667 1772 in
689 1740 829 1772 savorem
851 1750 1062 1783 personarum
1090 1739 1204 1773 alieni-

467 1802 622 1835 genarum
648 1804 684 1826 ac
710 1792 932 1836 religiosorum
959 1792 1156 1837 quorumvis,
1177 1804 1209 1826 e-

469 1845 543 1880 tlam
569 1845 830 1888 Mendicantium‚
850 1852 921 1890 post
942 1847 1067 1891 lapsum
1089 1857 1205 1891 supra-

469 1899 543 1933 dicti
564 1899 705 1934 sexennii
725 1900 823 1933 saetas
837 1901 986 1945 (quarum
1008 1900 1206 1943 singularum

468 1953 675 1988 ecclesiarum
691 1953 983 1995 denominationes,
1004 1953 1206 1995 situationes,

468 2007 631 2041 dioeceses
661 2012 692 2041 et
722 2017 815 2041 veros
847 2017 971 2041 annuos
1001 2007 1146 2048 valeres,
1173 2018 1210 2041 ae

468 2070 678 2105 personarum
705 2060 889 2094 huiusmodi
914 2061 1059 2102 nomina,
1083 2071 1206 2104 cogno-

470 2114 566 2155 mina,
583 2113 723 2155 ordines,
740 2114 909 2158 qualitates
926 2120 957 2148 ct
974 2114 1051 2148 alias
1072 2115 1210 2149 circum-

468 2167 599 2202 stantias
638 2167 734 2201 etiarn
770 2168 950 2201 necessario
987 2168 1210 2213 exprimendus

468 2221 692 2265 praesentibus
716 2231 776 2265 pro
802 2221 959 2265 expressis
985 2221 1096 2255 haberi
1116 2222 1210 2256 volu-

469 2274 553 2317 mus)
566 2274 662 2308 simili
681 2273 1060 2319 apostolica,auctoritate
1077 2286 1134 2319 per
1148 2286 1210 2309 eas·

470 2328 543 2362 dem
568 2333 753 2372 praesentes
780 2327 1007 2368 revalidamus,
1031 2328 1206 2362 confirma-

471 2391 541 2415 mus
566 2387 596 2415 et
615 2381 843 2425 approbamus:
867 2391 904 2415 ac
925 2381 1043 2415 validas
1057 2388 1087 2415 et
1101 2382 1211 2428 sirmas

470 2445 654 2476 remanere,
679 2445 715 2468 ac
739 2444 893 2479 personas
923 2441 987 2468 tam
1017 2436 1208 2476 saeculares,

470 2498 566 2532 quam
597 2489 761 2532 regulares
786 2488 994 2529 huiusmodi,
1018 2489 1048 2522 in
1073 2500 1210 2533 quarum

471 2542 609 2576 savorem
632 2542 733 2577 saetae
752 2548 838 2584 sunt,
857 2542 1007 2577 ecelesias
1027 2542 1210 2577 huiusmodi

507 2615 517 2640 1
542 2612 632 2641 Potius
647 2613 706 2649 lege
718 2614 809 2649 possit
824 2616 849 2642 et
871 2613 984 2647 valeal;
1005 2613 1052 2640 sed
1078 2613 1137 2641 vide
1153 2622 1211 2649 pag.

471 2657 598 2695 praeced.
615 2658 656 2694 (n.
671 2657 720 2693 r.).

1234 457 1336 490 larum
1360 458 1492 497 fructus,
1513 456 1669 496 redditus,
1696 462 1881 500 proventus,
1894 456 1973 499 iura,

1233 510 1441 543 obventiones
1462 515 1492 543 et
1513 510 1731 544 emolumenta
1750 519 1973 554 quaecumque

1234 563 1413 607 percipere,
1431 563 1556 606 exigere
1581 569 1611 596 et
1634 563 1756 604 levare,
1779 563 1811 596 in
1835 573 1975 607 suosque

1234 626 1310 649 usus
1335 622 1365 649 et
1393 615 1563 649 utilitatem
1596 621 1782 650 convertere
1813 615 1914 650 libere
1943 622 1974 650 et

1235 668 1321 702 licite
1341 679 1444 712 posse3

1280 723 1296 763 g
1321 720 1351 754 ἶ».
1379 721 1494 765 Sicque
1519 728 1549 755 et
1573 732 1638 755 non
1655 721 1748 755 aliter
1768 721 1799 755 in
1820 721 1974 766 praemis-

1235 774 1277 808 sis
1302 774 1454 808 omnibus
1478 780 1508 808 et
1525 775 1661 818 singulis
1677 786 1735 819 per
1753 784 1976 819 quoscumque

1236 827 1359 862 iudices
1393 828 1575 862 ordinarios
1607 834 1638 862 et
1666 829 1851 872 delegatos,
1879 827 1974 862 etiam

1237 891 1405 915 causarum
1440 881 1552 916 Palatii
1584 881 1759 926 Apostolici
1790 881 1974 923 auditores,

1238 934 1371 968 iudicari
1390 941 1420 968 et
1439 934 1564 969 definiri
1591 935 1723 976 debere,
1745 945 1783 968 ae
1803 933 1929 968 irritum
1947 939 1978 968 et

1237 988 1332 1022 inane
1358 988 1515 1032 quidquid
1540 999 1631 1022 secus
1656 998 1752 1032 super
1775 987 1824 1021 his
1848 997 1866 1020 a
1890 997 1974 1032 quo--

1238 1053 1356 1085 fluam,
1385 1042 1496 1086 quavis
1524 1041 1737 1083 auctoritate,
1764 1041 1901 1076 scienter
1929 1041 1977 1074 vel

1238 1096 1437 1139 ignoranter,
1456 1096 1625 1139 contigerit
1646 1095 1807 1137 attentari,
1830 1095 1977 1130 decerni-

1239 1160 1325 1183 mus:
1351 1160 1475 1183 necnon
1506 1149 1644 1191 fria-tus,
1672 1149 1817 1183 redditus
1846 1153 1878 1182 et
1896 1159 1975 1193 pro-

1238 1208 1350 1237 ventus
1368 1213 1604 1247 quoscumque,
1622 1214 1657 1236 ex
1672 1202 1912 1247 parochialibus
1928 1212 1979 1237 ec-

1238 1256 1342 1290 clesiis
1353 1267 1409 1290 seu
1423 1256 1548 1290 vicariis
1561 1256 1735 1301 praedictis
1754 1267 1813 1301 per
1826 1266 1980 1301 personas

1237 1309 1438 1354 supradictas
1463 1310 1618 1344 hactenus
1642 1317 1829 1354 perceptos,
1859 1309 1921 1344 illis
1949 1315 1981 1344 et
2012 1310 2017 1315 '

1238 1364 1369 1398 cuilibet
1390 1364 1518 1398 illarum
1536 1363 1710 1408 respective
1736 1363 1931 1398 remittimus
1950 1369 1981 1398 et

1238 1417 1469 1451 condonamus.

1283 1473 1300 1514 ἕ
1314 1471 1343 1504 6.
1361 1470 1517 1511 Quocirca
1532 1471 1706 1505 venerabili
1721 1471 1809 1506 fratri
1826 1472 1980 1517 archicpi-
1995 1507 2007 1528 d

1239 1535 1337 1568 scopo
1351 1524 1624 1566 Valentinensi‚ac
1639 1524 1762 1559 dilectis
1780 1524 1854 1559 siliis
1869 1531 1981 1560 nostro

1240 1584 1270 1612 et
1292 1578 1494 1622 Apostolicae
1519 1578 1608 1612 Sedis
1630 1578 1662 1611 in
1684 1578 1791 1621 regnis
1807 1578 1978 1623 Hispania-

1240 1641 1311 1664 rum
1330 1631 1450 1665 nuncio
1472 1643 1508 1665 ac
1528 1631 1635 1665 curiae
1650 1641 1818 1665 causarum
1830 1631 1982 1667 Gamerae

1242 1684 1445 1728 Apostolicae
1470 1684 1612 1727 generali
1637 1684 1778 1719 auditori
1801 1696 1860 1730 per
1883 1695 1979 1730 prae-

1241 1745 1346 1772 sentes
1366 1737 1597 1772 committimus
1606 1743 1637 1772 et
1650 1739 1852 1781 mandamus,
1872 1744 1983 1784 quate·

1242 1803 1301 1826 nus
1321 1792 1393 1836 ipsi,
1419 1792 1467 1826 vel
1492 1792 1567 1833 duo,
1595 1798 1650 1826 aut
1674 1802 1758 1826 unus
1782 1803 1906 1835 eorum,
1926 1804 1984 1838 per

1241 1856 1286 1886 se,
1304 1845 1350 1879 vel
1372 1845 1483 1886 alium,
1503 1856 1557 1879 seu
1578 1845 1668 1887 alios,
1691 1851 1876 1890 praesentes
1900 1846 1985 1881 litte-

1243 1909 1305 1940 ras,
1322 1904 1353 1932 et
1378 1898 1410 1931 in
1431 1898 1476 1932 eis
1496 1904 1647 1932 contenta
1671 1909 1908 1944 quaecumque,
1928 1899 1984 1934 ubi

1243 1958 1275 1986 et
1299 1952 1430 1996 quando
1462 1962 1543 1996 opus
1577 1952 1694 1992 suerit,
1720 1958 1750 1986 et
1774 1952 1900 1997 quoties
1924 1963 1984 1998 pro

1244 2011 1333 2050 parte
1362 2005 1516 2039 interesse
1534 2005 1743 2047 habentium,
1766 2011 1822 2039 aut
1849 2005 1985 2041 alicuius

1244 2070 1370 2101 eorum,
1391 2059 1507 2093 suerint
1529 2059 1684 2104 requisiti,
1707 2060 1895 2094 solemniter
1918 2071 1981 2104 pu—

1245 2112 1419 2155 blicantes,
1447 2113 1558 2158 eisque
1582 2113 1614 2146 in
1639 2112 1822 2157 praemissis
1846 2112 1986 2148 efficacis

1245 2167 1440 2201 defensionis
1465 2166 1627 2211 praesidio
1647 2166 1841 2208 assistentes,
1869 2165 1986 2201 saciant

1245 2221 1435 2255 auctoritate
1456 2224 1565 2256 nostra
1585 2221 1656 2256 illos
1681 2227 1712 2255 et
1730 2220 1909 2266 quemlibet
1931 2230 1986 2255 eo·

1245 2286 1315 2310 rum
1341 2276 1593 2320 praemissorum
1619 2276 1763 2310 omnium
1786 2281 1818 2309 et
1836 2275 1983 2319 singulo—

1246 2339 1316 2363 rum
1332 2330 1447 2365 effectu
1467 2329 1600 2374 pacifice
1619 2329 1680 2363 frui
1702 2329 1899 2373 etgaudere,
1919 2337 1986 2364 non

1246 2383 1469 2426 permittentes
1483 2394 1536 2417 eos
1549 2383 1688 2428 desuper
1700 2394 1719 2416 a
1735 2393 1897 2428 quoquam
1912 2392 1987 2428 qua-

1247 2437 1290 2472 vis
1302 2437 1492 2472 auctoritate
1505 2436 1750 2482 quomodolibet
1760 2435 1902 2471 indebite
1915 2446 1986 2471 mo-

1246 2490 1373 2525 lestari:
1400 2489 1656 2524 contradictores
1684 2499 1906 2534 quoscumque
1929 2500 1988 2534 per

1246 2554 1396 2577 censuras
1414 2550 1445 2577 et
1460 2553 1581 2588 poenas
1602 2542 1843 2584 ecclesiasticas,
1859 2542 1987 2588 aliaque

1247 2602 1430 2641 opportuna
1455 2595 1533 2630 iuris
1552 2602 1583 2630 et
1609 2595 1682 2629 facti
1707 2595 1861 2636 remedia,
1877 2596 1988 2640 appel-

1246 2650 1366 2685 latione
1378 2649 1566 2695 postposita,
1577 2649 1823 2694 compescendo,
1841 2648 1986 2684 invocato

2016 731 2134 755 clausulae.
2152 724 2159 727 i

2204 1454 2208 1464 Ι

2033 1481 2173 1507 Exoqnutom
2186 1480 2187 1483 ’
2202 1474 2208 1484 ‘

2010 1508 2098 1534 asignat.
2201 1518 2205 1524 ι
