2227 3241
264 309 312 335 An.
335 309 362 336 e.
383 309 444 337 ¹6¹1
496 301 560 335 672

297 1860 416 1881 Ctausutae,

285 2499 408 2518 praesentes
418 2505 453 2524 pu-

273 2525 391 2546 blicandae.

461 359 609 392 omnibus
645 366 675 392 et
710 360 841 403 singulis
865 362 1010 405 personis
1044 363 1075 396 in
1110 363 1201 398 dictis

463 412 573 445 litteris
592 413 757 457 expressis,
778 419 831 446 aut
850 415 1094 458 quomodolibet
1112 427 1200 450 eom-

461 465 646 508 prehensis,
669 466 728 498 sub
747 466 866 500 eisdem
888 468 941 501 Dei
971 469 1201 513 omnipotentis

463 528 499 550 ae
521 518 687 552 beatorum
710 521 928 564 apostolorum
951 523 1033 556 Petri
1058 529 1088 556 et
1114 524 1201 557 Pauli

463 577 491 603 et
514 577 640 605 nostrae
666 573 896 615 indignationis
927 586 1053 609 necnon
1076 587 1202 610 exeom-

465 625 691 659 municationis
712 626 780 670 ipso
802 627 885 661 sacto
906 628 1109 663 incurrendis
1124 641 1201 674 poe-

463 677 527 717 nis,
559 688 576 710 a
604 678 720 721 quibus
752 680 881 713 nonnisi
906 692 924 714 a
948 682 1041 716 nobis
1068 687 1098 716 et
1122 683 1203 717 Sede

462 730 635 773 praedicta,
649 738 874 777 praeterquam
890 734 920 767 in
937 735 1048 769 mortis
1066 736 1202 770 articulo

463 783 662 826 constitutus,
684 785 853 830 quisquam
873 788 994 821 absolvi
1019 789 1131 833 possit,
1157 795 1202 823 te-

463 846 541 869 nore
561 838 777 880 praesentium
804 840 1006 882 mandamus,
1030 852 1070 875 ne
1092 852 1202 876 corum

464 889 633 933 quisquam
659 901 717 934 per
740 903 792 933 se,
816 894 863 926 vel
885 894 1002 936 alium,
1030 906 1086 929 seu
1111 896 1201 937 alios,

465 941 582 975 directe
608 943 655 976 vel
680 943 854 986 indirecte,
883 957 938 980 seu
959 947 1036 981 alias
1062 959 1201 992 quomo-

465 995 597 1037 dolibet,
626 1003 737 1031 contra
761 999 999 1042 praedictarum
1026 1002 1204 1035 litterarum

465 1053 628 1090 tenorem,
657 1057 709 1084 aut
736 1052 814 1085 alias
839 1055 1149 1099 quomodocumque
1176 1062 1205 1089 et

465 1101 744 1147 qualitercumque
759 1105 933 1150 quidquam
950 1107 1063 1149 facere,
1078 1108 1124 1142 vel
1142 1109 1204 1143 alio

465 1166 671 1200 quocumque
697 1158 793 1192 modo
815 1159 845 1192 in
866 1160 955 1194 Sedis
975 1162 1176 1205 Apostolicae
1193 1191 1201 1204 ,

466 1215 494 1241 et
511 1209 613 1243 dietae
627 1211 787 1246 Ecclesiae
801 1213 994 1256 Cenctensis,
1011 1215 1205 1260 illarumque

468 1262 584 1295 iurium
614 1269 643 1297 et
669 1266 869 1300 auctoritatis
895 1267 1131 1311 praeiudicium
1157 1275 1204 1302 at-

468 1321 588 1350 tentare
612 1323 665 1350 aut
686 1318 838 1353 innovare
856 1328 1075 1364 praesumant:
1094 1322 1204 1364 immo,

466 1371 490 1403 si
517 1371 595 1415 quid
617 1371 647 1404 in
670 1373 868 1406 contrarium
891 1374 952 1407 iam
975 1376 1081 1409 forsan
1102 1383 1205 1411 atten-

468 1431 566 1459 tatum
594 1432 658 1467 est,
683 1433 737 1460 aut
761 1428 972 1472 imposterum
998 1431 1206 1465 attentabitur

465 1475 516 1511 vel
552 1479 779 1522 innovabitur,
809 1482 1014 1516 illudetiam
1048 1494 1084 1517 ex
1121 1495 1206 1518 nunc

466 1538 563 1575 prout
578 1543 613 1565 ex
634 1539 719 1575 tune,
747 1541 918 1579 postquam
940 1542 1129 1570 attentatum
1151 1548 1206 1571 seu

466 1585 651 1620 innovatum
673 1588 778 1629 suerit,
800 1599 872 1622 eum
894 1590 1044 1623 omnibus
1065 1590 1139 1624 inde
1163 1602 1206 1625 se-

467 1640 574 1684 quutis
595 1647 625 1674 et
646 1643 841 1686 sequuturis,
866 1644 904 1676 de
926 1644 1120 1687 apostolicae
1140 1646 1205 1688 ple-

468 1694 791 1738 nitudinepotcstatis
814 1696 962 1730 similiter
985 1703 1095 1731 tenore
1113 1708 1205 1741 prae-

468 1748 605 1780 sentium
629 1748 792 1782 irritamus
809 1755 839 1783 et
860 1751 1075 1784 annullamus:
1091 1762 1127 1785 ac
1141 1752 1208 1785 nul-

470 1800 529 1833 lius
555 1801 680 1834 roboris
704 1807 734 1835 et
760 1803 914 1836 momenti
940 1814 1007 1837 esse
1032 1815 1068 1838 ac
1088 1805 1175 1846 sore,

514 1856 530 1897 ξ
555 1855 585 1887 li.
614 1855 730 1899 Sieque
754 1867 811 1900 per
838 1867 1061 1902 quoscumque
1085 1858 1206 1892 iudices

469 1908 649 1942 ordinarios
668 1915 698 1942 et
715 1910 888 1953 delegatos,
917 1911 1012 1944 etiam
1037 1922 1205 1946 causarum

469 1962 579 1995 Palatii
605 1963 780 2007 Apostolici
806 1964 991 2006 auditores,
1020 1975 1055 1999 ac
1079 1972 1206 2000 sanctae

468 2018 631 2050 Romanae
667 2018 826 2051 Ecclesiae
855 2018 1033 2052 cardinales
1058 2019 1206 2063 (sublata

468 2070 513 2103 eis
540 2077 570 2104 ct
598 2081 709 2104 corum
733 2071 864 2105 cuilibet
884 2072 993 2115 quavis
1014 2073 1105 2106 aliter
1126 2073 1207 2107 iudi-

468 2124 559 2157 candi
582 2130 613 2157 ct
633 2124 864 2168 interpretandi
883 2125 1031 2158 facultate
1050 2131 1081 2159 et
1097 2132 1206 2160 aucto-

469 2177 576 2220 ritate)
599 2177 718 2222 ubique
738 2178 872 2211 iudicari
891 2184 921 2212 et
939 2178 1065 2212 definiri
1078 2178 1206 2221 debere,

468 2242 504 2264 ae
531 2231 656 2264 irritum
685 2237 715 2264 et
735 2231 828 2265 inane
849 2231 1006 2276 quidquid
1033 2243 1124 2266 secus
1152 2244 1205 2266 su-

468 2295 525 2328 per
549 2284 598 2317 bis
623 2296 640 2317 a
665 2295 840 2328 quoquam,
869 2285 978 2328 quavis
1003 2285 1202 2327 auctoritate,

468 2337 605 2370 scienter
630 2337 676 2370 vel
696 2337 891 2380 ignoranter,
913 2338 1082 2381 eontigerit
1103 2344 1205 2372 atten-

470 2391 543 2432 tari,
568 2390 772 2425 deceruimus
793 2395 823 2425 et
843 2391 1054 2433 declaramus,
1079 2398 1205 2426 contra-

468 2443 523 2476 riis
544 2443 800 2488 quibuscumque
821 2454 885 2477 non
903 2444 1113 2478 obstantibus.

513 2498 529 2539 ἓ
555 2497 584 2530 ἴ).
614 2497 770 2531 Volumus
801 2503 930 2538 autem,
966 2504 996 2531 et
1029 2498 1206 2542 apostoliea

469 2550 656 2584 auctoritate
677 2551 889 2591 decernimus,
907 2556 941 2584 ut
958 2557 1141 2595 praesentes
1159 2552 1206 2585 lit-

471 2609 566 2643 terae,
594 2614 649 2636 seu
675 2604 801 2637 illarum
827 2605 983 2648 exempla,
1008 2604 1037 2637 in
1056 2605 1140 2638 Urbe
1165 2606 1203 2639 ad

470 2656 573 2688 valvas
598 2657 746 2690 basilicae
772 2658 927 2701 Principis
952 2659 1177 2702 Apostolorum
1194 2687 1201 2701 ‚

470 2708 518 2740 vel
536 2708 566 2741 in
585 2709 708 2743 civitate
722 2711 886 2745 Ferrariae
903 2711 1016 2746 affixae
1033 2711 1075 2744 ita
1093 2721 1204 2746 omnes

1007 315 1184 340 BULLARIUM
1209 317 1360 342 ROMANUM

1235 370 1360 399 aretent
1380 371 1411 399 et
1431 366 1582 406 afficiant,
1605 377 1642 400 ac
1661 366 1686 400 si
1708 367 1880 412 unicuique
1900 378 1971 412 per-

1235 419 1386 453 sonaliter
1407 419 1571 453 intimatae
1591 419 1749 454 fuissent¹.

1281 472 1393 505 Datum
1414 473 1534 506 Romae
1554 473 1640 517 apud
1660 479 1804 506 sanctum
1829 474 1969 516 Petrum,

1236 525 1294 558 sub
1312 526 1430 559 annulo
1444 525 1623 567 piscatoris,
1641 526 1692 559 die
1705 537 1756 560 xxi
1772 526 1846 560 maii
1860 537 1970 569 ninom,

1236 578 1440 622 pontificatus
1460 579 1560 612 nostri
1581 589 1665 613 anno
1687 589 1729 613 vi.

1274 641 1332 668 Dat.
1353 641 1397 668 die
1417 641 1446 668 21
1466 641 1528 668 maii
1545 642 1622 676 1611,
1639 641 1734 677 pontif.
1755 650 1798 669 au.
1816 650 1853 670 vi.

1492 775 1677 836 'ccxxnr

1239 898 1410 932 Fabrilins
1444 899 1614 943 Verospius
1643 900 1886 934 commissarius
1916 901 1972 934 de-

1280 956 1420 996 putatur
1439 952 1482 986 acl
1505 953 1739 997 componendas
1756 954 1832 987 'lites
1850 958 1976 988 exortas

1282 1015 1380 1048 snper
1403 1005 1582 1048 confinibus
1611 1010 1640 1039 ec
1672 1007 1801 1040 iuribus
1822 1007 1978 1051 pascendi

1284 1058 1370 1091 inter
1393 1058 1537 1092 civitates
1561 1060 1734 1093 Reatinam
1759 1064 1787 1093 et
1809 1059 1974 1101 Ducalem,

1283 1121 1406 1144 necnon
1419 1111 1646 1145 universitates
1664 1116 1692 1145 et
1710 1112 1855 1145 homines
1870 1116 1974 1146 terra-

1285 1174 1358 1197 rmn
1378 1164 1498 1197 Montis
1514 1165 1630 1198 Leonis
1646 1169 1673 1199 ct
1693 1165 1865 1199 Leonissae
1876 1164 1896 1199 ¹.

1240 1243 1354 1271 Dilecto
1378 1244 1451 1271 Filio
1475 1244 1617 1279 Magistro
1641 1245 1770 1272 Fabritio
1792 1245 1932 1280 Verospio
1948 1245 1979 1272 in

1275 1292 1404 1323 utraque
1420 1289 1579 1323 Signatum
1595 1293 1700 1317 nostra
1715 1290 1928 1318 Referendario

1477 1352 1588 1380 Paulus
1608 1353 1686 1387 Papa
1704 1355 1736 1381 V.

1305 1424 1420 1452 Dilecte
1441 1425 1493 1458 fili,
1518 1426 1646 1453 salutem
1667 1429 1698 1453 et
1717 1426 1913 1460 apostolicam

1486 1470 1734 1498 benedictionem.

1285 1533 1301 1575 g
1323 1531 1352 1565 ·1.
1385 1531 1424 1565 Ut
1448 1532 1597 1566 omnibus
1630 1532 1855 1567 controversiis
1882 1543 1979 1578 super

1241 1584 1422 1618 confinibus
1436 1591 1477 1618 *et
1497 1585 1620 1619 iuribus
1639 1586 1803 1630 pascendi,
1825 1587 1909 1620 inter
1929 1587 1977 1620 di·
2022 1628 2027 1633 Δ

1241 1639 1339 1671 lectos
1371 1638 1453 1672 filios
1483 1640 1747 1673 communitatem
1776 1645 1806 1673 et
1832 1640 1978 1674 homines

1241 1692 1374 1725 civitatis
1392 1698 1519 1726 nostrae
1533 1693 1683 1727 Reatinae
1704 1704 1739 1726 ex
1759 1695 1833 1735 una,
1853 1704 1890 1727 ac
1905 1694 1978 1727 uni—

1242 1745 1420 1779 versitatem
1447 1751 1477 1779 et
1501 1746 1648 1779 homines
1683 1746 1816 1780 civitatis
1851 1747 1979 1781 Ducalis

1241 1809 1277 1832 ac
1305 1805 1409 1832 terrae
1438 1799 1607 1833 Cantalicis
1626 1810 1662 1833 ex
1690 1800 1800 1841 altera,
1832 1801 1978 1834 locorum

1242 1852 1349 1886 Pontis
1370 1852 1461 1887 Curvi
1481 1853 1629 1886 similiter
1649 1864 1684 1887 ex
1705 1856 1778 1895 una,
1800 1864 1836 1887 ac
1853 1854 1980 1888 univer-

1241 1906 1364 1940 sitatem
1384 1912 1414 1940 et
1434 1906 1581 1940 homines
1602 1913 1705 1941 terrae
1725 1907 1871 1941 Rocchac
1890 1908 1978 1943 Guil-

1242 1960 1357 1994 lelmae
1376 1960 1450 1994 item
1474 1971 1509 1994 ex
1527 1961 1637 2002 altera,
1658 1971 1795 1994 necnon
1810 1961 1893 1995 inter
1913 1962 1980 1995 uni-

1241 2014 1423 2048 versitatem
1467 2021 1497 2048 et
1534 2015 1682 2049 homines
1727 2022 1833 2049 terrae
1866 2015 1980 2050 Montis

1241 2069 1353 2102 Leonis
1370 2068 1490 2113 pariter
1508 2080 1542 2102 ex
1563 2071 1637 2110 una,
1655 2074 1684 2102 ct
1697 2069 1934 2109 universitatem
1949 2076 1980 2103 et

1241 2122 1387 2155 homines
1413 2128 1516 2156 terrae
1543 2122 1711 2156 Leonissae
1740 2123 1844 2157 Status
1870 2123 1978 2158 Eccle-

1241 2174 1357 2208 siastiei
1378 2181 1408 2208 et
1428 2176 1602 2219 respective
1620 2175 1710 2218 regni
1724 2176 1926 2220 Neapolitani
1941 2187 1978 2210 ex

1241 2229 1340 2262 altera
1357 2229 1505 2262 similiter
1521 2229 1676 2273 partibus,
1697 2229 1892 2263 vertentibus
1907 2229 1979 2263 finis

1240 2289 1415 2327 perpetuus
1435 2282 1657 2325 amicabiliter,
1679 2283 1766 2327 quod
1792 2288 1822 2316 ct
1843 2283 1979 2317 maxime

1277 2364 1286 2389 1
1310 2363 1387 2390 Aliae
1406 2371 1514 2398 quoque
1533 2362 1654 2397 similes,
1676 2361 1979 2398 eiusdemque'tenoris

1240 2407 1345 2435 litterae
1365 2407 1504 2444 expeditae
1524 2407 1618 2435 eadem
1638 2407 1680 2434 die
1700 2411 1764 2434 suut
1779 2415 1840 2434 cum
1855 2407 1979 2443 sequenti

1239 2451 1365 2487 decreto,
1393 2451 1534 2479 videlieet:
1558 2452 1685 2479 volumus
1705 2454 1799 2480 aulem
1819 2454 1845 2480 cl
1864 2455 1977 2487 aposto-

1240 2497 1294 2524 liert
1311 2498 1484 2526 auctoritate
1499 2498 1693 2530 decernimus,
1711 2500 1742 2524 ut
1754 2500 1917 2533 praesentes
1933 2498 1979 2525 lit-

1240 2545 1317 2569 [erae
1339 2551 1388 2569 sen
1412 2543 1535 2570 illarum
1564 2542 1693 2576 emcmpla
1714 2542 1753 2568 ad
1772 2542 1867 2569 valvas
1887 2542 1979 2569 (lictae

1238 2587 1369 2614 ecclesiae
1391 2587 1553 2614 Cenetensis
1563 2587 1682 2621 afftwae,
1698 2587 1739 2613 ila
1755 2594 1852 2613 omnes
1867 2589 1980 2614 arerent

1239 2635 1265 2659 el
1284 2632 1428 2667 afficiant,
1449 2639 1483 2658 ac
1501 2631 1526 2657 si
1546 2631 1701 2665 unicuique
1716 2631 1911 2665 personaliter
1930 2631 1979 2658 in-

1240 2677 1356 2704 limatae
1375 2676 1507 2710 fuissent.

1277 2723 1286 2748 1
1307 2721 1342 2748 Ex
1359 2720 1465 2756 Regest.
1483 2719 1509 2747 in
1525 2718 1625 2747 Secret.
1648 2718 1782 2746 Brevium.

1979 321 2029 347 An.
2051 321 2068 348 C
2096 321 2161 348 16¹1

2021 1542 2133 1569 neputatio
2149 1541 2176 1562 de
2203 1533 2211 1544 ³

1994 1576 2036 1596 qua
2051 1571 2072 1592 in
2083 1570 2176 1592 rubrica.
