2227 3241
82 214 132 243 An.
145 213 173 241 C.
198 214 265 245 1609

937 216 1052 240 PAULUS
1073 217 1091 240 V
1113 218 1158 240 ΡΡ.

278 272 457 315 g-uritanae,
469 272 683 314 Calciatensis,
692 273 887 315 Gadicensis,
901 273 1024 307 Tuden-

278 325 331 367 sis,
354 326 566 368 Zamorensis,
594 326 816 368 Malacitanae,
845 327 1019 367 Auriensis,

1694 208 1752 243 591

1102 267 1117 307 ξ
1136 265 1165 298 2.
1187 266 1221 298 In
1238 266 1361 310 primis,
1383 266 1469 310 quod
1491 266 1673 310 praedictus
1694 272 1794 301 status

1057 319 1292 353 ecclesiasticus
1307 331 1445 353 coronae
1466 320 1620 354 Castellae
1639 327 1668 354 et
1688 321 1795 364 Legio-

278 378 489 412 Astoricensis
504 406 511 420 ,
539 379 797 422 Carthaginensis
812 407 819 420 ‚
848 380 998 414 Lucensis
1012 408 1019 422 ‚
1057 373 1105 405 ¹³55
1126 373 1253 406 dssffiffl'
1277 374 1362 407 (li010
1382 374 1530 418 ΡῙῚῙῙῙΡΡΟ
1548 374 1627 418 Γθὲῑι
1645 385 1701 409 seu
1721 386 1796 419 ΡΕΓ·

279 431 499 474 Canariensis‚
534 433 742 467 Guadicensis
771 440 801 468 et
828 434 1022 476 Seguntinae

279 485 489 520 ecclesiarum
520 487 684 531 capitula,
719 498 800 531 quae
835 487 1020 522 universum

280 539 400 573 clerum
431 549 606 582 regnorum
634 540 786 574 Castellae
815 546 846 574 et
873 540 1022 583 Legionis

280 594 543 636 repraesentant)
569 592 898 638 considerantesque¹
924 594 1020 627 iidem

279 645 445 690 Philippus
468 656 522 679 rex
548 652 578 679 et
598 646 737 691 capitula
754 647 929 691 praedicta,
951 658 1021 691 gra-

281 698 354 732 tiam
384 705 415 732 et
446 699 688 733 concessionem
718 700 843 744 primae
876 701 1020 735 decimae

279 752 499 796 quarumlibet
513 753 720 795 ecclesiarum
735 754 970 798 parochialium
989 756 1021 789 in

279 804 431 839 omnibus
457 805 685 850 Hispaniarum
713 807 821 850 regnis
855 814 885 841 et
910 808 1021 842 insulis

279 858 342 892 illis
366 858 597 901 adiacentibus,
618 859 739 894 dudum
765 871 823 905 per
847 861 947 895 felicis
973 873 1021 896 re-

280 912 478 947 cordationis
497 913 588 947 Pium
614 914 732 959 Papam
752 915 774 947 V
794 916 1021 959 praedecesso-

278 977 348 1000 rem
375 972 522 1000 nostrum
549 968 653 1002 clarae
683 969 861 1004 memoriae
894 970 1017 1014 Philip-

278 1030 320 1064 po
334 1020 359 1054 ll
373 1019 599 1065 Hispaniarum
614 1022 682 1065 regi
701 1023 860 1057 catholieo
877 1024 1019 1058 eiusdem

278 1072 419 1118 Philippi
436 1074 474 1107 111
496 1074 579 1117 regis
604 1075 741 1118 genitori
768 1077 807 1110 ad
832 1077 1017 1121 quinquen-

279 1127 368 1160 nium
383 1137 580 1170 concessam,
594 1135 624 1163 et
635 1135 747 1174 postea
764 1131 887 1174 pluries
901 1142 918 1164 a
935 1142 1021 1166 reco-

278 1181 393 1215 lendae
407 1182 582 1216 memoriae
592 1182 746 1226 Gregorio
760 1185 837 1227 XIII,
856 1196 891 1218 ac
904 1185 1020 1219 deinde

279 1245 296 1267 a
313 1234 400 1269 Sixto
414 1236 448 1277 V,
464 1242 494 1270 et
506 1237 712 1280 postmodum
734 1248 751 1270 a
771 1238 925 1280 Gregorio
941 1238 1016 1279 xlv,

279 1301 315 1324 ac
336 1290 476 1334 denique
497 1302 514 1324 a
534 1290 695 1324 Clemente
714 1291 776 1325 Vlll
795 1292 1020 1336 praedecesso<

278 1344 367 1378 ribus
382 1344 499 1378 nostris
517 1344 612 1378 ctiam
627 1344 747 1389 pluries
765 1352 794 1379 et
812 1345 927 1379 ultima
953 1346 1019 1379 viee

279 1398 319 1431 ad
346 1397 433 1431 aliud
462 1397 719 1441 quInquennium
750 1399 781 1441 (a
811 1404 955 1443 tempore
988 1399 1019 1433 in

279 1450 500 1495 infrascriptae
525 1451 718 1485 concordiae
736 1451 961 1493 instrumento,
988 1460 1020 1487 ut

279 1504 441 1545 asseritur,
466 1514 615 1548 expresso
637 1504 838 1549 inchoatum)
857 1517 1016 1550 prorogass

278 1564 340 1590 tam
367 1563 398 1591 et
423 1556 608 1598 extensani²,
633 1563 727 1601 prout
754 1558 785 1591 in
810 1559 944 1602 singulis
971 1571 1018 1594 eo-

276 1610 424 1645 rumdem
449 1611 734 1655 praedecessorum
761 1612 899 1657 desuper
924 1624 1017 1658 expe-

277 1666 351 1700 ditis
362 1664 475 1700 litteris
487 1665 614 1709 plenius
629 1665 841 1708 continenti-3,
857 1667 881 1701 si
896 1668 1016 1701 eisdem

277 1720 375 1763 modo
396 1725 427 1753 et
445 1720 560 1761 forma,
577 1719 695 1764 quibus
709 1730 862 1754 concessa
872 1727 928 1763 est,
948 1732 1018 1756 exe—

277 1773 426 1818 quutioni
448 1773 710 1814 demandaretur,
729 1773 761 1807 id
779 1784 843 1807 non
853 1775 921 1809 sine
936 1775 1018 1809 eius-

277 1829 350 1862 dem
383 1827 460 1862 cleri
492 1827 699 1861 incommodo
728 1828 840 1872 exequi
873 1830 1014 1873 posset⁴3

277 1881 507 1926 cupientesque
523 1881 708 1926 praemissis
733 1884 787 1923 ea,
809 1893 872 1926 qua
892 1889 1014 1927 potest,

277 1935 402 1969 ratione
422 1935 559 1976 occurri,
581 1946 644 1979 quo
662 1934 785 1969 facilius
800 1936 864 1977 illa,
882 1937 921 1970 ad
936 1947 1017 1981 quae

276 1994 436 2030 tenentur,
449 1989 488 2022 ab
503 1989 578 2034 ipsis
592 1988 762 2033 adimpleri
777 1990 1019 2034 valeant,ipsae-

276 2054 340 2088 que
365 2053 523 2088 personae
555 2042 789 2077 ecclesiasticae
821 2054 923 2085 onus,
957 2044 1018 2078 illis

276 2108 346 2130 eam
375 2096 416 2131 ob
442 2107 569 2130 causam
600 2096 808 2138 incumbens,
827 2103 1018 2142 supportare

277 2150 400 2184 facilius
420 2150 553 2195 possint,
571 2151 609 2183 ad
629 2150 864 2195 infrascriptam
885 2162 1016 2185 concor-

277 2204 362 2238 diam
393 2215 451 2249 per
479 2214 590 2238 eornm
622 2210 858 2248 procuratores,
885 2205 924 2238 ad
956 2205 1018 2239 hoc

276 2258 457 2303 specialiter
470 2258 651 2302 deputatos,
665 2258 794 2291 insimul
811 2259 1017 2301 devenerunt,

276 2312 438 2347 videlicet:

313 2377 322 2403 1
345 2376 439 2412 Aptius
458 2376 594 2411 legeretur
608 2376 821 2403 considerantes
834 2376 872 2410 (n.
889 2377 936 2409 τ.).

312 2420 329 2447 2
348 2419 418 2448 Edit.
443 2420 521 2447 Main.
539 2428 665 2454 erronee,
687 2424 716 2447 ut
736 2424 809 2456 puto,
833 2420 896 2456 legit
910 2428 1015 2456 proro-

275 2468 376 2499 smtum
392 2468 419 2492 et
433 2468 582 2493 extensum
599 2465 636 2500 (n.
653 2465 701 2499 τ.).

312 2510 328 2537 3
348 2509 506 2537 Praedictae
532 2510 638 2537 litterae
659 2510 696 2537 Pii
717 2510 736 2536 V
757 2511 782 2537 in
804 2511 932 2538 Bullario
962 2519 1014 2538 non

276 2555 412 2589 leguntur,
433 2562 520 2590 neque
540 2554 605 2582 alias
624 2555 736 2582 aliorum
759 2554 917 2582 Pontificum
937 2563 1018 2590 supra

276 2600 371 2626 citatos
384 2598 448 2634 puto
468 2599 582 2635 reperiri
597 2601 636 2633 (n.
652 2600 698 2632 r).

312 2644 327 2672 4
342 2643 379 2671 Ex
395 2652 485 2679 praec.
502 2648 570 2680 synt.
590 2645 678 2680 aptius
695 2644 745 2681 leg.
760 2652 841 2679 posse
855 2644 892 2679 (a.
910 2645 956 2678 τ.).

1057 436 1153 459 sonae
1174 426 1212 459 ab
1231 437 1268 460 eo
1284 427 1465 471 deputatae,
1487 428 1642 462 ducentos
1656 434 1686 462 et
1705 428 1798 474 quin-

1057 479 1209 523 quaginta
1224 480 1310 514 millc
1329 481 1472 523 ducatos,
1493 482 1547 526 qui
1564 482 1741 516 ascendunt
1758 483 1798 517 ad

1056 543 1226 566 numerum
1245 534 1421 577 nonaginta
1436 534 1530 568 trium
1553 536 1798 580 computorum²

1057 592 1087 619 et
1107 587 1384 631 septuagintorum
1413 594 1444 622 et
1464 589 1697 633 quinquaginta
1724 590 1797 623 mil-

1057 639 1133 673 lium
1153 642 1458 685 morapetin01‘uin³‚
1474 643 1618 687 quolibet
1630 654 1725 685 anno,
1740 644 1797 677 du-

1056 695 1200 728 rantibus
1219 695 1362 740 quinque
1375 696 1467 730 annis
1480 697 1727 740 prorogationis,
1738 709 1796 743 pro

1056 748 1114 790 iis,
1144 760 1225 793 quae
1253 750 1292 782 ad
1318 749 1503 783 huiusmodi
1530 750 1678 785 effectum
1711 752 1796 786 dicto

1056 802 1123 845 regi
1146 802 1304 836 debentur
1325 809 1354 837 et
1374 804 1413 837 ad
1428 814 1499 837 eum
1516 811 1660 848 spectant
1674 805 1797 840 ratione

1056 855 1217 889 dictorum
1238 867 1412 899 regnorum
1433 858 1586 891 Castellae
1601 864 1631 891 et
1647 859 1796 901 Legionis

1056 910 1133 952 (non
1153 910 1405 954 comprehensis,
1431 911 1462 944 in
1484 911 1575 944 dictis
1601 912 1745 946 ducentis
1767 918 1797 946 et

1055 962 1290 1007 quinquaginta
1305 964 1448 998 millibus
1463 965 1597 1005 ducatis,
1610 966 1715 1009 regnis
1725 967 1796 1000 Ara-

1055 1015 1182 1058 gomae,
1209 1017 1416 1051 Cathaloniae
1437 1025 1467 1052 et
1492 1019 1665 1059 Valentiae‚
1689 1031 1724 1053 ac
1746 1020 1795 1053 in-

1054 1070 1131 1103 sulis
1153 1070 1215 1104 illis
1236 1071 1470 1114 adiacentibus,
1489 1073 1530 1106 ita
1551 1079 1585 1106 ut
1604 1073 1707 1108 dictus
1728 1074 1796 1108 Phi-

1055 1123 1163 1168 lippus
1184 1136 1236 1158 rex
1263 1125 1302 1158 ab
1328 1126 1390 1159 illis
1416 1126 1512 1171 possit
1539 1127 1676 1170 exigere,
1699 1134 1795 1172 prout

1054 1178 1113 1211 sibi
1138 1178 1239 1212 visum
1266 1180 1357 1221 soret,
1383 1191 1416 1213 ex
1439 1181 1666 1224 prorogatione
1686 1182 1796 1217 huius-

1055 1232 1141 1265 modi
1157 1233 1402 1276 provenientia⁴,
1418 1237 1547 1279 excepta
1562 1236 1696 1269 ecclesia
1710 1236 1796 1271 Orio-

1054 1286 1145 1324 lensi,
1167 1286 1258 1320 cuius
1284 1287 1453 1332 dispositio
1475 1295 1504 1321 et
1524 1299 1597 1333 pars
1615 1289 1796 1332 ingreditur

1054 1346 1083 1373 et
1098 1346 1303 1384 computatur
1317 1344 1378 1375 una
1397 1353 1469 1375 cum
1479 1348 1562 1376 statu
1581 1343 1796 1379 ecclesiastico

1054 1404 1193 1427 coronae
1208 1396 1386 1439 Castellne).
1411 1396 1603 1440 Quiquidem
1623 1398 1750 1431 (lucenti
1766 1405 1795 1432 et

1053 1447 1288 1491 quinquaginta
1310 1449 1396 1483 mille
1418 1450 1523 1483 ducati
1540 1451 1676 1494 persolvi
1700 1451 1795 1491 debe-

1053 1508 1145 1543 rent⁷
1178 1511 1211 1535 ut
1243 1503 1346 1545 infra,
1379 1505 1540 1538 videlicet:
1576 1516 1611 1538 ex
1640 1506 1796 1541 fructibus

1052 1556 1126 1588 anni
1150 1567 1259 1591 iincvn
1287 1557 1317 1590 in
1344 1558 1469 1592 duabus
1495 1560 1712 1594 solutionibus
1737 1572 1792 1594 ae—

1052 1610 1200 1653 qualibus
1222 1613 1271 1651 <et
1295 1612 1370 1656 quia
1389 1612 1494 1656 prima
1520 1613 1647 1646 illarum
1670 1614 1797 1649 debuis-

1052 1669 1099 1697 set
1119 1675 1187 1698 esse
1216 1665 1277 1698 iam
1308 1667 1389 1699 sacta
1417 1667 1448 1700 in
1479 1667 1541 1701 line
1569 1668 1687 1702 mensis
1719 1669 1796 1702 iunii

1052 1718 1127 1751 anni
1148 1729 1281 1759 Macrin,
1306 1726 1335 1753 et
1357 1721 1497 1754 secunda
1519 1721 1549 1754 in
1580 1722 1641 1756 line
1663 1733 1795 1757 novem-

1052 1771 1118 1805 bris
1136 1772 1277 1806 eiusdem
1305 1773 1391 1815 anni,
1416 1786 1452 1807 ex
1474 1785 1511 1808 eo
1537 1775 1612 1819 quia
1633 1775 1692 1809 suit
1709 1775 1795 1810 dila-

1053 1830 1119 1859 lum
1149 1826 1218 1859 sieri
1250 1828 1532 1870 congregationem
1560 1835 1589 1862 et
1622 1830 1796 1864 concordia

1052 1890 1115 1913 non
1138 1881 1239 1914 suerat
1262 1881 1348 1924 inita,
1363 1888 1391 1915 et
1412 1889 1582 1927 propterea
1601 1883 1732 1917 suerunt
1752 1885 1796 1918 la-

1052 1939 1119 1966 etae
1149 1934 1253 1978 prima
1279 1940 1307 1967 et
1336 1936 1476 1969 secunda
1514 1937 1632 1970 solutio
1664 1939 1695 1971 in
1731 1938 1793 1973 sine

1051 1988 1225 2031 supradicti
1253 1989 1372 2022 mensis
1397 1990 1580 2024 novembris
1613 1991 1688 2025 dicti
1718 1993 1792 2025 anni

1052 2045 1201 2085 MDCV111);
1219 2049 1246 2075 et
1264 2044 1391 2076 ducenti
1407 2050 1437 2077 et
1455 2045 1689 2089 quinquaginta
1708 2046 1794 2080 mille

1052 2095 1157 2128 ducati
1177 2096 1335 2129 fluctuum
1354 2098 1510 2141 praedicti
1532 2098 1605 2131 anni
1625 2109 1747 2134 nncvut
1763 2101 1793 2134 in

1052 2150 1177 2183 duabus
1209 2151 1397 2195 aequalibus
1428 2148 1661 2194 solutionibus,
1686 2153 1793 2187 videli-

1052 2208 1101 2236 eet
1123 2203 1152 2236 in
1175 2204 1238 2237 line
1257 2205 1374 2238 mensis
1389 2205 1479 2247 iunii,
1498 2206 1572 2240 etin
1594 2206 1657 2240 line
1676 2208 1792 2241 mensis

1052 2257 1235 2291 novembris
1257 2259 1433 2302 praesentis
1455 2260 1528 2293 anni
1555 2270 1669 2301 mecm,
1694 2266 1723 2295 et
1748 2262 1793 2295 sic

1090 2374 1097 2400 l
1117 2374 1210 2410 Aptius
1225 2374 1362 2410 legeretur
1378 2376 1457 2403 daret
1473 2383 1509 2411 ,n-
1529 2378 1566 2407 τ.)
1723 2400 1725 2403 .

1085 2418 1101 2444 2
1115 2419 1144 2445 In
1158 2417 1281 2454 Ducange
1296 2422 1444 2453 campulus
1462 2423 1501 2446 est
1514 2420 1654 2447 cuiusdam
1669 2424 1791 2448 monetae

1052 2463 1141 2495 valon,
1158 2468 1183 2491 at
1199 2464 1257 2491 heic
1273 2464 1416 2500 legendum
1429 2473 1486 2491 esse
1503 2466 1667 2493 mulionum
1682 2466 1791 2501 colliges

1052 2516 1082 2535 ex
1099 2509 1158 2535 loco
1174 2510 1312 2544 parallelo,
1330 2509 1377 2536 int'.
1394 2518 1454 2544 pag.
1471 2510 1522 2536 593
1538 2511 1552 2535 b
1567 2512 1603 2541 (n.
1622 2511 1669 2538 m.

1087 2554 1102 2581 3
1130 2553 1233 2581 Moneta
1262 2554 1393 2589 quaedam
1423 2553 1574 2589 hispanica:
1607 2563 1630 2581 v.
1662 2556 1790 2593 Dur-ange

1051 2605 1088 2632 (n.
1109 2604 1156 2632 τ.).

1033 2668 1036 2680 ,
1088 2645 1104 2671 4
1123 2643 1192 2671 Edit.
1207 2643 1284 2671 Mam.
1304 2644 1384 2671 babet
1400 2646 1566 2679 provenien.
1584 2646 1682 2681 (R.T.).

1804 218 1856 247 An.
1872 220 1899 247 C.
1928 220 1995 249 1609

1843 283 1930 303 Articuli
1946 288 1996 304 cen·

1810 309 1904 331 cordiae.
