2227 3241
851 252 972 276 rarnrs

219 300 459 345 praesentium,
484 300 702 344 approbamus
727 306 757 334 et
784 301 960 334 confirma-

219 364 300 394 mus,
316 352 427 397 illique
440 358 615 397 perpetuae
625 359 656 387 et
670 353 862 387 inviolabilis
875 363 964 397 apos-

225 406 339 441 tolieae
352 406 511 441 firmitatis
525 407 625 440 robur
638 407 819 448 adiicimus,
836 417 962 440 omnes-

223 469 287 504 que
318 465 347 493 et
378 460 522 503 singulos
553 457 793 494 solemnitatum
826 465 857 493 et
884 460 963 493 alios

221 513 384 554 desectus,
411 513 437 546 si
466 512 521 557 qui
553 513 692 557 desuper
717 511 961 557 quomodolibet

221 566 463 608 intervenerint,
485 567 684 610 supplemus.

31 257 76 284 An.
92 255 111 283 C
126 253 205 283 ‚1606

32 626 205 675 mfflffiitffl}
264 619 328 662 §4-
345 619 524 653 Districtius
542 619 722 653 inhibentes
735 630 794 664 pro
817 626 962 663 tempore

31 680 105 702 sumi·-
196 668 199 669 ⁷
220 672 428 706 existentibus
448 672 591 716 generali
613 672 788 706 correctori
806 678 837 705 et
855 672 961 705 l'ratri-

220 726 279 759 bus
296 725 373 760 dieti
393 725 532 766 Ordinis,
555 736 592 759 ae
612 736 723 759 eorum
738 725 882 768 singulis,
902 725 960 758 sub

220 778 352 813 maioris
372 779 714 813 excommunicationis
730 779 812 813 latae
832 784 961 812 senten-

221 831 293 874 tiae,
309 831 444 876 aliisque
457 832 681 866 ecelesiasticis
697 843 751 867 sen
759 832 875 873 tentiis,
893 842 962 865 een-

219 885 314 926 suris,
337 895 462 920 necnon
482 885 670 930 privationis
691 886 895 929 dignitatum,
915 886 962 919 of-

220 936 380 978 ficiorum,
401 936 551 981 vocisque
571 937 692 971 activae
710 943 740 971 et
760 937 914 981 passivae,
931 942 962 970 et

218 996 393 1035 perpetuae
425 990 636 1024 inhabilitatis
666 991 706 1024 ad
740 990 793 1024 illa
824 991 870 1024 vel
900 990 960 1024 alia

217 1045 430 1089 imposterum
451 1044 628 1078 obtinenda
646 1054 830 1089 percorum
847 1054 960 1088 quem-

220 1097 296 1132 libet
318 1097 356 1141 (si
377 1097 647 1139 contravenerim,
669 1096 746 1131 seu¹
769 1096 885 1141 aliquis
906 1107 960 1130 eo-

218 1161 290 1185 rum
321 1150 571 1193 contravenerit)
592 1161 630 1184 eo
664 1150 733 1194 ipso
759 1149 961 1184 incurrendis

217 1204 342 1249 poenis,
357 1214 398 1238 ne
410 1204 449 1238 de
464 1209 592 1238 caetero
609 1203 738 1248 quosvis
756 1203 847 1243 alios,
863 1215 959 1248 quam

216 1259 401 1303 praedictae
421 1258 560 1292 nationis
584 1258 778 1298 Gallicanae,
802 1257 876 1290 dicti
899 1257 960 1293 Or-

217 1313 300 1348 dinis
314 1314 427 1347 fratres
445 1313 476 1346 in
495 1319 672 1358 conventus
686 1313 873 1347 huiusmodi
895 1323 961 1346 cor-

216 1373 358 1401 rectores
383 1377 439 1401 seu
463 1367 541 1401 alias
559 1367 676 1401 locales
691 1373 719 1401 et
735 1367 960 1401 conventuales

217 1421 266 1455 vel
285 1420 483 1455 habitatores
508 1420 637 1463 eligere,
661 1426 716 1453 aut
741 1420 859 1454 eleetos
882 1431 959 1454 con-

217 1475 358 1516 firmare,
382 1474 526 1518 inibique
546 1473 701 1518 recipere,
720 1474 766 1507 vel
788 1474 831 1507 eis
853 1474 958 1508 locum

218 1534 249 1562 et
269 1528 468 1563 domicilium
490 1527 664 1570 assignare,
683 1538 740 1561 seu
761 1528 856 1561 etiam
878 1539 959 1573 quo-

218 1582 384 1627 quomodo
399 1592 452 1615 eos
466 1581 636 1615 admittere
654 1582 701 1614 vel
721 1582 858 1615 tolerare
871 1593 961 1626 prae-

219 1642 346 1670 sumant
368 1636 532 1680 (nolumus
552 1642 656 1669 tamen
676 1636 760 1679 quod
784 1638 896 1669 l'ratres
914 1637 960 1670 di-

220 1695 289 1724 ctae
313 1689 452 1723 nationis
483 1690 644 1730 Gallicae,
673 1690 726 1733 qui
753 1689 875 1732 fugitivi
904 1701 958 1724 seu

219 1744 330 1788 quavis
350 1743 411 1778 alia
433 1743 510 1777 iuris
538 1749 592 1777 aut
613 1743 685 1778 laeti
707 1743 837 1777 inl'amia
858 1744 958 1778 notati

22 1819 26 1838 ‚
220 1798 349 1839 suerint,
370 1798 402 1831 in
420 1797 503 1832 dieta
518 1799 615 1832 domo
635 1808 689 1831 seu
706 1804 863 1832 conventu
879 1799 959 1832 reci-

22 1847 26 1863 '
219 1852 348 1896 piantur
362 1853 409 1886 rel
427 1852 675 1894 admittantur),
700 1853 909 1886 decernentes
924 1864 959 1887 cx

22 1887 28 1975 ἰ
220 1916 304 1940 nune
325 1906 450 1940 irritum
473 1912 503 1939 et
524 1906 618 1940 inane
632 1905 790 1950 quidquid
805 1917 895 1940 secus
909 1917 961 1940 su-

220 1969 278 2002 pet·
304 1959 353 1993 bis
374 1970 391 1992 a
412 1969 574 2003 quoquam
593 1986 599 1998 ,
622 1959 732 2003 quavis
757 1959 957 1998 auctoritate,

24 1978 29 2072 i
220 2012 357 2046 scienter
378 2013 424 2046 vel
443 2012 638 2056 ignoranter,
661 2012 829 2056 eontigerit
853 2018 957 2046 atten-

7 2035 15 2108 ι
223 2066 292 2100 tari.

267 2121 283 2162 ξ
301 2119 331 2153 ἷι.
346 2120 501 2159 Quocirca
518 2120 691 2153 venerabili
708 2120 794 2153 l'ratri
811 2121 961 2165 episcopo

222 2173 401 2214 Sabinensi,
418 2184 455 2207 ac
469 2173 592 2207 dilectis
610 2174 683 2207 liliis
697 2180 806 2207 nostro
824 2175 855 2207 in
878 2175 960 2208 alma

224 2226 306 2261 Urbe
327 2226 444 2260 vicario
458 2233 485 2260 et
506 2237 672 2260 causarum
688 2228 795 2261 curiae
812 2227 962 2261 Gamerae

222 2280 423 2324 Apostolicae
447 2280 587 2323 generali
620 2281 759 2314 auditori
788 2292 844 2325 per
872 2286 962 2325 prae-

222 2339 326 2367 sentes
347 2333 582 2367 eommittimus
601 2340 630 2367 et
652 2334 853 2375 mandamus,
882 2346 961 2379 qua-

224 2392 315 2421 tenus
337 2388 406 2431 ipsi,
422 2388 466 2421 rel
490 2388 565 2428 duo,
582 2394 635 2421 aut
657 2398 738 2422 unus
757 2398 881 2429 eorum,
906 2400 962 2433 per

222 2451 267 2481 se,
290 2441 336 2475 vel
365 2441 476 2482 alium,
497 2452 552 2475 seu
578 2441 668 2482 alios,
697 2449 880 2486 praesentes
910 2443 960 2476 lit-

225 2499 306 2527 teras
323 2500 353 2528 et
374 2495 405 2528 in
426 2495 471 2528 eis
489 2501 638 2529 contenta
652 2506 888 2540 quaecumque,
906 2496 959 2529 ubi

224 2552 252 2580 et
274 2548 403 2590 quando
432 2559 512 2592 opus
544 2548 661 2590 suerit,
689 2554 715 2583 ct
749 2549 873 2592 quoties
901 2560 960 2593 pro

71 2127 207 2155 hoq-micres

11 2162 16 2175 v
37 2153 123 2181 deputat.

260 2663 273 2690 1
295 2662 390 2700 Supple
410 2664 436 2692 si
450 2666 486 2698 (n.
504 2669 551 2697 rt.

998 253 1015 276 v
1040 253 1090 277 re
1645 241 1708 276 3:35

996 306 1086 343 parte
1106 301 1190 343 regis
1216 300 1474 334 christianissimi
1496 307 1525 334 et
1546 300 1738 334 correctoris

997 363 1033 386 ac
1048 353 1179 386 fratrum
1195 353 1299 387 dictae
1316 354 1431 387 domus
1444 352 1738 387 sanctissimaeTri-

997 405 1114 446 nitatis,
1138 411 1193 439 aut
1213 406 1348 440 alicuius
1365 417 1491 448 eorum,
1514 406 1659 451 requisiti
1676 407 1739 440 sue-

998 458 1072 500 rint,
1095 459 1283 492 solemniter
1308 459 1521 503 publicantes,
1553 460 1680 504 illisque
1706 460 1737 493 in

996 512 1179 556 praemissis
1200 513 1339 546 efficacis
1357 513 1554 547 defensionis
1574 513 1737 558 praesidio

996 565 1177 599 assistentes
1197 566 1314 599 saciant
1334 566 1525 600 auctoritate
1542 569 1652 600 nostra
1666 566 1737 600 illos

996 625 1027 652 et
1051 629 1163 653 eorum
1189 619 1367 663 quemlibet
1391 620 1642 664 praemissorum
1668 630 1738 654 om-

995 673 1083 707 nium
1104 680 1134 707 et
1157 671 1358 716 singulorum
1385 673 1501 707 effectu
1521 674 1654 718 pacifice
1676 674 1736 708 srui

996 733 1026 760 et
1043 727 1196 770 gaudere,
1213 737 1278 760 non
1292 727 1514 771 permittentes
1531 738 1586 761 eos
1599 728 1737 772 desuper

995 791 1012 813 a
1032 790 1196 824 quoquam
1218 780 1329 824 quavis
1347 780 1537 814 auctoritate
1557 781 1737 824 quomodo-

995 834 1073 867 libet
1093 834 1269 874 molestari,
1293 833 1474 877 perturbari
1500 840 1529 867 et
1551 833 1735 878 inquietari;

996 886 1251 921 contradictores
1272 897 1495 931 quoscumque
1513 897 1571 930 per
1587 897 1738 921 censuras

996 947 1026 974 et
1045 951 1165 984 poenas
1186 940 1437 981 ecclesiasticas,
1460 939 1588 984 aliaque
1612 950 1734 984 oppor-

997 1000 1073 1028 tuna
1094 994 1171 1027 iuris
1193 999 1223 1027 et
1248 993 1322 1027 sacti
1350 994 1505 1035 remedia,
1522 993 1738 1038 appellatione

995 1047 1182 1091 postposita,
1208 1047 1457 1090 compescendo,
1474 1046 1620 1080 invocato
1641 1046 1736 1080 etiam

996 1101 1033 1134 ad
1057 1101 1135 1141 boe,
1164 1101 1188 1133 si
1214 1111 1295 1144 opus
1325 1100 1420 1134 suerit
1436 1127 1443 1141 ,
1471 1099 1588 1134 auxilio
1613 1099 1737 1133 brachii

995 1153 1178 1187 saecularis.

1039 1207 1107 1250 go.
1136 1208 1204 1241 Non
1234 1207 1435 1241 obstantibus
1464 1207 1669 1251 praemissis,
1701 1219 1737 1242 ae

995 1260 1159 1305 quibusvis
1177 1261 1457 1294 constitutionibus
1478 1267 1509 1295 et
1529 1261 1738 1295 ordinationi—

996 1315 1053 1348 bus
1085 1314 1292 1358 apostolitis,
1320 1324 1447 1348 necnon
1479 1315 1555 1349 dicti
1587 1314 1738 1357 Ordinis,

995 1368 1091 1402 etiam
1118 1368 1310 1410 iuramento,
1332 1368 1578 1402 confirmatione
1600 1375 1733 1413 aposto-

995 1422 1054 1455 liea
1077 1422 1122 1455 vel
1145 1422 1255 1465 quavis
1283 1421 1436 1456 firmitate
1462 1422 1523 1455 alia
1554 1422 1733 1464 roboratis,

993 1475 1119 1509 statutis
1140 1482 1169 1508 et
1189 1475 1489 1516 consuetudinilms,
1517 1486 1644 1510 necnon
1665 1477 1733 1520 pri-

993 1530 1128 1573 vilegiis,
1152 1529 1285 1563 indultis
1312 1535 1341 1562 et
1362 1529 1477 1563 litteris
1503 1530 1686 1574 apostolicis
1706 1530 1736 1564 in

1757 252 1846 279 Aac.
1871 251 1937 278 160ss

1781 1218 1870 1242 nemum
1888 1224 1935 1239 rnn-

1752 1246 1830 1266 trariis.

994 1582 1192 1617 contrarium
1214 1582 1319 1615 forsan
1339 1582 1584 1626 quomodolibet
1606 1593 1736 1617 conces·
1763 1617 1767 1622 ,

993 1636 1046 1677 sis,
1062 1634 1249 1680 approbatis
1268 1641 1297 1668 et
1312 1635 1480 1669 innovatis.
1498 1635 1620 1674 Quibus
1638 1636 1738 1669 omni-

994 1689 1053 1723 bus
1068 1717 1075 1729 ‚
1107 1689 1236 1722 illorum
1273 1695 1399 1722 tenores
1431 1689 1654 1732 praesentibus
1678 1701 1737 1734 pro

994 1743 1192 1777 sufficienter
1212 1742 1369 1786 expressis
1390 1742 1556 1783 babentes,
1578 1743 1639 1776 illis
1660 1743 1737 1776 alias

995 1798 1025 1831 in
1039 1807 1097 1830 suo
1111 1796 1228 1830 robore
1243 1796 1475 1840 permansuris,
1492 1796 1551 1830 liae
1565 1796 1632 1830 vice
1646 1798 1737 1830 dutu-

994 1857 1078 1885 taxat
1102 1850 1284 1895 specialiter
1305 1857 1335 1883 et
1363 1861 1510 1894 expresse
1530 1851 1735 1893 derogamus,

994 1904 1164 1938 contrariis
1174 1904 1444 1947 cptitms‹:t11nquc;
1458 1910 1511 1937 aut
1526 1903 1550 1937 si
1566 1904 1738 1948 aliquibus,

995 1957 1210 1992 communiter
1229 1957 1274 1990 rel
1297 1956 1433 1999 divisim,
1447 1956 1486 1990 ab
1508 1957 1683 2001 apostoliea
1700 1958 1738 1991 sit

995 2012 1076 2046 Sede
1098 2011 1259 2044 indultum
1281 2011 1368 2054 quod
1394 2010 1562 2050 interdici,
1585 2012 1738 2055 suspendi

996 2066 1042 2099 rel
1071 2064 1344 2098 exr01umunicari
1370 2074 1435 2097 non
1461 2064 1582 2108 possint
1609 2076 1666 2108 per
1691 2065 1740 2098 lit-

997 2125 1078 2152 teras
1100 2118 1291 2162 apostolicas
1312 2127 1375 2151 non
1397 2117 1546 2151 l'acientes
1564 2119 1691 2162 plenam
1709 2126 1738 2152 et

996 2183 1178 2217 expressam
1205 2183 1240 2205 ac
1273 2172 1312 2205 de
1347 2171 1442 2205 verbo
1470 2172 1509 2204 ad
1537 2171 1670 2206 verbum
1700 2172 1738 2205 de.

998 2226 1122 2260 indulto
1143 2225 1328 2259 huiusmodi
1348 2224 1557 2259 mentionem

1040 2280 1152 2313 Datum
1174 2280 1294 2312 Romae
1319 2279 1405 2322 apud
1430 2283 1575 2312 sanctuni
1597 2279 1735 2311 Martum

995 2334 1053 2368 sub
1069 2334 1188 2367 atinulo
1208 2333 1375 2366 Piscatoris
1392 2332 1442 2366 die
1460 2343 1516 2366 χιιι
1541 2332 1608 2365 iulii
1630 2343 1737 2373 nourr,

996 2387 1200 2432 pontificatus
1219 2387 1318 2421 nostri
1339 2396 1478 2422 annoti.

1032 2451 1089 2479 Ilat.
1109 2451 1151 2478 dic
1170 2451 1200 2478 13
1221 2451 1277 2478 iulii
1298 2451 1373 2485 ltilltj,
1391 2450 1485 2485 pontil'.
1505 2458 1546 2477 au.
1566 2456 1593 2476 ιι,
