2227 3241
18 271 66 302 Ru.
85 273 113 301 C.
132 272 198 301 ¹606

49 603 196 625 claustralibus

19 635 66 652 ιω
95 630 196 651 ecclesias

19 656 153 679 visitantibus,

22 1029 198 1081 „ssss'ffflfflff‘

47 1348 198 1375 itinerantibus

86 1775 203 1797 Orationem

0 1839 1 1843 =
29 1827 133 1850 cientibus.

71 2146 143 2174 culpus
160 2154 206 2176 pro·

46 2173 86 2195 ria·
100 2174 119 2196 in
130 2177 208 2202 capitu-

0 2212 2 2219 .
40 2203 208 2224 excusantibus.

60 2473 165 2506 mistiones
183 2481 210 2502 ad

36 2502 211 2530 terminantium

39 2530 72 2550 σα.
87 2535 210 2558 neceptanij.

38 2554 80 2580 buu,
93 2559 127 2578 etc.

165 506 173 512 .
211 481 286 514 tiam
320 488 351 515 et
382 482 604 516 remissionem
638 482 890 516 misericorditer
919 481 950 514 in

0 1787 1 1790 Ἴ
30 1802 134 1823 mentulam
171 1802 205 1823 ta-
236 1820 241 1826 .

851 272 969 297 PAULUs

210 320 430 371 &braverintss
447 320 572 365 quoties
589 331 648 365 pro
667 320 951 365 quolibctpraedi-

211 379 335 407 ctorum
351 374 588 416 exercitiorum,
605 375 783 418 plenariam
804 374 952 408 similiter

210 427 355 461 omnium
381 433 588 472 peccatorum
615 439 747 462 suorum
776 428 948 471 indulgen-

210 533 348 568 Domino
374 535 592 569 concedimus.

255 587 270 630 ἓ
297 587 347 621 11.
375 588 544 622 Praeterea
569 589 665 622 iidem
690 589 841 632 Religiosi
870 588 952 621 intra

212 640 351 675 claustra
376 642 536 684 viventes,
569 642 622 687 qui
658 653 749 676 suam
783 642 951 676 ecclesiam

212 693 324 728 devote
347 695 554 737 visitaverint,
578 702 609 730 et
629 702 663 730 ut
682 697 862 741 praefertur
882 706 954 729 ora·

211 748 332 790 verint,
361 756 600 794 consequantur
625 751 753 784 easdem
783 750 952 793 indulgen-

211 801 270 835 tias
290 802 393 846 (quas
423 803 587 837 visitantes
616 804 765 838 ecclesias
800 804 894 838 Urbis
925 809 955 837 et

212 860 297 888 extra
323 866 392 889 eam
415 857 527 891 diebus
554 858 728 892 stationum
751 869 953 902 consequun—

213 908 276 952 tur)
291 909 322 942 in
337 910 488 944 omnibus
502 911 624 955 diebus,
635 912 768 956 perinde
781 923 817 945 ac
831 912 855 945 si
871 911 954 956 ipsas
970 913 972 933 ἵ

212 961 304 996 Urbis
325 964 475 998 ecclesias
495 966 708 1009 personaliter
731 966 905 999 visitarent.

257 1017 273 1059 ξ
304 1016 356 1050 12.
385 1017 541 1052 Omnibus
573 1019 648 1052 item
681 1019 840 1062 religiosis
872 1019 973 1053 intra*

213 1070 360 1112 claustra,
377 1078 411 1105 ut
429 1082 537 1116 supra,
565 1073 755 1115 viventibus,
783 1073 836 1117 qui
863 1073 955 1117 quin-

212 1124 302 1168 quies
340 1124 528 1160 Oratz'onem
559 1127 767 1161 Domz'm'cctm
800 1133 830 1161 et
863 1128 955 1162 toties

211 1177 451 1213 Salutationem
476 1180 670 1224 Anaeticam
691 1187 764 1215 ante
784 1181 884 1215 altare
902 1192 953 1215 eo-

212 1243 282 1265 rum
298 1233 450 1267 ecclesiae
462 1234 492 1267 in
507 1235 651 1279 quolibet
666 1235 715 1268 die
730 1235 955 1278 recitaverinff,

213 1285 355 1330 quinque
377 1298 478 1322 annos
503 1295 529 1321 et
559 1289 691 1322 totidem
718 1290 953 1334 quadragenas;

259 1341 275 1382 ξ
300 1339 352 1373 13.
381 1341 420 1375 lis
445 1352 520 1375 vero
546 1343 599 1386 qui
632 1343 671 1377 de
694 1355 955 1388 suorumsupc-

214 1393 336 1427 riorum
358 1394 487 1428 licentia
508 1396 538 1428 in
560 1396 676 1430 itinere
697 1398 878 1437 existentes,
903 1403 957 1431 aut

215 1452 302 1480 extra
324 1447 462 1481 claustra
483 1449 636 1492 degentes
651 1456 814 1494 tamquam
833 1451 958 1494 praedi-

215 1506 339 1534 catores
364 1507 392 1534 et
420 1502 576 1542 lectores,
605 1503 778 1547 quinquies
809 1504 956 1537 eamdem

217 1552 406 1587 Orationem
431 1555 652 1597 Domim'cam‚
681 1562 712 1590 et
736 1557 830 1590 toties
854 1557 958 1591 Salu-

218 1607 371 1640 tationem
384 1608 574 1652 Anyelz'cam
590 1615 663 1643 ante
677 1610 845 1654 quodlibet
859 1611 958 1644 altare

216 1659 364 1694 similiter
388 1661 537 1703 dixerint,
566 1663 660 1696 ctiam
687 1664 831 1708 quinque
857 1674 958 1697 annos

219 1718 249 1747 et
274 1714 406 1748 totidem
433 1716 667 1759 quadragenas:

263 1767 351 1810 514.
380 1769 510 1803 Necnon
544 1770 639 1803 etiam
668 1770 788 1804 eisdem
817 1771 958 1814 Religio-

218 1831 279 1862 sis,
307 1822 360 1866 qui
387 1833 444 1866 per
470 1834 611 1857 mensem
639 1824 799 1867 integrum
826 1825 978 1868 singulis.

219 1874 332 1909 diebus
356 1876 458 1920 spatio
491 1878 615 1911 mediae
647 1878 745 1911 horae
778 1878 957 1912 orationem

219 1930 389 1963 mentalem
416 1930 565 1971 fecerint,
594 1942 629 1965 ac
655 1932 789 1966 confessi
816 1938 845 1965 ct
870 1934 960 1965 sacra

219 1984 447 2018 communione
461 1984 576 2018 ultima
590 1985 753 2019 dominica
768 1986 885 2019 mensis
902 1987 979 2019 liu-l

220 2035 356 2070 iusmodi
379 2037 488 2071 refecti
510 2038 639 2079 fuerint,
671 2039 834 2082 sexaginta
860 2027 979 2073 annos¹

221 2093 252 2122 et
276 2089 407 2124 totidem
430 2091 663 2135 quadmgenas3
977 2129 978 2134 Ἰ

265 2145 281 2186 ξ
300 2143 351 2177 15.
375 2144 433 2184 Qui
455 2155 530 2178 vero
550 2145 688 2179 contrito
714 2147 810 2180 corde
833 2153 863 2180 ct
883 2157 959 2191 poe-

222 2197 358 2231 nitentes
383 2208 494 2232 eorum
517 2199 626 2243 culpas
647 2205 678 2233 et
697 2206 827 2244 peccata
846 2211 880 2234 ac
903 2201 978 2248 imff

222 2251 434 2294 perfectiones
455 2253 485 2285 in
508 2253 655 2297 capitulis
676 2255 843 2297 culparum
866 2265 960 2288 accu-
978 2252 979 2255 ’

222 2304 347 2346 sabunt,
371 2312 403 2340 et
426 2307 636 2351 spiritualiter
660 2308 958 2349 communicabunt,
978 2336 980 2350 ,

223 2363 253 2391 et
265 2359 449 2393 exercitium
468 2360 621 2394 virtutum
638 2361 763 2401 facient,
783 2367 846 2395 tres
861 2372 962 2395 annos
978 2356 980 2386 ’ἶ

224 2417 255 2444 et
279 2412 410 2446 totidem
437 2414 682 2457 quadragenas3

268 2467 284 2508 g
308 2465 360 2499 16.
384 2467 655 2512 Quotiescumque
672 2474 778 2501 autem
801 2469 839 2501 dc
865 2468 979 2501 licen-¹

225 2518 267 2551 tia
290 2519 410 2553 Summi
437 2521 602 2555 pontificis
631 2528 684 2555 aut
708 2532 840 2555 suorum
866 2499 980 2566 supe-y

978 2558 980 2567 i

227 2571 346 2605 riorum
382 2573 413 2607 in
439 2574 576 2608 ditiones
601 2581 629 2608 et
657 2581 756 2608 terras
782 2571 980 2629 infidelium}

261 2644 273 2670 1
296 2643 440 2673 Videretur
456 2645 598 2682 legendum
615 2649 684 2674 totes
699 2647 808 2682 quoties
825 2653 859 2682 ka.
878 2647 925 2681 r).

260 2687 276 2714 Ξ
298 2687 391 2717 Vocem
409 2691 593 2720 recitaverint
609 2691 705 2719 deesse
721 2691 844 2719 duximus
858 2691 897 2727 (n.
914 2691 961 2726 r).

993 272 1013 296 v
1037 273 1082 296 rr.
1633 260 1696 293 5317

987 326 1041 354 aut
1062 320 1299 354 baereticorum
1323 321 1361 353 ad
1384 319 1654 359 concionandum,
1676 323 1729 352 aut

987 374 1160 408 catholicos
1192 375 1399 414 docendum,
1435 374 1484 407 vel
1520 373 1666 407 infideles
1699 378 1730 406 et.

987 427 1164 461 haereticos
1179 428 1263 472 ipsos
1278 428 1316 461 ad
1336 428 1431 461 tidem
1447 426 1637 460 catholicam
1654 436 1731 460 con-

987 482 1176 514 vertendum
1210 487 1240 514 et
1272 481 1432 514 Ecclesiae
1453 480 1612 524 gremium
1635 480 1730 513 redu-

988 534 1124 567 cendum
1151 534 1237 567 missi
1264 534 1393 574 fuerint,
1422 534 1446 567 si
1472 533 1674 578 poenitentes
1699 538 1730 565 et

987 588 1133 627 confessi,
1152 598 1188 621 ac
1203 587 1401 621 sanctissima
1422 587 1656 621 Communione
1677 596 1729 619 re-

987 640 1058 674 fecti
1080 641 1199 674 fuerint
1213 668 1220 682 ‚
1249 642 1295 673 vel
1322 641 1450 674 missam
1472 639 1726 679 celebraverint,

987 700 1022 727 ut
1047 694 1161 728 melius
1186 695 1225 728 ad
1251 694 1437 728 huiusmodi
1471 705 1550 739 opus
1575 704 1643 727 sese
1676 703 1731 737 pa-

988 758 1059 781 rare
1083 749 1230 789 valeant,
1264 758 1324 792 pro
1357 748 1480 782 duabus
1512 747 1656 788 vicibus,
1684 746 1730 779 vi-

989 802 1104 835 delicet
1129 802 1259 846 quando
1285 802 1392 835 itineri
1425 812 1457 835 se
1483 801 1666 844 accingent,
1701 805 1733 834 et

989 856 1118 900 quando
1154 856 1184 890 in
1219 856 1441 901 provinciam,
1476 855 1531 889 ubi
1568 853 1733 899 praedicta

989 919 1087 953 opera
1113 910 1157 943 eis
1183 910 1361 943 exercenda
1387 915 1490 950 erunt,
1515 908 1649 952 ingressi
1671 908 1733 941 fue-

989 963 1063 1005 rint,
1083 963 1262 1007 plenariam
1278 963 1422 997 omnium
1437 969 1644 1007 peccatorum
1660 972 1732 996 suo-

988 1028 1058 1049 rum
1082 1017 1315 1060 indulgentiam
1338 1023 1368 1050 et,
1393 1016 1616 1051 remissionem
1639 1016 1732 1049 mise-

989 1071 1160 1105 ricorditer
1180 1072 1211 1104 in
1229 1071 1365 1105 Domino
1387 1071 1507 1115 pariter
1526 1069 1733 1104 concedimus

991 1130 1019 1158 et
1041 1125 1226 1168 elargimur.

1035 1178 1049 1221 g
1071 1178 1122 1211 117.
1146 1179 1182 1212 Et
1204 1179 1334 1223 insuper
1355 1189 1427 1212 cum
1446 1179 1595 1222 superior
1609 1178 1640 1210 in
1662 1178 1733 1211 visi-

992 1233 1166 1266 tationibus
1187 1233 1392 1275 generalibus
1413 1233 1575 1266 orationes
1586 1231 1732 1276 quadra-

989 1287 1081 1329 qinla
1117 1287 1276 1319 horarium
1316 1297 1375 1331 pro
1412 1287 1499 1319 bono
1542 1284 1733 1318 visitationis

991 1350 1163 1384 progressu
1185 1340 1343 1373 collocare
1363 1339 1511 1379 voluerit,
1536 1339 1572 1372 iis
1593 1338 1734 1380 Religio-

991 1394 1032 1426 sis
1060 1394 1114 1437 qui
1143 1394 1237 1427 dictis
1263 1393 1463 1427 orationibus
1490 1393 1601 1426 saltem
1631 1392 1734 1436 spatio

992 1447 1129 1480 duarum
1149 1447 1302 1480 horarum
1326 1447 1357 1479 in
1376 1447 1501 1480 diverso
1521 1452 1665 1490 tempore
1686 1446 1735 1478 in-

992 1500 1170 1541 terfuerint,
1190 1507 1220 1533 et
1236 1501 1278 1533 ibi
1297 1511 1355 1544 pro
1374 1500 1621 1533 christianorum
1644 1500 1734 1544 prin-

992 1554 1099 1598 cipum
1122 1554 1307 1594 concordia‚
1324 1553 1493 1587 haeresum
1510 1553 1732 1597 extimatione,

991 1608 1126 1641 Romani
1148 1607 1312 1641 Pontificis
1332 1608 1434 1641 salute
1460 1618 1494 1641 ac
1520 1613 1647 1641 sanctae
1668 1617 1736 1639 ma-

993 1662 1048 1695 tris
1068 1661 1227 1695 Ecclesiae
1249 1662 1453 1702 exaltatione,
1474 1672 1533 1695 nec
1552 1672 1617 1694 non
1636 1661 1734 1695 disci-

975 1744 976 1747 ,
993 1716 1100 1760 plinae
1115 1721 1144 1748 et
1157 1715 1379 1749 observantiae
1397 1715 1554 1758 regularis
1564 1721 1737 1758 augmento

993 1769 1061 1813 pias
1083 1769 1122 1803 ad
1143 1770 1242 1803 Deum
1272 1780 1403 1813 preces,
1428 1774 1462 1802 ut
1490 1779 1586 1813 supra
1616 1768 1736 1801 dictum

993 1829 1050 1864 est,
1075 1823 1258 1864 effuderint,
1282 1824 1306 1857 si
1328 1823 1464 1857 confessi
1491 1830 1521 1856 et
1538 1825 1627 1856 sacra
1648 1833 1737 1855 com-

994 1877 1147 1910 munione
1174 1877 1283 1910 refecti
1311 1877 1440 1918 fuerint,
1466 1882 1519 1910 aut
1540 1876 1668 1909 missam
1688 1886 1738 1908 ce-

993 1930 1198 1971 lebraverint,
1220 1930 1397 1974 plenariam
1422 1930 1569 1963 similiter
1592 1928 1737 1962 omnium

995 1990 1201 2028 pcccatorum
1218 1984 1451 2027 indulgentiam
1465 1983 1736 2023 etremissioneui,

977 2043 1028 2074 ,ut
1048 2038 1241 2082 praefertur⁷
1266 2038 1485 2071 concedimus.

1038 2092 1053 2135 g
1075 2091 1125 2124 18.
1151 2092 1304 2125 Volumus
1325 2098 1430 2125 autem
1450 2099 1484 2125 ut
1504 2102 1615 2125 omncs
1626 2101 1737 2134 supra-

977 2144 1096 2197 {dictae
1119 2145 1337 2188 indulgentiae
1364 2150 1391 2178 et
1422 2145 1543 2187 gratiae
1571 2143 1737 2186 Religiosis

994 2199 1198 2241 regularibus
1213 2199 1352 2233 cuiusvis
1361 2199 1488 2233 Ordinis
1501 2206 1562 2232 tam
1573 2197 1737 2231 Monastici

994 2262 1089 2295 quam
1102 2252 1310 2286 Mendicantis
1321 2253 1493 2293 dumtaxat,
1503 2252 1737 2296 utpracfertur,

995 2316 1176 2347 concessae,
1195 2306 1289 2340 etiam
1305 2306 1456 2339 omnibus
1467 2305 1661 2339 monialibus
1682 2316 1738 2338 cu-

995 2359 1091 2392 iusvis
1113 2360 1241 2402 regulae
1269 2360 1476 2404 approbatae,
1502 2366 1531 2393 ct
1550 2359 1630 2392 intra
1651 2358 1738 2391 clau-

995 2418 1058 2446 stra
1077 2424 1148 2446 cum
1166 2413 1268 2447 tribus
1289 2414 1369 2447 votis
1390 2413 1588 2447 solemnibus
1609 2412 1740 2446 viventi-

996 2466 1054 2500 bus
1073 2473 1101 2501 ct
1123 2473 1311 2512 perpetuam
1337 2468 1517 2500 clausuram
1539 2465 1740 2500 servantibus

994 2522 1070 2563 [tam
1081 2521 1258 2555 Ordinariis
1273 2522 1416 2555 locorum
1433 2531 1528 2564 quam
1541 2520 1635 2553 etiam
1650 2530 1740 2562 regu·

996 2574 1116 2607 laribus
1128 2574 1505 2618 cuiuscumqueOrdinis,
1516 2574 1646 2615 regulae
1658 2580 1687 2607 et
1699 2573 1741 2606 in-

996 2628 1096 2662 stituti
1106 2629 1273 2671 subiectis)
1284 2629 1508 2671 suffragentur,
1518 2627 1740 2671 praesentibus

997 2682 1161 2726 perpetuis
1182 2682 1295 2716 futuris
1310 2681 1509 2725 temporibus
1524 2681 1695 2715 duraturis.

1742 270 1791 296 An.
1813 269 1842 297 C.
1864 268 1930 297 1605

1776 1184 1872 1207 Orationi
1883 1188 1934 1209 qua-

1749 1214 1846 1239 draginta
1871 1211 1934 1238 hora-

1748 1247 1793 1262 ruin
1832 1237 1935 1259 aduam·-

1748 1268 1795 1289 bue.

1780 2101 1863 2122 Eisdem
1871 2098 1937 2120 indul-

1753 2130 1829 2153 centus
1836 2125 1938 2148 moniales

1753 2157 1854 2177 truantur.
