2227 3241
245 272 292 298 An.
310 273 339 298 c.
359 271 425 299 160ss
471 262 534 295 346
1026 271 1207 296 mittamini
1230 273 1382 298 noumrn
1968 276 2022 302 An.
2039 276 2068 303 C.
2083 265 2164 314 teo&
2188 277 2195 309 ,-

444 321 501 353 hus
522 319 727 364 apostolicis,
756 329 813 352 nec
844 329 908 352 non
941 319 1017 352 dicti
1044 319 1180 359 Ordinis,
1199 324 1202 347 1
1218 321 1309 354 lit-cut
1340 321 1421 354 hanc
1445 321 1594 365 paginam
1618 328 1797 355 nostrarum
1819 323 1950 356 absolu-

445 373 637 412 iuramento,
665 371 912 405 confirmatione
932 371 1118 416 apostolica,
1135 373 1182 405 vel
1219 374 1324 415 tionis,
1352 375 1635 419 approbationum,
1659 375 1954 417 confirmationum,

444 426 553 470 quavis
578 425 730 459 firmitate
755 425 817 458 alia
847 426 1027 467 roboratis,
1059 426 1183 460 statutis
1200 456 1201 459 ,
1218 426 1441 468 innovationis,
1460 427 1715 469 concessionum,
1731 427 1883 470 roboris',
1900 428 1954 462 ad-

444 485 474 513 ct
499 479 808 520 consuetudinibus,
838 479 1012 524 privilegiis
1039 491 1180 526 quoque,
1199 462 1202 524 i
1219 479 1373 520 iectionis,
1391 480 1574 514 defectuum
1599 480 1810 525 suppletionis
1830 490 1956 516 conces-

446 533 577 567 indultis
598 539 628 567 et
653 533 767 567 litteris
793 533 994 578 apostolicis,
1016 533 1077 567 illis
1102 534 1184 568 eius·
1217 532 1326 573 sioniS,
1352 532 1478 574 indulti,
1503 533 1742 578 impartitionis,
1769 533 1952 576 voluntatis,

443 597 505 631 que
537 586 759 630 superioribus
785 592 812 620 et
846 587 992 631 personis
1023 587 1081 620 sub
1107 587 1180 631 qui·
1218 585 1458 629 suppositionis,
1476 586 1695 628 subiectionis,
1718 586 1850 628 decreti,
1867 597 1957 621 man-

443 639 643 683 liuscumque
666 639 830 672 tenoribus
855 645 883 672 et
905 640 1025 680 formis,
1053 650 1089 673 ac
1110 650 1182 673 cum
1219 638 1282 671 (lati
1299 643 1328 671 ct
1345 638 1564 682 derogationis
1585 639 1824 684 praedictorum
1846 639 1958 674 infrin-

445 692 610 736 quibusvis
631 692 726 726 etiam
753 693 1031 736 derogatoriarum
1050 694 1185 736 deroga-
1219 702 1293 734 gere
1313 692 1357 725 rel
1380 691 1407 724 ei
1435 702 1514 725 ausu
1537 692 1709 726 temerario
1727 692 1898 727 contraire.
1925 693 1957 728 Si

445 745 544 785 toriis,
568 745 702 790 aliisque
723 745 978 786 efficacioribus,
1002 746 1184 780 et'ficaeissi-
1220 745 1290 789 quis
1310 750 1416 778 autem
1436 745 1496 779 hoc
1514 751 1671 780 attentare
1695 746 1955 791 praesumpserit,

444 798 503 832 mis
524 804 554 833 et
578 798 713 833 insolitis
732 799 894 837 clausulis,
919 799 1185 843 irritantibusque
1220 797 1472 841 indignationem
1494 798 1725 843 omnipotentis
1743 799 1810 841 Dei,
1831 809 1867 833 ac
1883 799 1958 834 bea-

444 857 474 884 et
495 851 564 885 aliis
589 852 737 893 decretis,
758 852 790 886 in
815 862 934 895 genere
954 853 1002 887 vel
1020 853 1051 886 in
1069 852 1186 897 specie,
1221 857 1324 885 torum
1351 851 1435 884 Petri
1456 857 1486 884 et
1511 851 1599 885 Pauli
1628 853 1847 897 apostolorum
1877 852 1955 894 eius,

445 904 540 949 ctiam
571 911 659 939 motu
686 906 820 950 proprio
848 912 877 939 et
907 905 1182 946 consistorialiter,
1220 915 1252 939 se
1274 905 1397 939 noverit
1418 904 1634 939 incursurum.

444 968 481 992 ac
495 957 582 1000 alias,
598 958 628 991 in
644 958 841 992 eontrarium
857 958 1102 1003 quomodolibet
1115 967 1187 992 con·
1264 959 1377 992 Datum
1399 959 1519 993 Romae
1537 960 1623 1003 apud
1643 965 1787 993 sanctum
1808 960 1958 1002 Marcum,

445 1011 555 1052 cessis,
580 1011 779 1046 confirmatis
806 1018 834 1046 et
869 1012 1038 1046 innovatis.
1067 1011 1186 1052 Quibus
1221 1021 1306 1045 anno
1326 1012 1559 1046 lucarnationis
1580 1012 1766 1047 Dominicae
1784 1022 1892 1054 nncw,
1915 1022 1960 1047 xit

444 1066 606 1107 omnibus,
630 1066 755 1100 etiamsi
776 1066 814 1100 de
836 1066 898 1099 illis
916 1076 1094 1110 eorumque
1114 1066 1186 1099 totis
1221 1065 1373 1099 kalendas
1397 1066 1602 1110 septembris,
1631 1065 1836 1111 pontificatus
1859 1065 1961 1100 nostri

446 1119 613 1154 tenoribus
632 1119 790 1164 specialis,
807 1119 968 1163 specifica,
991 1129 1139 1163 expressa
1157 1125 1187 1153 et
1222 1129 1305 1152 anno
1329 1129 1360 1153 ιι.

444 1172 620 1213 individua,
644 1184 679 1206 ac
705 1173 743 1207 de
765 1173 862 1206 verbo
891 1173 930 1206 ad
948 1173 1093 1214 verbum,
1121 1183 1185 1207 non
1293 1184 1350 1211 Dat.
1373 1183 1416 1212 dte
1436 1184 1465 1211 21
1489 1184 1592 1219 augusti
1616 1184 1693 1219 1606,
1715 1183 1808 1220 pontit.
1830 1191 1873 1211 an.
1890 1189 1917 1212 ιι.

446 1233 553 1261 autem
578 1236 637 1271 per
657 1227 815 1260 clausulas
836 1225 1003 1269 generales
1023 1226 1106 1259 idem
1128 1225 1185 1258 im-

444 1286 631 1325 portantes,
657 1280 778 1314 mentio
803 1290 858 1314 seu
883 1280 1014 1324 quaevis
1046 1280 1107 1313 alia
1132 1291 1184 1313 ex-

445 1334 568 1379 pressio
585 1333 734 1368 habenda
751 1340 806 1367 aut
823 1333 931 1379 aliqua
948 1334 1010 1367 alia
1030 1334 1184 1379 exquisita
1566 1346 1611 1379 LI,

447 1389 550 1422 forma
570 1387 610 1422 ad
631 1388 691 1422 hoe
717 1388 872 1422 servanda
899 1389 998 1429 soret,
1022 1389 1084 1422 illis
1109 1388 1204 1422 alias

448 1442 478 1475 in
493 1452 552 1475 suo
567 1441 684 1476 robore
698 1442 930 1486 permansuris,
943 1441 1002 1475 hac
1017 1442 1082 1476 vice
1098 1442 1187 1476 dum-
1221 1444 1389 1478 Revocatso
1413 1443 1620 1486 facultatum,
1645 1443 1867 1487 superioribus
1886 1442 1962 1488 ῥυο-

448 1500 531 1528 taxat
551 1495 665 1528 harum
681 1495 763 1529 serie
783 1494 936 1529 latissime
958 1501 987 1529 et
1004 1495 1187 1540 plenissime
1267 1507 1480 1541 nimirumque
1495 1496 1657 1532 Orclr'num
1671 1497 1876 1541 reqularium
1889 1508 1964 1542 quo-

447 1560 483 1583 ae
495 1549 678 1594 specialiter
692 1554 723 1583 et
737 1560 884 1594 expresse
897 1550 1102 1593 derogamus,
1119 1561 1186 1584 cae-
1204 1551 1206 1566 ‘¹
1266 1561 1329 1595 quo
1358 1550 1450 1583 modo
1481 1560 1703 1583 concessarum
1721 1577 1727 1590 ,
1754 1550 1965 1594 cognoscendi

448 1602 588 1647 terisque
608 1602 775 1636 contrariis
793 1602 1069 1647 quibuscumque,
1093 1609 1146 1636 aut
1163 1603 1206 1636 εἰἸ
1268 1615 1382 1638 causas
1417 1615 1549 1637 suorum
1582 1603 1787 1637 subt-litorum
1822 1603 1866 1637 ad
1895 1604 1964 1648 ⁰sfi·

447 1655 610 1700 aliquibus
625 1655 842 1689 communiter
863 1656 910 1690 vel
932 1655 1056 1690 divisim
1078 1656 1117 1689 ab
1139 1652 1207 1690 ead
1268 1659 1355 1691 cium
1371 1661 1502 1692 sanctae
1513 1657 1747 1702 Inquisitionis
1761 1661 1873 1691 contra
1890 1657 1964 1691 hae-

448 1710 521 1743 dem
542 1708 582 1742 sit
601 1708 683 1742 Sede
704 1708 876 1750 indultum,
905 1709 992 1753 quod
1020 1709 1186 1750 interdici,
1268 1713 1403 1746 reticem
1419 1712 1618 1756 pravitatem
1641 1710 1877 1756 quomodolibet
1891 1721 1964 1756 per-

448 1762 602 1807 suspendi
623 1761 670 1795 vel
693 1761 966 1796 excommunicari
987 1773 1051 1796 non
1069 1762 1191 1806 possint
1271 1766 1441 1800 tinentes².

448 1826 506 1860 per
523 1815 645 1850 litteras
661 1816 855 1860 apostolicas
872 1826 936 1850 non
955 1815 1106 1850 facientes
1124 1816 1191 1861 ple-

447 1879 522 1902 nam
548 1874 579 1903 et
598 1879 779 1914 expressam
806 1879 843 1902 ae
870 1869 909 1903 de
936 1869 1033 1903 verbo
1058 1870 1097 1903 ad
1124 1880 1190 1904 ver·
1450 1872 1560 1899 Paulus
1577 1871 1740 1907 Episcopus

451 1924 527 1957 bum
550 1923 589 1957 de
610 1922 735 1957 indulto
755 1922 941 1957 huiusmodi
960 1923 1167 1958 mentionem.
1206 1937 1209 1948 ·
1413 1933 1519 1954 servus
1534 1925 1774 1959 servorumnei,

249 1982 432 2030 fflJ‘ffl’gL'n'pm·
494 1979 511 2020 g
532 1977 562 2011 9.
588 1977 625 2011 Et
645 1976 720 2022 quia
745 1976 875 2011 difficile
901 1977 983 2011 soret
1007 1965 1209 2024 praesentes}
1358 1980 1393 2007 ad
1413 1981 1588 2014 perpetuam
1604 1978 1647 2007 roi
1663 1978 1839 2007 nemrim-

449 2031 571 2065 litteras
587 2030 627 2064 ad
647 2030 772 2073 singula
792 2030 862 2064 loca
878 2030 932 2063 ubi
947 2041 1079 2064 neeesse
1097 2031 1191 2065 suerit
1207 2055 1210 2085 ἢ

449 2084 579 2125 deferri,
598 2084 746 2118 volumus
760 2089 790 2117 et
810 2084 985 2128 apostoliea
1001 2084 1191 2119 auctoritate
1270 2087 1432 2121 Romanus
1452 2087 1594 2120 Pontifex
1617 2097 1653 2120 ea
1675 2086 1858 2128 interdum,
1883 2097 1966 2132 quae
2007 2093 2122 2117 nardium.

449 2138 611 2183 praedicta
648 2136 853 2171 decernimus
885 2137 972 2182 quod
1004 2139 1190 2173 earumdem
1208 2146 1210 2183 ᾗ
1226 2150 1243 2173 a
1256 2140 1559 2185 praedecessoribus
1572 2139 1647 2181 suis,
1669 2145 1850 2185 temporum
1868 2145 1900 2174 et
1917 2151 1965 2174 re-

449 2192 667 2238 praesentium
690 2191 910 2236 transumptiS,
939 2192 1035 2225 etiam
1057 2193 1191 2237 impres·
1208 2188 1210 2265 ἱ
1227 2204 1298 2227 rum
1324 2193 1478 2238 qualitate
1503 2193 1533 2227 id
1559 2199 1633 2227 tunc
1660 2199 1869 2238 exposcente,
1890 2203 1965 2238 pro-

448 2247 502 2287 sis,
525 2255 687 2290 manuque
704 2255 740 2279 ae
761 2244 867 2288 sigillo
888 2256 946 2289 pro
966 2251 1109 2290 tempore
1129 2247 1192 2280 exi-
1228 2247 1297 2281 vide
1323 2259 1382 2292 pro
1414 2248 1581 2282 haeresum
1611 2247 1822 2292 extirpatione
1846 2247 1967 2282 sancita

449 2299 560 2334 §tentis
585 2299 728 2343 magistri
755 2299 914 2342 generalis
941 2299 1039 2344 ipsius
1065 2300 1192 2335 Ordinis
1227 2301 1410 2343 sunt,noris
1425 2301 1662 2344 emergentibus
1680 2301 1858 2335 rationibus
1879 2311 1967 2336 revo-

449 2364 504 2388 seu
518 2354 628 2387 vicarii
649 2353 835 2397 subscriptis
850 2353 897 2387 et¹
918 2354 1061 2395 munitis,
1079 2355 1191 2388 eadem
1229 2361 1277 2389 cat
1293 2360 1320 2388 et
1345 2355 1500 2396 immutat⁷
1522 2354 1648 2399 aliaque
1669 2355 1807 2399 desuper
1827 2353 1969 2399 disponit

451 2408 529 2442 tides
549 2413 612 2441 tam
634 2407 665 2441 in
687 2406 807 2440 iudicio
825 2416 921 2451 quam
941 2413 1027 2441 extra
1046 2408 1194 2442 adliibea-
1228 2413 1258 2441 et
1279 2407 1426 2449 ordinat,
1458 2413 1552 2451 prout
1583 2408 1613 2441 in
1639 2408 1775 2442 Domino
1796 2407 1967 2442 salubriter
2169 2442 2174 2450 ,.

451 2466 503 2494 tur
523 2470 606 2505 quae
626 2459 850 2505 praesentibus
869 2460 1077 2494 adhiberetur
1098 2460 1121 2494 si
1145 2462 1191 2495 so·
1229 2460 1384 2505 conspicit
1402 2460 1563 2505 expedire.
2168 2460 2173 2507 l}
2224 2482 2227 2485 -

454 2521 526 2549 rent
547 2514 705 2549 exhibitae
726 2514 773 2548 vel
796 2520 953 2549 ostensae.
1208 2510 1212 2600 Ι
1465 2550 1469 2554 ,
1553 2550 1557 2554 ,
1653 2550 1656 2554 ,
1779 2550 1783 2554 ,
1877 2550 1880 2555 ,
1930 2550 1934 2556 ‚
2171 2513 2173 2527 ¹

287 2567 371 2588 gam-„J
387 2573 438 2593 poe,
498 2569 514 2611 ἓ
536 2566 587 2601 10,
619 2568 703 2602 Num
728 2578 804 2612 crgo
832 2568 965 2603 omnino
998 2568 1165 2602 hominum
1183 2596 1189 2610 ,
1256 2553 1273 2599 ‘t
1295 2550 1412 2578 Erronee
1428 2550 1492 2578 edit.
1510 2550 1587 2577 Mam.
1607 2550 1671 2583 tegit
1685 2550 1813 2584 roboris,
1830 2550 1967 2578 adwelw·
2171 2566 2173 2587 t

539 2621 543 2624 .
1210 2622 1212 2636 ι
2168 2621 2170 2625 .

1210 2638 1212 2656 l

1210 2659 1213 2691 l

254 2595 314 2615 ⁰³¹¹&
1228 2603 1273 2623 nis
1291 2597 1325 2630 (tt.
1337 2595 1384 2629 τ.).

1262 2640 1278 2665 2
1298 2639 1448 2667 Coueordat
1459 2638 1570 2666 Constit.
1583 2632 1780 2666 tivt’Alexandri
1796 2639 1827 2666 IV
1839 2639 1880 2666 Ne
1891 2647 1966 2666 com-

493 2683 501 2710 t
525 2682 688 2712 Particulam
704 2686 730 2714 et
746 2692 794 2712 nos
810 2682 932 2712 addimus
946 2684 984 2719 (ιι.
1002 2683 1037 2718 τ).
1211 2696 1212 2709 ι
1229 2683 1341 2718 missae,
1360 2687 1422 2710 tom.
1441 2689 1467 2710 ιιι
1489 2690 1547 2719 pag.
1567 2682 1629 2710 672.

2125 3084 2227 3241 5222-
