2227 3241
28 257 75 285 An.
95 256 126 284 G.
143 254 209 283 1604

49 533 98 555 Cum
107 530 199 553 nonnulli

31 561 50 582 in
85 559 210 580 tudaismum

30 586 126 614 relapsis,

61 1975 169 2002 Philippus
180 1983 214 1996 1·ιί

0 2017 2 2021 .
38 2005 104 2024 nntius
115 2009 147 2029 agi
158 2006 217 2030 petit.

837 250 983 275 CLEMENS
1005 251 1061 274 vul
1087 251 1137 275 PP.

224 301 349 346 decepti
371 311 389 334 a
409 307 497 335 recto
518 300 660 334 veritatis
679 299 806 334 tramite
825 309 967 333 recesse-

225 361 318 395 runt,
342 355 449 400 pravis
470 354 637 389 erroribus
658 353 795 395 relictis,
826 353 859 386 in
886 353 967 386 viam

224 408 335 443 salutis
359 409 493 442 redeant
513 414 544 442 et
561 408 601 442 ad
622 407 705 441 ovile
726 406 840 441 Christi
861 406 968 450 primo

225 473 355 508 quoque
373 468 518 507 tempore
538 462 745 495 reducantur.

270 518 286 561 ἓ
306 516 336 550 t.
361 516 440 550 Cum
458 516 586 560 itaque,
611 515 694 548 sicut
713 514 917 559 accepimus,
937 514 968 546 in

226 569 442 613 Portugalliae
467 575 498 603 et
522 568 752 612 Algarbiorum
777 567 885 611 regnis
900 595 907 609 ,
932 578 970 601 ac

225 623 417 668 provinciis,
442 622 596 656 dominiis
625 628 656 657 et
676 622 756 656 locis
776 621 969 656 charissimo

225 678 256 711 in
267 677 375 712 Cbisto
388 677 455 710 filio
467 682 578 710 nostro
590 676 740 720 Philippo
753 675 970 719 Portugalliae

224 736 254 764 et
274 730 501 774 Algarbiorum
517 729 585 773 regi
606 729 778 771 catholico,
795 735 824 763 et
839 740 970 763 eorum-

224 784 297 818 dem
328 794 501 826 regnorum
528 793 668 817 coronae
696 783 870 825 subiectis,
897 789 970 828 post

224 838 324 873 editas
337 848 355 871 a
372 837 473 871 felicis
483 837 718 872 recordationis
727 837 889 872 Clemente
903 837 966 877 vn,

225 898 255 926 et
275 892 393 926 deinde
407 902 425 925 a
437 892 537 926 Paulo
550 892 589 926 III
603 892 746 925 romanis
759 892 969 936 pontificibus

224 945 528 991 praedecessoribus
541 944 798 980 nostrislitteras¹
812 956 910 990 super
920 956 970 989 ge-

225 1000 327 1035 nerali
353 1000 445 1034 venia
470 1005 502 1033 et
529 1000 732 1033 absolutione
758 1010 817 1044 per
837 1000 968 1034 eosdem

225 1055 491 1100 praedecessores
502 1055 653 1088 omnibus
665 1059 696 1088 et
705 1054 839 1097 singulis
850 1054 969 1089 utrius-

226 1119 288 1152 que
309 1119 402 1143 sexus
420 1120 456 1143 ex
473 1109 625 1143 hebraica
642 1108 780 1154 perfidia
798 1109 838 1143 ad
855 1109 968 1143 Christi

227 1161 323 1196 fidem
345 1163 526 1203 conversis,
551 1173 731 1207 eorumque
756 1163 831 1197 filiis
859 1170 889 1197 et
913 1164 969 1197 de-

226 1217 466 1259 scendentibus,
494 1228 531 1251 ex
551 1217 658 1260 regnis
678 1217 831 1262 praefatis
858 1218 971 1251 Portu-

227 1271 343 1314 galliae
357 1277 388 1304 et
399 1271 628 1314 Algarbiorum
643 1271 803 1311 oriundis,
824 1282 860 1304 ac
879 1271 911 1304 in
925 1272 971 1305 eis

228 1325 432 1368 degentibus,
457 1324 652 1365 forensibus,
677 1325 794 1358 exteris
813 1331 841 1358 et
861 1325 971 1358 alieni-

227 1378 317 1421 genis
337 1389 435 1422 super
455 1377 616 1421 apostasia
637 1388 654 1410 a
672 1377 735 1411 fide
750 1405 757 1418 ‚
782 1378 971 1412 haeresibus

228 1438 258 1465 et
279 1432 349 1465 aliis
363 1431 624 1476 quibuscumque
643 1431 844 1472 criminibus,
865 1442 972 1466 exces-

228 1485 315 1519 sibus
335 1491 363 1519 et
386 1485 511 1519 delictis
528 1491 642 1518 contra
660 1484 852 1518 catholicam
872 1485 969 1519 fidem

228 1550 286 1583 per
311 1549 365 1572 eos
392 1539 588 1580 commissis,
618 1539 715 1572 modo
744 1545 774 1572 et
804 1540 907 1572 forma
938 1540 970 1572 in

229 1592 347 1626 eisdem
369 1593 484 1626 litteris
505 1592 665 1626 contentis
679 1592 835 1626 attributa
849 1598 970 1627 etcon-

230 1648 336 1685 cessa,
370 1646 519 1680 nonnulli
557 1656 592 1679 ex
629 1656 748 1688 genere
785 1646 971 1680 huiusmodi

230 1700 358 1734 oriundi
385 1700 570 1734 hebraicam
593 1700 764 1744 perfidiam
786 1712 898 1734 rursus
922 1712 972 1735 se-

230 1754 319 1795 ctari,
332 1754 458 1798 aliaque
473 1760 584 1787 contra
596 1753 694 1787 sidem
709 1754 899 1787 catholicam
914 1755 974 1788 cri-

231 1808 318 1841 mina
340 1814 370 1841 et
388 1808 716 1841 delictacomtnittere
730 1818 794 1841 non
810 1808 974 1842 dubitave-

231 1861 294 1894 rint
305 1862 336 1894 in
354 1861 408 1895 Dei
422 1862 588 1902 offensam,
607 1861 866 1895 christifidelium
881 1873 973 1896 scan-

232 1917 338 1950 dalum
366 1923 395 1950 et
417 1928 548 1950 suarum
571 1917 749 1961 perniciem
777 1917 971 1953 animarum:

276 1973 291 2013 ξ
313 1973 343 2004 2.
368 1972 510 2015 Cumque
533 1971 552 2003 ii
574 1981 686 2004 omnes
704 1972 784 2010 (turn
803 1971 877 2015 quia
896 1982 971 2014 gra-

233 2035 283 2058 ves
305 2031 418 2058 contra
435 2025 514 2057 haec
532 2024 649 2058 delicta
663 2030 887 2068 perpetrantes
899 2035 975 2069 poe-

233 2090 291 2112 nae
312 2085 385 2112 sunt
406 2078 606 2119 inilictae,ac
628 2090 685 2122 per
707 2079 845 2113 tribunal
868 2080 976 2124 lnqui-

233 2133 358 2167 sitionis
383 2132 566 2166 haereticae
593 2132 758 2176 pravitatis
785 2133 974 2167 eorumdem

234 2197 407 2230 regnorum
423 2186 574 2219 adversus
590 2186 814 2230 delinquentes
824 2197 932 2220 serere
947 2193 977 2219 et

234 2242 355 2286 absque
384 2241 573 2275 remissione
601 2241 808 2285 exequutioni
837 2241 973 2274 deman-

235 2295 362 2336 dantur,
378 2301 445 2328 tum
460 2294 536 2339 quia
546 2305 676 2328 omnem
687 2294 850 2327 ulterioris
866 2294 976 2327 veniae

235 2360 322 2393 spem
346 2349 404 2382 sibi
426 2348 627 2393 praeclusam
647 2358 714 2381 esse
735 2347 930 2390 existimant)
945 2347 976 2380 in

235 2403 377 2436 deterius
391 2403 614 2446 prolabantur,
633 2408 661 2434 et
684 2407 816 2445 peccata
830 2401 976 2445 quotidie

274 2547 281 2571 1
307 2544 421 2572 Litterae
437 2545 518 2572 Cletn.
543 2544 584 2571 Vll
607 2544 760 2571 huiusmodi
782 2552 833 2571 nou
855 2544 980 2579 leguntur

238 2590 261 2616 iu
286 2590 375 2623 Bulla,
401 2590 515 2617 habetur
540 2594 629 2617 autent
655 2590 744 2617 Coust.
773 2598 853 2625 super
879 2590 927 2616 hac
952 2598 979 2616 rc

239 2634 312 2661 l‘auli
332 2634 364 2660 lll
380 2643 460 2669 quam
477 2634 566 2662 ridere
583 2635 663 2669 estjn
680 2639 743 2661 tom.
763 2641 797 2668 rt,
813 2633 837 2661 h.
857 2642 882 2661 n.
900 2633 978 2669 edit.,

238 2687 298 2713 pag.
315 2678 367 2704 ⁹205
386 2680 422 2708 (a.
441 2682 487 2708 T.)

1002 299 1142 342 peccatis
1167 299 1349 340 cumulent,
1378 299 1464 334 unde
1488 299 1648 342 graviora,
1677 308 1743 332 non

1002 352 1106 385 solum
1122 353 1242 386 eisdem
1262 353 1369 396 regnis
1379 352 1583 393 etdominiis,
1600 352 1656 386 sed
1674 351 1744 386 aliis

1003 405 1121 438 damna
1134 405 1245 439 inferri
1258 412 1400 450 possent,
1424 406 1485 440 nisi
1502 405 1577 439 huic
1591 406 1676 439 malo
1696 416 1745 438 sa-

1003 458 1098 492 lutari
1125 465 1157 492 et
1185 458 1325 502 benigno
1351 460 1460 504 aliquo
1480 459 1625 494 remedio
1646 469 1744 503 quam

1003 512 1145 556 primum
1178 518 1387 555 occurratur,
1422 513 1543 555 immo,
1574 513 1600 547 si
1623 513 1743 547 eisdem

1003 576 1105 600 norae
1137 566 1269 600 alterius
1299 573 1329 600 et
1356 567 1517 610 generalis
1545 567 1745 601 remissionis

1004 620 1201 654 obtinendae
1222 621 1304 654 ratio
1323 628 1535 666 proponatur,
1552 622 1666 666 procul
1688 622 1745 655 du-

1005 674 1058 708 bio
1071 674 1268 719 sperandum
1284 680 1329 708 est
1343 675 1432 709 brevi
1447 676 1526 716 sore,
1539 682 1573 709 ut
1587 676 1619 709 hi
1634 686 1746 709 omnes

1004 728 1043 761 ad
1062 738 1117 761 cor
1130 727 1249 762 reversi
1267 728 1397 762 saniora
1410 729 1544 763 consilia
1556 729 1744 773 suscipiant,

1004 788 1035 816 et
1055 782 1094 815 ad
1107 782 1220 815 eadem
1240 792 1350 824 regna,
1372 783 1459 815 cultu
1479 782 1657 816 catholicae
1671 782 1746 817 fidei

1005 842 1149 878 retento,
1172 836 1231 870 sub
1257 836 1401 870 eiusdem
1422 837 1562 881 Philippi
1584 837 1690 879 regis,
1715 837 1746 870 id

1004 900 1213 934 summopere
1234 890 1447 924 desiderantis
1466 897 1495 923 et
1508 901 1526 923 a
1540 890 1632 923 nobis
1650 901 1747 935 expo-

1003 945 1120 979 scentis
1141 955 1178 978 ac
1205 944 1297 978 enixe
1325 944 1538 988 postulantis,
1562 944 1746 979 obedientia

1003 1004 1220 1039 revertantur3

1049 1055 1064 1095 ξ
1087 1052 1117 1086 3,
1142 1053 1266 1087 Idcirco
1293 1063 1350 1086 nos
1376 1053 1443 1086 eius
1469 1052 1609 1095 vestigiis
1634 1052 1746 1086 inhae-

1003 1113 1121 1147 rentes,
1148 1107 1213 1147 Qni
1233 1107 1406 1140 miserator
1430 1111 1457 1139 et
1483 1106 1699 1150 lonqam‘ntt's,
1718 1111 1746 1139 el

1005 1161 1144 1195 multum
1161 1161 1344 1194 misericors
1362 1165 1417 1201 est,
1442 1161 1562 1205 quique
1584 1161 1746 1194 interdum

1005 1227 1042 1250 eo
1065 1215 1200 1250 consilio
1218 1215 1399 1249 dissimulat
1413 1220 1545 1259 peccata
1562 1214 1744 1257 hominum,

1006 1277 1037 1304 ut
1060 1270 1250 1314 resipiscant
1270 1275 1301 1302 et
1318 1269 1492 1303 salutarem
1515 1269 1748 1313 poenitentiam

1005 1325 1254 1368 amplectantur,
1280 1334 1316 1356 ac
1337 1323 1535 1365 gravissimis
1556 1323 1651 1356 etiam
1674 1334 1749 1356 cau-

1005 1379 1045 1413 sis
1066 1378 1106 1411 ad
1127 1378 1202 1411 fidei
1224 1376 1402 1410 catholicae
1415 1376 1706 1415 conservationem,
1720 1383 1750 1410 et

1005 1433 1164 1466 dictorum
1184 1441 1358 1473 regnorum
1382 1431 1649 1474 tranquillitatem
1670 1441 1746 1474 per-

1006 1486 1198 1526 tinentibus,
1224 1492 1321 1529 atque
1350 1485 1540 1518 eorumdem
1561 1485 1751 1528 praedeces-

1005 1551 1115 1575 sorum
1136 1544 1321 1573 nostrorum
1341 1539 1488 1582 exemplo
1502 1538 1644 1579 adducti,
1661 1544 1750 1572 motu

1006 1594 1140 1639 proprio
1173 1599 1204 1626 et
1235 1603 1270 1626 ex
1297 1595 1384 1626 certa
1405 1593 1540 1626 scientia
1565 1603 1601 1626 ac
1625 1596 1751 1626 matura

1007 1647 1241 1683 deliberatione
1266 1647 1396 1687 nostris,
1420 1658 1532 1680 omnes
1558 1653 1587 1680 et
1607 1647 1751 1690 singulos

1007 1703 1175 1745 utriusque
1206 1712 1298 1734 sexus
1329 1701 1368 1734 de
1399 1700 1583 1734 huiusmodi
1612 1711 1747 1743 genere,

1008 1756 1120 1801 quovis
1139 1756 1236 1788 modo
1257 1766 1295 1788 ex
1312 1754 1404 1788 dictis
1426 1755 1531 1797 regnis
1548 1760 1576 1787 et
1599 1754 1751 1788 dominiis

1008 1810 1187 1849 oriundos,
1210 1809 1265 1852 qui
1298 1809 1364 1841 sire
1391 1808 1422 1841 in
1451 1808 1571 1841 eisdem
1594 1808 1700 1850 regnis
1722 1814 1749 1841 ct

1010 1863 1162 1897 dominiis
1180 1873 1266 1896 nuuc
1296 1862 1434 1904 degant,
1458 1861 1522 1894 sive
1541 1862 1579 1895 ab
1601 1861 1663 1895 illis
1689 1861 1751 1894 iam

1010 1916 1211 1957 recesserint,
1223 1921 1251 1948 et
1263 1916 1294 1948 in
1306 1925 1512 1959 quacumque
1527 1915 1637 1948 umndi
1652 1920 1753 1959 parte,

1012 1978 1074 2005 tam
1096 1972 1128 2004 in
1150 1971 1242 2004 terris
1264 1969 1517 2003 christianorum
1537 1981 1633 2013 quam
1657 1970 1752 2003 ctiam

1011 2026 1042 2059 in
1064 2025 1142 2059 locis
1164 2024 1344 2057 infidelium
1366 2030 1394 2056 et
1418 2023 1657 2057 haereticorum
1680 2023 1755 2056 alio-

1012 2090 1149 2123 rumque
1181 2078 1376 2111 christianae
1407 2083 1436 2110 et
1468 2077 1645 2110 catholicae
1678 2077 1752 2110 fidei

1011 2132 1162 2168 hostium,
1184 2131 1371 2164 commercii
1385 2142 1442 2164 seu
1464 2130 1691 2173 negotiationis
1706 2131 1751 2163 rel

1011 2195 1216 2230 quacumque
1245 2184 1305 2217 alia
1339 2186 1457 2220 causa,
1483 2189 1748 2223 commorantur,

1011 2239 1189 2274 dummodo
1205 2245 1312 2272 tamen
1330 2239 1475 2272 habitum
1491 2244 1519 2272 et
1536 2249 1653 2271 nomeu
1673 2238 1753 2271 chri-

1009 2287 1198 2328 stianortstn'
1210 2293 1380 2333 retineant,
1398 2299 1425 2325 et
1449 2303 1507 2336 pro
1526 2291 1708 2326 christianis
1721 2302 1754 2325 sc

1010 2353 1122 2391 gerant
1137 2347 1294 2391 (alioquin
1308 2347 1332 2380 si
1347 2346 1524 2380 constiterit
1540 2356 1594 2379 cos
1608 2345 1754 2378 habitum

1012 2408 1042 2436 et
1054 2412 1173 2435 nomen
1183 2401 1448 2439 christianorum,
1461 2400 1659 2442 ubicumque
1668 2408 1756 2432 com—

1014 2456 1128 2489 morati
1162 2455 1292 2495 suerint,
1328 2465 1392 2487 non
1421 2453 1602 2493 retinuisse,
1634 2458 1663 2485 ct
1697 2463 1755 2496 pro

1013 2509 1195 2542 christianis
1215 2519 1248 2541 se
1269 2518 1334 2541 non
1356 2507 1502 2549 gessisse,
1522 2506 1576 2538 sed
1598 2506 1702 2549 palam
1726 2511 1757 2538 et,

1013 2563 1142 2606 publice
1163 2572 1179 2594 a
1202 2562 1264 2593 side
1292 2560 1463 2593 christiana
1490 2565 1696 2602 apostatasse.
1725 2559 1755 2591 iu

1014 2616 1100 2649 hisce
1115 2615 1231 2648 nostris
1250 2614 1364 2647 litteris
1378 2612 1601 2656 comprehensi
1622 2612 1754 2645 minime

1014 2669 1087 2709 sint,
1111 2674 1143 2703 et
1170 2667 1332 2713 praesenti
1353 2666 1453 2710 gratia
1476 2665 1600 2710 perfrui
1621 2665 1754 2699 minime

1650 240 1709 273 tta
1756 249 1806 276 An.
1828 249 1856 276 c.
1877 248 1943 276 1604

1800 1068 1895 1088 Clemens
1911 1065 1947 1085 ab·

1762 1096 1902 1115 solutionum
1927 1094 1946 1112 et

1764 1127 1846 1141 tentam
1872 1124 1947 1139 [ὊΠΓΘ-

1762 1149 1798 1171 dit,
1822 1147 1847 1167 dc
1872 1146 1948 1171 umbus

1763 1177 1783 1197 iu
1800 1176 1892 1196 rubrica.
