2227 3241
257 265 347 293 Aac.
371 266 438 295 icio
483 258 547 292 6⁹24

457 326 528 348 cum
549 325 610 347 non
633 315 672 347 sit
694 314 874 355 rerisimile,
897 315 927 348 id
955 325 1121 348 remanere
1147 314 1195 348 in-

457 368 642 411 cognitum,
671 368 756 412 quod
784 374 844 401 tam
867 375 1014 412 patenter
1046 368 1197 402 omnibus

458 421 648 464 publicatur.

309 487 375 508 iussio
391 487 441 507 :ii-t».
502 476 517 517 ξ
544 474 595 507 ⁶27.
629 475 763 519 Insuper
777 503 784 513 ,
816 482 849 509 ut
879 485 1046 520 processus
1080 474 1137 519 ipsi
1168 479 1199 508 et

257 519 441 562 giiffitifmsu‘
457 533 639 571 praesentes
657 529 779 562 litterae
799 539 835 562 ac
856 529 962 562 onmia
977 535 1005 562 et
1024 528 1149 571 singula
1166 528 1197 561 in

457 580 502 613 eis
523 586 673 614 contenta
693 592 731 614 eo
750 581 826 615 liant
847 582 985 622 notiora,
1002 592 1066 625 quo
1085 581 1116 614 in
1137 581 1199 625 ple-

458 633 565 677 risque
591 634 772 668 civitatibus
798 641 827 668 et
853 635 930 669 locis
951 635 1069 668 suerint
1093 634 1198 679 publi-

458 693 549 727 cata,
577 687 730 721 universis
762 695 792 722 et
826 689 958 732 singulis
986 688 1195 733 patriarchis,

458 740 669 784 primatibus,
691 742 941 786 archiepiscopis
956 770 964 784 ,
987 741 1145 787 episcopis
1170 746 1201 774 et

458 793 603 827 locorum
631 794 809 828 Ordinariis
830 801 860 829 et
891 795 1040 840 praelatis
1067 794 1201 828 ubilibet

459 846 650 889 constitutis,
668 859 725 891 per
740 848 818 882 haec
831 848 950 893 scripta
967 847 1201 882 committimus

460 906 489 932 et
511 899 541 932 in
563 900 677 934 virtute
694 907 823 935 sanctae
844 902 1046 936 obedientiae
1059 901 1201 935 districte

459 953 688 998 praecipiendo
711 955 919 997 mandamus,
948 961 981 989 ut
1001 966 1058 1000 per
1082 966 1126 996 se,
1154 955 1201 988 vel

460 1017 517 1051 per
538 1007 647 1049 alium,
671 1019 727 1041 seu
748 1008 839 1049 alios,
858 1015 1042 1053 praesentes
1067 1008 1199 1049 litteras,

460 1067 629 1105 postquam
651 1072 703 1095 eas
722 1062 912 1106 receperint,
933 1073 989 1096 seu
1014 1072 1122 1096 earum
1145 1061 1202 1094 ha-

461 1114 589 1147 buerint
616 1114 785 1155 notitiam,
809 1116 906 1149 semel
927 1115 959 1149 in
980 1125 1075 1156 anno,
1099 1120 1163 1157 aut,
1177 1114 1201 1148 si

462 1167 611 1211 expedire
629 1168 777 1209 viderint,
799 1169 892 1202 etiam
908 1169 1029 1213 pluries
1050 1169 1080 1202 in
1102 1169 1202 1202 eccle-

462 1220 515 1253 siis
536 1220 611 1261 suis,
627 1221 704 1254 dum
726 1221 756 1254 in
776 1221 819 1255 eis
841 1222 944 1255 maior
963 1221 1073 1266 populi
1096 1221 1203 1254 multi-

464 1274 539 1307 tudo
570 1275 608 1307 ad
640 1274 745 1308 divina
778 1276 987 1315 convenerit,
1017 1275 1204 1308 solemniter

463 1328 628 1372 publicent
662 1334 692 1362 et
723 1329 762 1362 ad
791 1328 1045 1378 christifidelium
1082 1334 1204 1362 mentes

464 1382 628 1423 reducant,
653 1383 805 1417 nuncient
827 1390 857 1417 et
875 1383 1047 1417 declarent.

509 1438 524 1479 ξ
544 1436 595 1470 ⁶28.
620 1437 785 1471 Caeterum
807 1437 1020 1481 patriarchae,
1044 1437 1203 1482 archiepi-

464 1490 563 1534 scopi,
573 1490 726 1535 episcopi,
744 1491 862 1535 aliique
876 1491 1022 1525 locorum
1034 1490 1204 1534 Ordinarii‚

465 1544 714 1578 etecclesiarum
733 1544 878 1588 praelati,
891 1555 950 1578 nec
967 1555 1031 1578 non
1050 1550 1202 1586 rectores,

465 1598 662 1642 cateterique
683 1609 791 1631 curam
814 1598 993 1632 animarum
1013 1604 1206 1639 exercentes,

465 1663 501 1686 ac
526 1653 721 1697 praesbyteri
747 1653 926 1686 saeculares
958 1659 987 1687 et
1018 1653 1206 1697 quorumvis

465 1705 619 1740 Ordinum
641 1707 815 1749 regulares,
840 1707 879 1740 ad
898 1706 1073 1740 audiendas
1093 1718 1204 1750 peccav

467 1766 572 1794 torum
613 1760 827 1793 con-sessiones
863 1760 973 1804 quavis
1016 1760 1206 1794 auctoritate

466 1813 621 1858 deputati,
638 1819 873 1858 transumptum
887 1814 1103 1858 praesentium
1126 1814 1206 1848 litte-

466 1878 574 1901 rarum
597 1878 694 1912 penes
711 1878 743 1901 se
764 1867 913 1908 habeant,
938 1878 1054 1912 easque
1073 1868 1207 1912 diligen-

467 1927 513 1955 ter
530 1921 637 1964 legere
656 1927 685 1954 et
705 1920 872 1965 percipere
893 1921 1051 1954 studeant.

512 1978 527 2017 ξ
545 1974 597 2007 ⁶29.
620 1975 766 2008 Volentes
780 1975 966 2008 earumdem
988 1975 1206 2019 praesentium

467 2029 685 2073 transumptis,
701 2028 794 2062 etiam
816 2029 988 2073 impressis,
1012 2029 1128 2063 notarii
1148 2041 1208 2074 pu-

466 2083 538 2116 blici
571 2093 666 2116 manu
696 2082 885 2126 subscriptis
910 2089 940 2116 et
967 2083 1072 2126 sigillo
1093 2083 1208 2117 iudicis

465 2136 620 2170 ordinarii
653 2137 814 2170 Romanae
844 2137 956 2171 Curiae
993 2137 1040 2170 vel
1077 2137 1208 2171 alterius

466 2201 623 2236 personae
649 2190 680 2223 in
706 2190 861 2233 dignitate
887 2190 1099 2225 ecclesiastica
1126 2201 1208 2225 con-

465 2245 592 2278 stitutae
621 2244 761 2285 munitis,
785 2245 931 2278 eamdem
959 2255 1090 2289 prorsus
1111 2245 1206 2278 tidem

468 2300 498 2332 in
521 2298 640 2332 iudicio
662 2303 689 2332 et
712 2303 800 2331 extra
818 2298 896 2331 illud
919 2297 1039 2342 ubique
1060 2298 1207 2332 locorum

468 2352 684 2386 adhibendam
711 2352 789 2392 fore,
818 2362 900 2395 quae
926 2352 1001 2396 ipsis
1026 2352 1208 2396 praesenti-

469 2407 527 2439 bus
553 2405 779 2445 adhiberetur,
810 2405 834 2438 si
856 2410 959 2438 essent
983 2404 1141 2439 exhibitae
1162 2406 1208 2439 vel

470 2465 625 2493 ostensae.

515 2515 531 2556 g
552 2511 604 2546 30.
629 2513 712 2547 Nulli
733 2523 810 2555 ergo
831 2512 964 2546 omnino
984 2512 1152 2546 hominum
1174 2512 1210 2545 li-

471 2573 541 2601 ceat
560 2567 642 2600 lianc
663 2566 812 2610 paginam
838 2571 966 2599 nostrae
992 2566 1211 2599 excommuni-

471 2620 616 2661 cationis,
645 2619 998 2658 anathematizationis,
1028 2618 1208 2660 interdicti,

472 2673 700 2715 innovationis,
724 2673 952 2715 innodationis,
976 2672 1213 2714 declarationis,

315 1446 447 1472 Quicumque

263 1474 352 1494 audiunt
367 1474 449 1493 contes-

263 1506 333 1520 siones
348 1499 403 1525 apud
426 1504 448 1520 se

264 1527 301 1547 has
317 1527 399 1547 litteras
411 1527 449 1547 lia-

263 1553 334 1574 beant,

301 1980 364 2001 fidos
380 1980 447 2001 dan-‘la

265 2009 408 2033 transumptis.

304 2512 390 2535 San'ctio
406 2520 455 2541 poc-

269 2544 329 2564 nane.

1036 266 1219 292 BULLARIUM
1239 267 1393 293 ROMANUM

1986 268 2035 295 An.
2048 267 2075 295 c.
2096 268 2164 298 1610
2178 249 2206 301 ξ

1230 314 1490 358 protestationis,
1518 315 1716 357 sufflationis,
1746 316 1965 358 revocationis,

1230 367 1477 409 commissionis,
1499 368 1640 401 mandati
1663 374 1693 401 et
1717 369 1890 403 voluntatis
1915 370 1965 404 in-

1231 421 1379 464 fringere,
1401 421 1448 454 vel
1469 420 1495 455 ei
1513 431 1592 454 ausu
1611 421 1779 455 temerario
1794 423 1965 457 contraire.

1230 474 1261 509 Si
1279 474 1349 519 quis
1367 479 1472 508 autem
1495 474 1555 508 hoc
1572 479 1727 508 attentare
1748 485 1970 520 praesumpse-

1232 528 1282 569 rit,
1303 528 1557 571 indignationem
1580 528 1810 572 omnipotentis
1834 528 1911 569 Dei,
1934 539 1971 562 ac

1232 582 1399 615 beatorum
1413 581 1495 615 Petri
1510 586 1541 614 et
1553 580 1642 614 Pauli
1660 581 1880 625 apostolorum
1894 581 1972 624 eius,

1232 645 1264 668 se
1282 634 1406 668 noverit
1426 634 1642 667 incursurum.

1275 689 1389 722 Datum
1415 688 1536 721 Romae
1564 687 1648 731 apud
1670 692 1815 720 sanctum
1839 687 1970 721 Petrum

1233 751 1318 774 anno
1362 740 1592 774 lncarnationis
1633 739 1820 774 Dominicae
1858 750 1943 775 Μυοῦς
1961 768 1968 781 ,

1234 800 1323 828 sexto
1353 794 1424 828 idus
1458 793 1567 838 aprilis
1582 821 1589 835 ,
1632 793 1838 838 pontificatus
1872 793 1972 827 nostri

1235 858 1319 882 anno
1340 858 1368 881 v.

1271 911 1329 939 Dat.
1352 910 1394 938 die
1415 912 1430 939 8
1450 910 1541 946 aprilis
1565 909 1641 945 1610,
1657 910 1751 946 pontif.
1776 919 1819 938 an.
1840 917 1866 938 V.

2167 315 2207 891 sawasm-ewwsse

1553 1072 1652 1106 CLIV.

1238 1169 1330 1210 Quod
1346 1170 1526 1214 superiores
1549 1169 1816 1214 Congreqationis
1839 1169 1976 1204 Clerico-

1280 1234 1354 1256 rum
1367 1223 1581 1267 Reynlarium
1593 1223 1698 1256 sancti
1706 1222 1810 1257 Pauli
1819 1221 1978 1256 Decollati

1283 1276 1399 1321 ubique
1412 1287 1494 1309 nova
1505 1277 1701 1309 monasteria
1711 1276 1748 1309 de
1760 1276 1829 1309 sold
1841 1275 1978 1310 Ordina-

1282 1331 1405 1363 ri'orttm
1423 1330 1553 1363 licentia
1571 1330 1712 1373 fundare
1727 1329 1855 1363 valeant
1866 1328 1885 1362 ¹.

1477 1447 1588 1474 Paulus
1608 1447 1687 1481 Papa
1706 1447 1737 1480 V,

1362 1501 1397 1528 ad
1418 1503 1595 1535 perpetuam
1610 1500 1654 1528 rei
1671 1500 1852 1528 memoriam.

1283 1598 1442 1632 Ecclesiae
1463 1597 1629 1631 militantis
1654 1597 1800 1641 regimini
1827 1597 1900 1632 licet
1921 1598 1979 1631 im-

1240 1652 1344 1686 meriti
1367 1652 1472 1686 divina
1494 1651 1684 1696 disponente
1702 1651 1872 1685 clementia
1893 1663 1980 1696 prae-

1239 1707 1389 1748 sidentes,
1402 1706 1604 1740 utilissimam
1618 1707 1831 1750 perfectorum
1844 1706 1978 1740 militum

1239 1759 1353 1794 Christi
1375 1759 1615 1792 multitudinem
1636 1759 1864 1792 existimamus.

1285 1816 1301 1857 g
1323 1814 1349 1847 l.
1370 1814 1459 1855 Cum,
1476 1814 1556 1847 sicut
1573 1824 1637 1847 non
1651 1813 1719 1847 sine
1731 1812 1978 1857 spiritualigau-
1994 1849 2016 1870 CI
2045 1850 2047 1853 ,
2137 1849 2154 1870 R
2176 1850 2180 1854 ⁴
2211 1856 2212 1859 Ἴ

1241 1867 1293 1901 dio
1310 1873 1420 1902 nostro
1445 1867 1639 1912 accepimus,
1660 1867 1767 1901 dilecti
1788 1867 1846 1900 filii
1866 1867 1978 1901 Clerici
1995 1854 2182 1923 αυῗὲἶῗιῗξῗειιῖ

1241 1922 1414 1964 Regulares
1428 1920 1690 1964 Congregationis
1711 1920 1810 1954 sancti
1824 1920 1912 1954 Pauli
1926 1921 1981 1954 De·
1994 1902 2162 1951 ffsslllwutl’sst'llf
2180 1919 2181 1922 ’

1241 1975 1347 2008 collati
1377 1975 1407 2008 in
1433 1974 1565 2008 diversis
1596 1974 1706 2008 mundi
1731 1973 1876 2018 partibus
1902 1984 1977 2018 per-

1241 2034 1316 2072 gant
1330 2028 1456 2062 assidue
1466 2029 1531 2062 Deo
1546 2034 1576 2061 et
1589 2027 1749 2061 Ecclesiae
1765 2038 1841 2061 suae
1854 2033 1982 2061 sanctae

1242 2082 1392 2116 exhibere
1413 2082 1615 2122 famulatum,
1629 2091 1693 2114 non
1714 2081 1817 2114 solum
1840 2079 1900 2124 ipsi
1917 2081 1982 2114 Deo

1241 2146 1299 2180 per
1312 2135 1491 2169 orationem
1505 2140 1535 2168 ct
1552 2134 1856 2178 contemplationem
1870 2134 1983 2167 sedulo

1242 2195 1401 2231 vacantes,
1416 2200 1525 2223 rerum
1538 2189 1630 2223 etiam
1654 2188 1834 2222 animarum
1847 2187 1983 2222 salutem

1243 2243 1399 2288 exemplo,
1417 2243 1561 2276 doctrina
1582 2246 1613 2276 et
1633 2247 1907 2275 sacramentorum
1929 2241 1984 2274 ad·
2176 2246 2213 2293 :It

1244 2295 1479 2330 ministratione
1499 2294 1633 2328 sollicite
1653 2299 1881 2339 procurantes,
2135 2296 2138 2302 “
2170 2303 2197 2343 ,3

1288 2352 1304 2393 ἓ
1326 2349 1356 2383 ⁶2.
1381 2350 1523 2393 Cumque
1537 2349 1570 2382 in
1587 2349 1654 2382 dies
1671 2348 1840 2382 uberiores
1860 2349 1982 2381 fructus
2017 2346 2193 2402 Concedit-unp}

2019 1604 2139 1632 Exordium.
2179 1618 2184 1626 ->
2194 1615 2213 1625 -κ

2038 1821 2178 1849 congregatio

1244 2414 1280 2437 ex
1301 2403 1459 2438 dictorum
1482 2402 1677 2437 Clericorum
1703 2401 1876 2444 Religionis
1901 2411 1978 2445 pro·
1997 2385 2216 2448 iffliifftssiuiiiifucsl

1279 2502 1291 2528 1
1315 2500 1484 2529 Contrarium
1503 2499 1666 2534 generaliter
1679 2501 1808 2526 statuerat
1825 2497 1907 2524 Clem.
1926 2497 1982 2525 vitt
2208 2490 2214 2521 l

1244 2546 1270 2572 in
1292 2545 1405 2573 Constit.
1429 2551 1523 2572 eccvtu
1540 2545 1681 2578 Quoniam
1701 2543 1738 2570 ad
1758 2543 1921 2570 institutam
1943 2543 1983 2577 (in
2181 2543 2192 2574 1·

1246 2590 1272 2617 h.
1290 2599 1316 2617 n.
1335 2590 1399 2618 edit.
1413 2597 1504 2623 cccxx,
1521 2597 1581 2625 pag.
1593 2589 1624 2615 21
1643 2587 1722 2615 huius
1737 2587 1898 2619 voluminis).
1915 2587 1984 2614 Con-

1245 2635 1431 2670 gregationem
1441 2634 1519 2661 istam
1531 2633 1616 2670 primo
1631 2631 1790 2668 approbavit
1803 2632 1926 2659 Clemens
1936 2631 1984 2659 vu

1246 2681 1273 2708 in
1292 2681 1340 2708 sua
1355 2679 1468 2708 constit.
1486 2685 1537 2706 va
1556 2678 1625 2707 Vota
1640 2681 1707 2705 tom.
1723 2683 1749 2705 vt
1764 2684 1825 2713 pag.
1844 2676 1904 2704 160.
