2227 3241
27 232 78 260 An.
94 231 124 259 C.
141 231 210 259 ¹604

55 671 94 697 Qui
109 671 135 692 acl
150 676 213 698 prae·

27 701 155 722 nutanti-arn
164 703 212 729 qon-

29 731 113 748 eurrere
123 728 211 752 possint.

837 232 984 257 CLEMENS
1003 233 1062 257 vm
1082 234 1133 257 PP-

227 279 430 321 commenda,
450 279 595 324 quamvis
614 289 674 324 pro
694 279 823 314 servitio
836 280 966 324 provin-

226 333 294 367 ciae
318 338 373 368 aut
397 334 446 368 sui
479 339 676 375 conventus,
704 333 773 378 ipso
802 333 871 367 iure
899 333 967 367 eius

226 388 420 422 commenda
430 393 521 422 vacet
533 388 654 432 absque
664 388 726 421 alia
740 387 967 429 declaratione,

226 447 258 475 et
269 447 345 476 tunc
358 442 565 486 provincialis
579 442 612 475 in
625 445 661 476 ea
672 452 790 475 novum
806 452 968 475 commen-

227 495 375 529 datorem
406 495 594 541 praeficiat,
623 495 684 529 nisi
715 495 755 529 ad
784 496 966 538 generalem

227 549 429 592 magistrum,
453 551 539 583 iuxta
559 549 804 583 constitutiones
824 549 963 590 Ordinis,

226 602 414 637 huiusmodi
431 603 571 647 provisio
594 608 764 647 spectaret3

271 657 287 700 ξ
300 656 352 690 16.
369 657 596 691 Decimotertio
610 657 698 701 quod
709 667 805 691 nemo
819 657 859 691 ad
872 667 967 702 prae-

226 717 425 744 sentaturam
456 710 573 755 exponi
597 711 717 755 possit,
746 710 800 755 qui
825 720 891 744 non
916 711 964 744 le-

223 765 328 808 gerit,
351 765 437 799 ultra
468 770 532 798 tres
561 775 662 798 annos
686 764 810 807 logicae
835 775 872 798 ac
897 764 968 808 phi-

172 847 177 853 .
226 817 410 862 losophiae,
439 818 520 851 duos
549 818 628 851 alios
653 828 754 851 annos
787 817 968 861 theologiae

43 1155 73 1179 De
80 1156 213 1178 assumendis

29 1184 212 1210 &magistet-inm.

225 871 434 905 scholasticae
449 899 456 912 ,
483 871 661 905 assistendo
683 871 888 905 conserentiis
903 899 910 912 ‚
939 877 969 905 et

225 924 297 959 aliis
314 925 457 966 actibus,
476 925 559 959 sicut
579 926 618 959 de
638 925 798 968 magistris
824 925 965 967 dicetur,

226 984 257 1013 et
277 979 332 1023 qui
349 979 463 1013 saltem
484 978 686 1022 trigesimum
705 979 835 1013 tertium
856 979 969 1013 aetatis

225 1043 303 1066 suae
320 1043 441 1066 annum
463 1032 547 1066 non¹
568 1033 789 1077 compleverit,
807 1034 895 1077 quod
913 1034 970 1067 do-

227 1095 300 1119 cere
324 1086 439 1120 debeat
462 1097 522 1130 per
546 1086 643 1120 fidem
665 1087 833 1131 baptismi;

272 1138 359 1182 517.
383 1139 632 1184 Decimoquarto
658 1141 744 1184 quod
770 1141 877 1173 nullus
897 1151 971 1185 pos-

227 1192 268 1226 sit
285 1192 317 1226 in
335 1193 524 1236 magistrum
543 1193 673 1234 assumi,
695 1194 750 1238 qui
770 1204 836 1227 non
856 1194 969 1237 legerit

228 1246 373 1291 quotidie
387 1257 484 1280 unam
500 1247 672 1281 lectionem
689 1247 870 1290 theologiae
884 1247 972 1281 scho-

229 1300 359 1334 lasticae
378 1311 437 1344 per
457 1300 597 1345 spatium
618 1312 671 1334 sex
692 1311 862 1342 annorum⁷
884 1306 969 1345 post-

228 1363 325 1398 quam
339 1354 434 1388 suerit
444 1353 656 1388 confirmatus
670 1354 701 1387 in
715 1358 971 1398 praesentatura,

228 1412 259 1440 et
272 1407 359 1451 quod
374 1407 414 1441 de
426 1417 498 1440 sero
512 1417 641 1451 semper
653 1407 790 1440 adfuerit
804 1408 972 1441 conseren-

229 1459 291 1501 tiis,
316 1466 371 1495 aut
389 1460 615 1505 praesidendo,
637 1466 693 1494 aut
716 1461 916 1504 replicando,
942 1466 970 1494 et

227 1524 426 1558 unoquoque
443 1524 529 1548 anno
550 1514 751 1559 praesederit
770 1514 865 1547 alicui
887 1514 971 1548 actui

228 1567 362 1612 publico
383 1579 439 1602 seu
459 1567 598 1612 publicis
619 1568 909 1612 disputationibus,
931 1568 972 1601 ita

228 1627 259 1655 et
291 1621 397 1655 taliter
421 1621 509 1666 quod
534 1622 560 1655 si
586 1621 705 1655 suerint
729 1627 793 1655 tres
818 1622 968 1663 lectores,

228 1674 353 1719 primus
383 1674 424 1708 in·
446 1675 606 1719 principio
632 1675 728 1716 anni,
755 1676 915 1709 secundus
941 1675 972 1714 in

228 1728 347 1769 medio,
368 1734 399 1762 et
419 1729 532 1762 tertius
550 1728 581 1761 in
599 1729 662 1762 fine
680 1729 861 1773 praesideat
882 1731 973 1773 <pos-

227 1782 293 1816 sint
310 1788 418 1816 tamen
432 1782 508 1816 dicti
526 1783 675 1832 lectores,
691 1783 715 1816 si
729 1783 970 1827 praedictorum

228 1836 352 1881 aliquid
373 1836 553 1870 omiserunt
569 1837 637 1870 sine
659 1837 787 1870 licentia
808 1847 972 1870 commen-

229 1888 366 1931 datoris,
402 1889 492 1923 cuius
523 1889 721 1923 conscientia
748 1896 902 1923 oneratur
933 1901 972 1923 ne

229 1942 350 1988 absque
374 1946 471 1977 causa
496 1954 569 1976 cum
602 1943 647 1977 eis
679 1943 861 1988 dispenset,
890 1955 969 1988 sup-

229 1996 317 2040 plere
341 1997 373 2030 in
397 1996 524 2041 primo⁹
549 1998 596 2030 vel
618 1998 827 2041 sequentibus
853 1998 970 2041 annis);

229 2060 289 2084 nec
301 2056 474 2095 propterea
491 2051 695 2084 adscribatur
709 2051 740 2084 in
755 2062 891 2085 numero
906 2062 972 2085 ma-

230 2103 406 2147 gistrorum
442 2104 503 2138 nisi
539 2105 824 2149 quadragesimum
859 2105 972 2138 aetatis

230 2168 306 2192 suae
319 2168 440 2192 annum
453 2159 674 2202 compleverit,
694 2159 781 2203 quod
799 2169 857 2203 per
874 2158 970 2192 fidem

231 2212 382 2257 baptismi
408 2213 525 2246 docere
546 2213 673 2246 debeat:
696 2212 755 2246 suit
773 2213 970 2246 declaratum

232 2266 434 2311 supradictas
464 2267 655 2311 qualitates,
691 2266 720 2299 in
754 2267 914 2308 magistris
943 2272 973 2300 et

268 2385 280 2410 ¹
302 2383 467 2411 particulam
496 2393 564 2416 non,
586 2392 654 2420 qnae
683 2383 758 2410 deest
785 2387 839 2410 tuni
860 2383 885 2409 in
906 2382 971 2409 edit.

231 2427 350 2456 Cherub.
377 2433 432 2456 tum
460 2429 486 2456 in
514 2428 613 2462 Main.,
640 2428 820 2456 necessariam
846 2428 886 2455 vel
907 2436 972 2455 con-

231 2481 325 2510 gruam
345 2474 469 2501 duximus
487 2474 529 2509 (n.
550 2475 598 2507 T.).

267 2518 283 2545 2
303 2517 368 2546 Heic
394 2518 457 2546 edit.
476 2519 559 2546 Main.
581 2518 722 2546 interserit
751 2517 819 2545 hanc
839 2526 919 2545 unam
940 2517 973 2544 li-

233 2570 311 2590 neam
326 2563 478 2598 reliquerit
494 2564 608 2591 honeste
630 2565 801 2598 reparatum
818 2565 844 2590 e!
863 2562 975 2589 notabi-

235 2607 311 2642 liter,
332 2615 401 2643 quae
417 2616 527 2643 prorsus
547 2612 622 2634 extra
642 2607 754 2634 eliorum
772 2607 852 2639 canit,
870 2611 896 2633 et
912 2615 974 2642 per-

235 2649 301 2678 tinet
315 2650 348 2678 ad
367 2651 380 2687 5
400 2651 434 2678 30
454 2651 480 2679 li.
498 2652 601 2686 Const.‚
618 2652 656 2678 uti
674 2651 824 2678 videbimus
834 2652 872 2686 (n.
889 2654 937 2685 τ.).

1646 221 1705 255 131

999 280 1209 324 praesentatis
1227 281 1408 325 requisitas,
1428 280 1533 314 solum
1554 280 1682 314 extendi
1703 280 1746 313 ad

1001 343 1065 373 eos,
1083 334 1137 377 qui
1152 339 1224 377 post
1238 333 1520 367 confirmationem
1535 333 1650 367 harum
1667 343 1743 367 con-

1000 386 1203 419 stitutionum
1224 387 1331 429 legere
1353 387 1527 431 incipient;

1045 439 1126 483 518.
1153 441 1399 484 Decimoquinto
1421 442 1509 485 quod
1528 440 1743 485 provinciales

1001 499 1073 527 ante
1098 494 1349 528 celebrationem
1375 495 1507 539 capituli
1535 495 1743 539 provincialis

1001 557 1059 591 per
1083 547 1164 580 duos
1189 558 1315 582 menses
1341 559 1406 582 non
1427 549 1552 592 possint
1576 559 1743 582 commen-

1001 601 1129 634 datores
1153 611 1212 634 nec
1237 601 1316 635 alios
1337 602 1461 635 vocales
1487 602 1518 635 in
1545 602 1630 636 dicto
1651 601 1741 646 capi-

1003 655 1069 688 tulo
1087 655 1277 699 provinciali
1297 666 1408 689 vocem
1430 657 1584 690 habentes
1604 656 1742 701 privare,

1001 709 1058 742 sed
1082 710 1186 742 solum
1212 710 1252 743 de
1282 720 1395 743 eorum
1426 710 1550 744 delictis
1580 710 1744 754 inquirere

1002 768 1033 796 et
1057 763 1161 796 facere
1186 763 1450 797 informationem
1476 763 1508 796 in
1533 764 1677 808 scriptis,
1706 764 1746 797 ad

1002 817 1063 850 hoc
1083 823 1118 850 ut
1142 817 1174 849 in
1201 817 1286 851 dicto
1306 817 1448 861 capitulo
1470 817 1694 851 examinentur
1716 823 1747 851 et

1002 870 1048 903 rei
1074 870 1282 913 castigentur;

1047 925 1063 966 ξ
1085 923 1137 957 19.
1161 924 1383 958 Decimosexto
1409 925 1497 969 quod
1524 925 1746 970 eleemosynae

1003 983 1034 1011 et
1058 977 1143 1011 bona
1168 989 1226 1022 pro
1252 978 1476 1022 redemptione
1503 979 1703 1023 captivorum
1729 989 1747 1012 a

1004 1031 1153 1065 fidelibus
1177 1032 1292 1075 largita
1323 1038 1353 1066 et
1384 1033 1550 1075 largienda
1576 1043 1641 1065 non
1666 1043 1744 1077 pos-

1004 1084 1066 1117 sint
1083 1085 1123 1117 ad
1143 1084 1222 1118 alios
1235 1096 1312 1119 usus
1326 1086 1492 1129 applicari,
1517 1096 1614 1130 quam
1633 1086 1673 1119 ad
1690 1096 1744 1118 re-

1004 1137 1174 1172 dimendos
1200 1139 1362 1183 captivos,
1394 1149 1500 1183 neque
1532 1150 1569 1173 ex
1602 1139 1747 1183 pecuniis

1004 1191 1190 1226 huiusmodi
1212 1192 1313 1236 possit
1338 1192 1400 1226 emi
1427 1204 1529 1237 equus
1550 1199 1604 1226 aut
1625 1193 1743 1233 mulus,

1004 1245 1064 1278 nisi
1090 1256 1148 1289 pro
1173 1246 1405 1289 quaerentibus
1435 1252 1465 1279 et
1496 1247 1747 1290 procurantibus

1005 1299 1123 1332 dictam
1150 1299 1398 1344 eleemosynam,
1427 1310 1510 1344 quae
1535 1300 1687 1333 animalia
1708 1299 1748 1333 ad

1005 1363 1098 1385 usum
1124 1358 1300 1386 conventus
1321 1353 1482 1386 deservire
1507 1363 1572 1387 non
1594 1353 1743 1393 debeant,

1005 1406 1065 1438 nisi
1083 1412 1260 1440 conventus
1279 1406 1405 1440 tertiam
1424 1412 1549 1451 partem
1568 1407 1664 1451 pretii
1678 1407 1748 1440 itto-

1006 1470 1077 1492 rum
1103 1460 1345 1501 exbursaverit;

1050 1512 1132 1555 520.
1154 1514 1427 1558 Decimoseptimo
1446 1515 1532 1558 quod
1548 1515 1663 1548 fratres
1684 1525 1748 1549 non

1006 1567 1129 1610 possint
1163 1573 1288 1610 gestare
1319 1568 1386 1601 ullo
1416 1579 1571 1612 umquam
1605 1574 1749 1612 tempore

1006 1621 1142 1664 profana
1166 1621 1368 1662 vestimenta,
1397 1628 1427 1655 et
1452 1628 1565 1655 contra
1591 1622 1667 1656 dicti
1692 1622 1749 1656 Or-

1007 1675 1090 1707 dinis
1110 1675 1368 1716 constitutiones,
1392 1676 1450 1709 sub
1469 1680 1573 1720 poena
1593 1677 1750 1710 reclusio-

1008 1728 1056 1761 nis
1082 1729 1222 1762 duorum
1249 1729 1408 1762 mensium
1443 1740 1503 1773 pro
1532 1730 1638 1774 prima
1664 1730 1747 1771 vice,

1007 1788 1036 1815 et
1062 1793 1120 1826 pro
1146 1783 1287 1817 secunda
1312 1789 1342 1816 et
1368 1784 1461 1817 tertia
1486 1794 1539 1817 sex
1570 1784 1747 1825 mensium,

1007 1847 1146 1880 quorum
1161 1837 1226 1870 duo
1244 1837 1308 1870 sint
1326 1837 1480 1879 gravioris
1499 1838 1631 1881 culpae;
1653 1848 1750 1883 quam

1006 1900 1144 1934 poenam
1170 1891 1383 1934 provinciales
1408 1891 1440 1924 in
1471 1891 1537 1925 suis
1562 1891 1747 1935 provinciis,

1006 1944 1287 1978 commendatores
1309 1945 1341 1977 in
1366 1944 1430 1978 suis
1452 1945 1653 1978 commendis
1679 1955 1751 1977 exe-

1006 1997 1153 2041 quutioni
1180 1998 1423 2031 demandabunt
1448 1998 1515 2032 sine
1540 1998 1746 2039 remissione;

1051 2053 1067 2093 ξ
1089 2051 1141 2084 21.
1170 2052 1417 2085 Decimooctavo
1444 2053 1502 2086 suit
1525 2059 1746 2096 praeceptum,

1005 2105 1064 2137 sub
1082 2108 1186 2148 poena
1199 2105 1543 2139 excommunicationis
1558 2105 1688 2139 maioris
1703 2106 1748 2138 la-

1008 2164 1056 2191 tae
1089 2159 1267 2192 sententiae
1299 2165 1330 2192 et
1357 2159 1546 2203 privationis
1575 2159 1694 2193 activae
1720 2164 1750 2192 et

1007 2212 1149 2256 passivae
1170 2212 1256 2245 vocis
1277 2223 1334 2257 per
1350 2224 1403 2246 sex
1422 2223 1522 2246 annos
1548 2224 1583 2246 ac
1609 2223 1746 2256 suspen-

1007 2266 1105 2299 sionis
1134 2266 1275 2299 exercitii
1308 2273 1492 2300 sanctorum
1526 2272 1747 2300 sacramento-

1008 2330 1090 2359 rum,
1116 2320 1202 2363 quod
1228 2325 1329 2353 totum
1356 2320 1387 2352 in
1414 2320 1484 2353 soro
1505 2318 1670 2352 interiori¹
1695 2319 1751 2352 ob-

1008 2373 1083 2415 liget
1108 2379 1138 2406 et
1164 2373 1250 2415 liget,
1279 2373 1366 2417 quod
1387 2374 1494 2406 nullus
1515 2373 1662 2417 superior
1684 2383 1751 2405 mo-

1008 2427 1139 2460 nasterii
1171 2427 1271 2471 possit
1307 2427 1449 2460 alienare
1482 2433 1536 2460 aut
1570 2427 1751 2470 expendere

1008 2479 1177 2523 lcgitimas,
1207 2486 1261 2514 aut
1290 2481 1505 2514 haereditates
1532 2480 1748 2514 monasterio-

1046 2607 1054 2633 i
1076 2606 1193 2642 Utraque
1206 2607 1321 2634 Cherub.
1336 2607 1400 2634 edit.
1414 2615 1509 2642 nempe
1522 2606 1639 2634 Romana
1651 2611 1675 2633 et
1688 2606 1751 2642 Lug-

1008 2650 1138 2678 dunensis
1153 2651 1217 2686 legit
1232 2652 1369 2679 exteriori
1387 2652 1427 2686 (n.
1444 2656 1491 2678 τ.).

1757 231 1807 258 An.
1829 230 1857 258 C.
1875 230 1943 258 ¹604

1800 449 1944 469 t’roiincmtes

1759 478 1866 501 nequeunt
1906 481 1943 501 per

1759 502 1811 522 duas
1862 508 1945 522 mens-*s

1758 532 1806 549 ante
1830 529 1877 554 ‹·a‚·i
1889 529 1945 548 ulinn

1759 561 1821 582 quem
1830 562 1886 582 luunt
1895 561 1945 575 voco

1759 589 1851 609 privare.

1788 930 1947 956 AElc·¹in⁴vsynne

1762 963 1799 983 pro
1820 958 1947 983 redemptio-

1762 990 1787 1004 ne
1816 985 1946 1009 mplivoruin

1762 1012 1863 1031 collectas
1885 1018 1905 1030 in
1926 1018 1949 1030 a>

1762 1038 1800 1057 lius
1830 1043 1878 1057 usus
1906 1044 1947 1057 nun

1762 1064 1924 1085 cumei-*ondae

1786 1522 1860 1543 Veztcs
1871 1523 1897 1542 ad
1909 1522 1948 1542 foi-

1764 1555 1818 1569 mam
1828 1550 1911 1575 regulae
1922 1550 1950 1569 [ε-

1765 1576 1850 1596 rerdne,

1796 2062 1951 2083 itam-*trama

1765 2096 1819 2115 quae
1844 2092 1949 2109 nnumstc-

1765 2118 1800 2137 t‘tis
1830 2118 1949 2140 rclJiJunn·

1764 2146 1849 2167 luinnon
1860 2143 1950 2163 alienat,-

1765 2172 1813 2191 ttae.
