2227 3241
489 292 554 326 708
1022 301 1198 326 mmmmm
1231 300 1379 326 nomnru

528 348 591 383 tulo
615 345 821 392 acquirendis
846 348 1001 392 integram
1022 347 1179 382 decimam

525 400 650 435 solvere
675 399 824 444 debeant,
852 400 925 434 188.

703 480 856 515 PAULUS
878 481 912 515 V.

433 560 455 594 1.
481 560 617 595 Litterae
643 562 674 594 in
691 542 790 595 ssma
811 561 1009 595 Provisionis
1034 561 1177 605 Nostrae,

525 614 641 660 quibus
677 616 904 650 confirmantur
941 616 1022 650 aliae
1058 616 1179 651 similes

524 668 697 703 Clementis
723 669 791 703 VIII
823 679 921 714 super
945 670 1093 705 facultate
1118 680 1180 704 me-

523 722 694 766 tropolitae
717 722 934 757 Ruthenorum
959 722 1112 758 concessa
1137 726 1180 758 in-

521 775 674 810 stituendi
710 780 741 810 et
765 776 973 811 consecrandi
1011 779 1178 822 episcopos

521 837 599 862 suae
620 829 768 871 nationis,
795 830 868 863 195.

432 880 472 915 11.
497 880 562 916 Sub
588 891 692 926 poena
725 884 1064 917 excommunicationis
1095 883 1177 918 latae

520 937 698 969 sententiae
712 939 843 970 cavetur
853 938 1022 981 quominus
1036 940 1176 971 rectores

521 988 752 1033 parochialium
782 989 990 1024 ecclesiarum
1016 990 1174 1025 Indiarum

521 1041 780 1077 Occidentalium
798 1045 1005 1086 imposterum
1025 1045 1175 1078 maiorem

523 1095 760 1140 eleemosynam
777 1095 816 1130 ab
842 1098 890 1139 iis,
910 1099 963 1142 qui
982 1100 1012 1131 in
1031 1098 1175 1132 ecclesiis

522 1147 654 1184 Ordinis
663 1149 870 1184 Eremitarum
881 1153 981 1184 sancti
996 1151 1174 1195 Augustini,

522 1212 617 1249 quam
647 1202 686 1236 ab
713 1204 766 1245 iis,
797 1205 851 1248 qui
878 1205 907 1237 iu
940 1204 1176 1248 parochialibus

520 1256 701 1291 huiusmodi
717 1258 929 1301 sepeliuntur,
941 1260 1081 1301 exigant,
1101 1260 1174 1293 196.

432 1309 485 1344 III.
519 1309 654 1345 Iubilaei
686 1311 816 1345 indictio
848 1312 887 1346 ad
914 1312 1056 1346 divinam
1082 1323 1174 1357 opem

519 1374 577 1409 pro
602 1364 732 1399 salutari
749 1365 912 1400 Ecclesiae
929 1365 1108 1402 Catholicae
1126 1378 1173 1402 re-

518 1419 639 1462 gimine
670 1419 805 1463 eiusque
841 1420 1087 1455 necessitatibus
1122 1423 1176 1455 im-

519 1471 715 1516 plorandam,
735 1473 809 1506 197.

430 1524 482 1559 IV.
522 1525 697 1570 Privilegia
741 1526 999 1563 abbreviatorum
1045 1530 1173 1564 maioris

518 1579 754 1624 praesidentiae
787 1581 962 1616 litterarum
990 1583 1174 1627 apostolica-

518 1644 600 1677 rum,
619 1634 694 1668 202.

431 1685 466 1720 V.
492 1686 615 1721 Indulta
640 1691 671 1722 et
695 1688 866 1733 Privilegia
884 1701 941 1734 pro
971 1691 1172 1725 conclavistis

485 1768 491 1772 .
518 1744 748 1784 postremorum
763 1742 973 1785 conclavium,
991 1745 1020 1777 in
1039 1754 1172 1788 quorum

522 1795 626 1838 primo
643 1794 704 1828 Leo
715 1794 754 1828 XI
772 1797 847 1829 etin
861 1797 1001 1831 secundo
1018 1796 1132 1831 Paulus
1147 1797 1172 1831 V

521 1847 614 1882 electi
639 1848 738 1891 fuere,
765 1849 838 1883 205.

429 1899 479 1934 VI.
504 1900 659 1946 Exempio
683 1902 814 1937 fratrum
831 1901 962 1937 Ordinis
982 1904 1096 1939 Beatae
1114 1904 1173 1938 Ma-

519 1956 586 1989 riae
611 1954 651 1988 de
675 1955 780 1990 Monte
805 1955 949 1991 Carmelo
974 1966 992 1991 a
1015 1957 1172 1992 solutione

521 2012 653 2054 quartae
690 2009 898 2053 funeralium,
934 2021 1006 2045 cum
1031 2011 1173 2045 declara-

517 2064 602 2096 tione
628 2062 761 2098 Concilii
786 2064 977 2108 Tridentini,
1003 2075 1080 2099 sess.
1107 2076 1172 2099 xxv

518 2126 588 2161 cap.
614 2127 682 2159 xm,
709 2118 782 2151 215.

430 2168 493 2204 V11.
518 2169 644 2204 Erectio
668 2170 793 2214 collegii
820 2171 869 2205 vel
886 2173 1048 2206 seminarii
1065 2173 1174 2206 Colim-

517 2221 664 2266 briensis,
686 2225 717 2257 in
738 2227 846 2268 regnis
863 2225 1099 2269 Hispaniarum,
1117 2236 1173 2269 pro

517 2276 677 2320 religiosis
712 2277 897 2312 militiarum
937 2279 966 2311 S.
1004 2279 1173 2315 Iacobide

518 2329 634 2373 Spatha
657 2334 687 2365 et
711 2331 740 2365 S.
763 2331 927 2366 Benedicti
941 2333 980 2367 de
998 2333 1170 2374 Avis,2l7.

429 2383 509 2417 VIII.
538 2383 724 2419 Commissio
756 2388 871 2420 nuncio
895 2386 1065 2430 apostolico
1090 2386 1174 2430 apud

519 2435 668 2470 Poloniae
692 2446 810 2480 regem,
836 2441 869 2472 ut
894 2447 1079 2480 processum
1104 2448 1175 2471 con-

519 2489 604 2522 ficiat
628 2491 659 2523 in
685 2499 780 2523 causa
807 2494 949 2524 vertente
967 2493 1173 2534 interregem

519 2546 550 2576 et
581 2544 753 2577 monachos
779 2545 963 2578 monasterii
989 2545 1173 2578 Tineceusis

519 2594 649 2631 Ordinis
680 2599 780 2632 saneti
805 2597 969 2631 Benedicti
1000 2608 1098 2641 super
1123 2598 1175 2632 ab·

519 2648 601 2684 batis
619 2650 826 2695 electione,et
842 2651 881 2686 ad
895 2652 1041 2686 Sanctam
1058 2652 1171 2686 Sedem

522 2705 667 2746 remittat,
694 2705 767 2738 220.

1214 347 1263 381 ΙΧ.
1289 348 1433 382 Facultas
1458 347 1684 383 ecclesiasticis
1710 350 1801 394 regni
1825 350 1952 385 Siciliae

1302 400 1506 445 persolvendi
1520 402 1589 441 sine
1603 410 1811 437 censurarum
1825 405 1953 440 incursu

1302 456 1455 498 pecunias
1495 455 1661 490 nonnullas
1701 459 1768 501 regi
1808 466 1865 501 per
1899 467 1952 493 eos

1302 508 1432 551 oblatas,
1457 518 1538 554 quae
1556 508 1707 543 donativa
1724 510 1861 544 servitia
1876 520 1955 545 nun-

1302 566 1468 606 cupantur,
1495 563 1568 597 222.

1215 613 1251 648 X.
1277 614 1428 650 Hortatur
1459 626 1625 660 proregem
1659 617 1786 652 Siciliae
1815 627 1854 653 ne
1879 627 1954 663 pau-

1303 677 1397 712 peres
1430 669 1665 705 ecclesiasticos
1690 671 1836 705 eiusdem
1860 673 1953 716 regni

1302 722 1340 755 ad
1367 722 1635 758 contributionem
1653 724 1877 759 nonnullarum
1902 735 1954 770 pe-

1301 777 1467 810 cuniarum
1500 777 1652 812 donativa
1675 779 1812 813 servitia
1835 789 1954 816 nuncu-

1301 831 1444 872 patarum
1470 830 1614 874 compelli
1628 832 1720 874 sinat,
1746 831 1819 866 223.

1213 880 1264 913 XI.
1289 880 1490 917 Confirmatio
1518 883 1633 918 indulti
1664 887 1732 928 regi
1762 885 1954 920 christianis-

1301 936 1382 968 simo
1398 937 1582 971 nomInandi
1601 947 1752 981 personas
1765 938 1896 973 idoneas
1912 939 1952 974 ad

1301 988 1499 1024 cathedrales
1524 994 1554 1025 et
1578 991 1838 1036 metropolitanas
1855 993 1954 1028 ecele-

1301 1044 1372 1084 sias,
1409 1052 1446 1076 ac
1470 1046 1662 1078 monasteria
1687 1047 1717 1079 in
1742 1046 1863 1081 ducatur
1890 1047 1954 1082 Bri-

1301 1097 1426 1129 tanniae
1438 1100 1469 1130 et
1478 1098 1640 1140 provincia
1650 1098 1837 1134 Provinciae
1847 1100 1952 1134 eidem

1300 1158 1317 1182 a
1334 1149 1474 1184 Summis
1488 1150 1694 1185 Pontificibus
1709 1154 1863 1195 concessi,
1879 1153 1952 1188 224.

1213 1201 1274 1235 XII.
1302 1201 1554 1237 Gubernatorem
1576 1204 1745 1240 Mediolani
1763 1205 1904 1242 hortatur
1919 1210 1954 1242 ut

1300 1259 1450 1290 attentata
1484 1267 1540 1301 per
1570 1262 1714 1292 senatum
1739 1259 1954 1295 mediolanen-

1299 1319 1365 1343 sem
1399 1312 1428 1344 in
1464 1320 1561 1345 causa
1585 1312 1673 1346 feudi
1696 1312 1842 1356 Chignoli
1866 1323 1955 1348 revo-

1300 1365 1365 1398 cari
1391 1364 1495 1404 faciat,
1525 1366 1598 1399 226.

1210 1415 1293 1449 Xlll.
1317 1416 1351 1450 In
1372 1417 1456 1451 idem
1473 1422 1696 1462 argumentum
1713 1420 1752 1454 ad
1770 1420 1953 1464 praesidem

1297 1475 1507 1517 senatumque
1532 1472 1812 1516 Mediolanensem,
1840 1475 1912 1509 227.

1210 1524 1288 1557 XIV.
1314 1525 1501 1560 Commissio
1526 1528 1677 1571 episcopo
1702 1528 1895 1572 Placentino,
1917 1533 1952 1564 ut

1298 1582 1422 1614 senatui
1455 1580 1684 1616 Mediolanensi
1724 1586 1756 1617 et
1790 1583 1951 1618 iudicibus

1297 1634 1514 1668 saecularibus
1545 1634 1701 1678 inhibeat,
1727 1646 1766 1670 ne
1798 1638 1829 1670 in
1854 1647 1952 1672 causa

1297 1688 1383 1721 feudi
1408 1687 1552 1731 Chignoli
1578 1698 1611 1722 se
1629 1690 1846 1734 intromittant,
1868 1694 1899 1726 et
1918 1695 1951 1726 ut

1296 1749 1422 1774 causam
1448 1741 1626 1776 huiusmodi
1644 1744 1712 1786 ipse
1732 1747 1902 1787 cognoscat
1922 1749 1953 1779 et

1296 1793 1434 1836 desiniat,
1463 1795 1536 1828 227.

1207 1845 1270 1879 XV.
1296 1846 1388 1887 Quod
1425 1847 1597 1891 capitulum
1636 1849 1787 1892 generale
1819 1850 1951 1885 fratrum

1297 1902 1398 1934 sancti
1430 1900 1590 1936 Franc1sei
1619 1901 1659 1936 de
1684 1902 1779 1937 Paula
1811 1903 1953 1949 quolibet

1295 1956 1451 1988 sexennio
1478 1954 1672 1989 celebretur:
1690 1966 1871 2001 munusque
1887 1966 1952 1991 cor-

1296 2010 1427 2050 rectoris
1439 2008 1599 2052 generalis
1614 2011 1746 2054 eiusque
1756 2010 1951 2053 collegarum

1297 2070 1333 2095 ac
1364 2063 1578 2106 procuratoris
1611 2062 1742 2098 Ordinis
1784 2065 1949 2106 sexennio,

1295 2115 1537 2159 provincialium
1555 2117 1700 2158 triennio,
1726 2120 1952 2151 correctorum-

1295 2179 1358 2214 que
1383 2170 1548 2204 domorum
1572 2179 1654 2204 anno
1675 2169 1851 2214 expleatur,
1873 2171 1948 2205 329.

1208 2221 1283 2255 XVI.
1308 2222 1388 2256 Unio
1413 2223 1593 2257 Monasterii
1618 2223 1658 2257 de
1683 2223 1823 2265 Claraco,
1848 2223 1951 2268 Agen-

1295 2278 1403 2309 nensis
1429 2277 1595 2318 dioecesis,
1616 2276 1767 2311 basilicae
1790 2279 1891 2312 sancti
1907 2276 1952 2312 lo-

1296 2332 1387 2363 annis
1412 2330 1643 2371 lateranensis,
1671 2331 1744 2364 232.

1211 2381 1304 2416 XVll.
1331 2383 1497 2417 Restitutio
1522 2387 1553 2417 et
1576 2385 1737 2418 innovatio
1769 2383 1951 2418 festivitatis

1297 2440 1398 2471 sancti
1438 2437 1561 2480 Ubaldi,
1602 2438 1744 2482 episcopi
1779 2437 1950 2481 Eugubini,

1297 2490 1430 2524 Ordinis
1474 2490 1705 2525 Canonicorum
1743 2489 1948 2534 Regularium

1296 2544 1566 2586 Later-anensium,
1577 2555 1633 2589 pro
1648 2545 1701 2578 die
1712 2554 1767 2578 xv1
1776 2544 1860 2585 maii,
1872 2543 1946 2577 238.

1209 2596 1318 2631 XVIII.
1351 2598 1547 2642 Approbatio
1578 2598 1704 2641 collegii
1737 2596 1797 2631 sub
1822 2599 1946 2631 invoca-

1296 2653 1381 2685 tione
1405 2653 1506 2685 sancti
1532 2651 1728 2695 Hieronymi,
1754 2659 1771 2684 a
1795 2650 1826 2684 S.
1851 2650 1887 2685 R.
1911 2650 1946 2684 E.

1295 2704 1456 2739 cardinale
1480 2704 1648 2739 Matthaeio
1672 2703 1790 2738 Romae
1814 2704 1948 2738 instituti
