2227 3241
74 238 123 266 An.
140 238 170 265 C.
189 237 256 267 1608

256 1410 369 1453 ,giata,
393 1410 488 1443 etiam
510 1420 568 1454 per
587 1410 771 1454 praedictos
789 1410 965 1453 capitulum
984 1416 1010 1443 et
1029 1393 1031 1455 *i

913 241 1035 266 PAULt's
1055 241 1074 265 V
1094 241 1144 265 1³1².

269 286 387 327 rebus,
417 287 533 328 bonis,
557 294 587 320 et
613 288 823 332 pecuniarum
850 288 1005 328 summis,

270 339 367 373 etiam
394 340 503 382 vigore
532 341 739 384 obligationis
766 342 797 374 in
830 344 932 375 torma
953 341 1009 375 Ca-

271 403 379 426 merae
395 394 600 437 Apostolicae
621 400 790 434 vertentes,
815 401 843 427 et
866 395 1010 438 penden-

271 452 316 479 tes
333 447 511 490 respective
525 448 676 490 (quorum
696 448 842 480 omnium
861 454 889 480 et
908 447 1012 489 singu-

270 500 375 532 lorum
397 505 509 540 status,
531 506 561 533 et
582 500 716 539 merita,
741 500 956 544 nominaque,
981 507 1030 540 et,

271 552 474 595 cognomina,
492 563 528 586 ae
546 553 724 597 qualitates,
744 558 805 586 tam
822 553 963 597 partium
983 558 1011 586 et
1028 544 1029 548 ¹

270 616 483 650 personarum
515 606 775 650 praedictarum,
799 617 896 650 quain
916 606 1011 639 etiam
1029 624 1030 636 i

271 669 391 701 rerum,
413 669 509 703 super
526 659 642 702 quibus
663 660 700 692 lis
720 660 849 703 pendet,
868 670 1013 703 praesen-

271 712 358 746 tibus
378 723 437 757 pro
457 712 615 756 expressis
629 712 813 755 habentes')
827 713 864 745 ad
884 724 941 746 nos
956 724 1013 756 per

271 766 400 799 easdem
421 771 607 810 praesentes
628 771 810 807 avocantes,
826 766 961 809 illasque
981 766 1011 799 in

270 824 353 852 statu
385 824 417 852 et
448 818 612 859 terminis,
643 819 675 851 in
704 819 822 863 quibus
854 819 893 852 ad
922 829 1013 862 prae-

271 882 344 906 sens
366 871 585 916 reperiuntur,
603 877 633 905 et
648 883 726 915 quas
745 872 775 904 in
791 872 933 905 futurum
949 882 1014 905 mo-

272 925 338 960 veri
360 925 466 959 denuo
491 925 683 968 contigerit,
710 931 772 958 tam
796 925 894 958 active
916 935 1012 970 quam

271 979 406 1023 passive,
432 978 527 1012 etiam
549 989 608 1022 per
628 978 812 1022 praedictos
826 979 1013 1022 capitulum,

271 1031 461 1073 canonicos,
481 1031 710 1073 beneficiatos,
735 1032 869 1065 elericos
891 1037 920 1064 et
940 1042 1013 1076 cap—

271 1086 416 1130 pellanos
431 1113 438 1127 ,
460 1096 516 1119 seu
540 1097 651 1120 eorum
679 1087 877 1131 quemlibet,
902 1093 1013 1120 contra

273 1149 495 1183 quascumque
515 1150 680 1183 personas,
699 1146 891 1174 conventum
904 1141 924 1181 Ξ,
950 1141 1013 1173 col-
1030 1158 1031 1170 i

272 1194 367 1236 legia,
392 1194 543 1238 capitula,
572 1194 806 1235 universitates,
830 1194 1009 1235 societates,

272 1247 445 1292 hospitalia
468 1253 499 1281 et
520 1248 591 1281 loca
622 1258 868 1292 quaecumque,
897 1258 1010 1281 saecu-

273 1302 352 1336 laria
388 1309 419 1336 et
452 1302 640 1346 quorumvis
678 1302 833 1335 Ordinum
851 1331 857 1343 ,
882 1302 1010 1335 Militia-

274 1367 346 1390 rum
383 1362 414 1390 et
446 1356 655 1400 hospitalium
686 1357 846 1398 regularia
878 1356 1031 1400 privile-1

274 1464 447 1497 canonicos
468 1469 580 1496 contra
601 1462 829 1503 beneficiatos,
858 1463 1009 1501 clericos,

273 1524 305 1553 et
324 1517 530 1562 cappellanos
548 1516 742 1560 praedictos,
767 1527 864 1560 super
881 1517 1013 1560 quibus-

274 1583 413 1616 cumque
430 1570 641 1615 pecuniarum
662 1571 817 1610 summis,
843 1571 935 1604 bonis
956 1582 1010 1604 ec-

274 1625 480 1664 clesiasticis,
505 1624 673 1665 censibus,
695 1625 873 1658 canonibus
896 1625 1010 1666 tritici,
1030 1647 1031 1654 ,

273 1679 376 1723 grani,
397 1679 473 1721 vini,
493 1678 717 1723 pecuniarum,
739 1684 793 1712 aut
815 1679 949 1712 aliarum
970 1670 1032 1712 re-i

273 1744 344 1767 rum
367 1732 650 1777 responsionibus,
671 1732 829 1776 praediis,
853 1722 1032 1778 rebusque

274 1793 305 1821 et
329 1787 443 1827 bonis,
467 1786 507 1819 ad
537 1796 778 1830 quamcumque
803 1786 1013 1830 pecuniarum

273 1851 432 1875 summam
448 1868 456 1881 ,
477 1850 649 1874 numerum
683 1846 711 1873 et
745 1840 956 1884 quantitatem
979 1852 1015 1874 ac

274 1895 415 1929 valorem
437 1894 700 1935 ascendentibus,
725 1894 764 1927 ad
786 1894 903 1927 dietam
923 1895 1014 1928 Late-

274 1960 456 1990 ranensem‚
477 1953 532 1982 aut
550 1948 594 1980 illi
616 1948 722 1981 unitas
743 1948 789 1981 vel
809 1959 948 1982 annexas
967 1959 1016 1982 ec-

275 2002 387 2037 clesias
418 2008 449 2036 et
479 2001 703 2046 parochiales,
737 2012 792 2035 seu
814 2001 1012 2045 capitulum,

275 2056 449 2090 canonicos
465 2083 471 2096 ,
500 2054 708 2089 beneficiatos
724 2083 730 2095 ,
756 2055 889 2089 clericos
908 2061 936 2088 et
959 2056 1017 2088 mi-
1034 2081 1035 2088 ,

275 2111 414 2150 nistros,
440 2110 535 2143 etiam
557 2109 707 2153 privatim
738 2119 774 2142 ac
796 2109 919 2142 ratione
951 2109 1017 2142 sin-

276 2165 423 2207 gularum
446 2172 670 2207 personarum,
688 2162 933 2206 quomodolibet
944 2174 1017 2206 spe-

276 2217 455 2257 ctantibus,
475 2222 529 2249 aut
550 2226 660 2249 eorum
681 2215 854 2254 interesse,
878 2216 1015 2256 directe,

276 2271 322 2305 vel
351 2270 526 2310 indirecte,
555 2269 772 2302 communiter
793 2270 838 2301 vel
867 2269 1015 2307 divisim,
1035 2289 1037 2302 t

276 2324 315 2358 ad
337 2334 449 2357 eorum
473 2322 649 2367 quemlibet
670 2322 948 2363 concernentibus,
972 2333 1019 2355 re-

276 2378 335 2412 bus
363 2377 432 2410 aliis
459 2376 491 2410 in
526 2376 605 2409 actis
640 2387 754 2409 causae
785 2382 812 2409 et
850 2387 1017 2409 causarum

277 2431 463 2466 huiusmodi
485 2430 578 2464 latius
599 2430 744 2463 deductis
765 2435 795 2463 et
813 2429 1020 2470 deducendis,

277 2497 314 2519 ac
344 2486 473 2519 illorum
495 2484 682 2524 occasione,
704 2495 775 2516 cum
809 2483 959 2516 omnibus
991 2489 1019 2516 et

316 2566 324 2592 l
357 2565 449 2600 Aptior
480 2564 598 2600 syntaxis
622 2564 692 2591 soret
714 2563 826 2599 legendo
858 2564 961 2589 horam
967 2583 1019 2589 .....

277 2609 409 2637 habentes
426 2609 466 2636 vel
484 2618 609 2644 quorum
615 2629 666 2634 .....
686 2608 823 2634 habemns
837 2607 875 2641 (n.
893 2608 939 2639 Ti).

313 2653 329 2680 2
345 2652 447 2680 Forsan
463 2654 553 2687 legere
568 2656 675 2688 oportet
692 2655 841 2680 contentus
864 2658 889 2677 a.
903 2652 949 2684 τ.).

330 2706 410 2735 Ruti.
427 2706 508 2735 Rom.
528 2706 586 2734 Vol.
605 2707 653 2734 XI.
869 2705 901 2732 67

1695 230 1758 264 529

1046 289 1178 331 singulis
1199 289 1263 321 :uis
1278 288 1785 332 incidentibus,dependentibus,

1046 342 1270 384 emergentiis,
1300 344 1432 375 annexis
1454 348 1482 375 et
1506 342 1678 381 connexis,
1705 342 1784 380 tibi,

1048 401 1166 438 tuoque
1196 395 1314 428 vicario
1331 423 1336 435 ‚
1366 406 1449 428 nunc
1486 400 1517 427 et
1551 406 1610 438 pro
1644 402 1788 439 tempore

1048 458 1103 491 per
1129 453 1158 480 te
1179 448 1351 491 deputato,
1373 449 1559 487 summarie,
1584 448 1785 491 simpliciter,

1048 506 1074 533 et
1103 501 1141 533 dc
1161 501 1267 544 plano,
1292 501 1359 534 sine
1380 502 1516 544 strepitu
1538 507 1566 534 et
1585 503 1688 543 ligura
1707 501 1789 534 iudi-

1048 553 1097 591 cii,
1120 553 1186 586 sola
1205 553 1336 587 veritate
1356 554 1428 586 facti
1450 554 1603 597 inspecta,
1619 560 1659 591 ct,
1677 560 1788 598 quate-

1048 617 1107 638 nus
1125 616 1205 649 opus
1226 606 1491 650 si17exequutive,
1514 607 1608 639 etiam
1630 618 1726 640 :nanu
1744 618 1788 641 re-

1048 660 1109 701 gia,
1129 660 1251 703 absque
1274 660 1485 693 tei-minoium
1512 660 1784 699 substantialium,

1049 719 1075 746 et
1096 713 1231 746 alicuius
1251 715 1330 747 telae
1349 713 1535 747 iudiciariae
1554 713 1787 755 observatione,

1048 765 1115 798 sine
1137 766 1338 800 confectione
1365 767 1490 809 registri
1516 766 1581 800 sive
1607 772 1785 807 extractus,

1049 829 1253 863 quacumque
1268 819 1484 864 appellatione
1498 820 1676 863 postposita
1693 812 1788 853 etiam

1049 882 1112 905 non
1140 872 1272 912 frivola,
1298 873 1494 913 audiendas,
1523 873 1786 915 cognoscendas,

1049 925 1281 967 verificandas,
1311 926 1439 969 fineque
1470 926 1577 959 debito
1606 926 1787 959 terminan-

1049 979 1114 1021 das,
1129 979 1213 1012 dicta
1227 980 1427 1021 auctoritate,
1442 980 1664 1013 eamrumdem
1680 985 1791 1014 tenore

1048 1032 1278 1076 praesentium,
1293 1033 1525 1067 committimus
1544 1038 1573 1065 et
1587 1033 1790 1073 mandamus,

1050 1085 1159 1129 eisque
1176 1086 1399 1129 praesentibus
1411 1085 1575 1130 perpetuis
1589 1085 1790 1130 temporibus

1049 1138 1222 1175 duraturisz

1094 1194 1109 1233 Q
1128 1192 1157 1225 3».
1188 1193 1257 1226 jum
1276 1199 1431 1237 potestate
1447 1193 1547 1227 dietas
1564 1199 1672 1236 partes
1686 1203 1790 1237 respe-

1049 1247 1130 1280 ctive
1150 1252 1177 1280 et
1197 1257 1310 1280 omnes
1335 1247 1435 1283 alios,
1460 1256 1541 1290 quos
1566 1257 1646 1290 opus
1668 1247 1784 1287 suerit,

1049 1313 1105 1334 sua
1126 1301 1342 1334 communiter
1360 1301 1407 1333 vel
1426 1300 1551 1333 divisim
1567 1300 1721 1333 interesse
1735 1311 1790 1344 pu-

1051 1362 1172 1395 tantes,
1197 1366 1309 1389 omnes
1334 1355 1365 1387 in
1392 1354 1606 1398 exequutione
1629 1354 1789 1387 citationis

1050 1410 1274 1449 nominandos,
1294 1409 1325 1442 in
1343 1409 1487 1442 Romana
1508 1408 1603 1441 Curia
1626 1408 1673 1441 vel
1692 1413 1790 1449 extra,

1029 1479 1031 1505 ς
1050 1463 1123 1498 tam¹
1136 1475 1192 1507 per
1206 1463 1345 1496 edictum
1358 1462 1535 1506 publicum,
1553 1461 1690 1495 cons-iiio
1708 1472 1791 1495 sum-

1050 1518 1148 1551 marie
1182 1522 1211 1551 et
1239 1515 1523 1550 extraiudicialiter
1556 1516 1594 1548 de
1627 1525 1692 1548 non
1723 1520 1790 1548 tuto

1049 1582 1200 1611 accessu,
1225 1570 1362 1611 citandis,
1387 1580 1422 1602 ac
1448 1569 1598 1602 omnibus
1634 1568 1793 1602 iudicibus

1048 1624 1259 1669 supradictis,
1285 1630 1312 1657 et
1341 1623 1458 1667 quibus
1490 1629 1521 1656 et
1552 1623 1678 1667 quoties
1713 1633 1793 1666 opus

1049 1679 1154 1720 suerit,
1172 1678 1267 1712 etiam
1286 1678 1345 1711 sub
1363 1677 1504 1710 censuris
1523 1676 1746 1710 ecclesiasticis
1764 1682 1793 1709 et

1050 1732 1265 1778 pecuniariis,
1292 1738 1346 1765 tuo
1372 1731 1506 1764 arbitrio
1530 1730 1739 1764 moderandis
1764 1737 1794 1763 et

1051 1786 1277 1831 applicandis,
1309 1785 1405 1818 etiam
1439 1795 1496 1828 per
1521 1783 1626 1817 simile
1653 1783 1792 1817 edictum

1052 1840 1239 1877 inhibendi2
1264 1848 1441 1882 causasque
1462 1838 1556 1881 ipsas,
1581 1848 1689 1870 coram
1716 1837 1789 1880 qui-

1050 1894 1157 1928 busvis
1178 1903 1290 1927 eorum
1310 1893 1348 1925 de
1370 1893 1452 1925 sacto
1471 1892 1576 1924 forsan
1595 1891 1793 1924 introductas

1051 1959 1105 1981 seu
1134 1946 1406 1985 introducendas,
1442 1945 1481 1977 ab
1510 1944 1554 1977 eis
1583 1943 1737 1976 avocandi
1764 1949 1793 1977 et

1053 2000 1285 2036 reassumendi:
1303 1999 1411 2039 etiam,
1433 1998 1465 2031 in
1484 2003 1630 2032 eventum
1653 2008 1717 2030 non
1738 2009 1794 2041 pa-

1054 2055 1199 2095 ritionis‚
1236 2064 1356 2098 poenas
1379 2059 1406 2086 et
1435 2062 1587 2085 censuras
1613 2051 1794 2095 praedictas

1053 2108 1280 2143 damnabiliter
1305 2106 1478 2140 incurrisse
1504 2111 1533 2139 et
1558 2105 1706 2138 incidisse
1734 2105 1790 2137 dc-

1054 2161 1216 2201 clarandi;
1242 2161 1376 2204 illasque
1401 2160 1497 2193 etiam
1524 2159 1647 2192 iteratis
1673 2158 1794 2191 vicibus

1053 2214 1246 2259 aggravandi
1268 2220 1298 2247 et
1316 2213 1564 2257 reaggr.·ivaiidi;
1590 2212 1793 2245 interdictum

1055 2268 1305 2302 ecclesiasticum
1326 2267 1527 2311 apponendi:
1544 2272 1570 2300 ct
1591 2265 1713 2298 brachii
1732 2276 1796 2298 sae-

1036 2323 1170 2366 ¹calaris
1196 2322 1351 2355 auxilium
1378 2320 1518 2354 habendi
1545 2326 1572 2353 et
1602 2319 1793 2358 invocandi,

1056 2377 1125 2409 loco
1148 2376 1242 2409 unius
1263 2374 1460 2413 sententiae,
1484 2384 1539 2406 seu
1564 2372 1794 2406 sententiarum

1056 2428 1307 2472 praedictarum,
1323 2427 1473 2459 mandata
1488 2424 1677 2468 exequutiva
1692 2424 1723 2456 in
1738 2424 1798 2456 sor-

1057 2485 1107 2516 ma
1129 2480 1222 2515 solita
1243 2487 1271 2514 et
1294 2481 1445 2514 consueta
1466 2478 1679 2517 decernendij.
1704 2477 1797 2511 illud-

1057 2547 1118 2580 que
1137 2534 1187 2568 et'·'
1210 2534 1274 2571 itta,
1299 2533 1452 2577 quicquid
1472 2542 1529 2576 per
1546 2537 1574 2564 te
1592 2536 1621 2566 et
1645 2530 1795 2564 vicarium

1097 2608 1102 2633 l
1126 2606 1225 2633 Forsan
1243 2605 1391 2637 legendum
1407 2604 1492 2631 eliam
1508 2606 1547 2635 (ii.
1558 2604 1606 2637 T.).

1094 2651 1109 2678 2
1130 2650 1270 2677 Coniunct.
1289 2652 1313 2677 ct
1329 2648 1452 2676 addimus
1469 2656 1499 2675 ex
1524 2646 1687 2674 Clierubinio
1702 2646 1796 2681 Qasr.)

1804 240 1857 266 An.
1874 239 1902 266 C.
1922 238 1988 266 1608

1845 1203 1944 1224 facultas
1960 1203 1989 1223 ci·

1805 1230 1862 1250 tandi
1887 1230 1906 1250 iu
1930 1235 1990 1250 curia

1805 1259 1825 1277 et
1840 1258 1905 1279 extra.
1918 1258 1938 1277 et
1947 1262 1989 1276 om·

1803 1284 1865 1304 uibus
1884 1283 1991 1303 iudicibus

1806 1309 1922 1333 inhibendi,
1939 1315 1990 1330 cau-

1805 1342 1882 1363 sasque
1905 1342 1990 1356 reassu-

1805 1364 1882 1387 mcudi,
1895 1365 1938 1385 etc..
