2227 3241
55 258 110 286 An.
125 258 153 286 C.
171 258 240 286 1603

75 426 160 448 Deci-eti
174 428 242 447 tenor.

863 256 1009 280 CLEMENS
1033 256 1091 279 vul
1116 257 1166 280 PP.

255 311 346 351 ptum
375 306 540 340 decretum
566 305 701 340 ediderit
725 304 846 339 tenoris
866 313 998 346 sequen-

256 360 309 400 tis,
326 359 491 394 videlicet:

302 414 317 457 ἓ
341 412 371 447 2.
388 414 451 447 Nos
479 413 692 457 Hieronymus
717 411 921 445 miseratione
945 410 996 443 di-

258 467 330 500 vina
360 466 441 500 tituli
466 466 496 500 S.
527 464 684 499 Pancratii
709 464 742 498 S.
770 465 806 497 R.
835 464 870 497 E.
899 474 995 507 prae-

259 523 367 567 sbyter
375 521 544 555 cardinalis
554 520 754 560 Matthaeius,
765 520 864 554 totius
874 519 1001 553 Ordinis

260 577 392 610 fratrum
418 576 578 610 Minorum
602 575 633 608 S.
649 573 811 609 Francisci
830 574 869 608 de
887 573 1001 607 Obser-

260 629 363 662 vantia
379 634 552 674 protector,
575 633 737 662 corrector
750 633 778 662 et
791 626 1000 671 gubernator,

260 682 424 725 cupientes
438 681 652 722 indemnitati,
667 679 798 714 utilitati
817 686 848 714 et
864 690 1000 724 prospe-

262 734 346 768 ritati
368 735 514 768 omnium
540 735 674 768 fratrum
700 733 870 768 strictioris
895 734 1004 766 obser-

260 789 385 822 vantiae
409 789 666 822 Reformatorum
680 793 942 831 nuncupatorum
956 786 1003 819 di-

261 843 302 876 cti
316 842 455 883 Ordinis,
472 852 560 876 nunc
586 848 617 876 et
633 853 691 886 pro
712 848 855 886 tempore
868 840 1004 875 ubilibet

260 896 476 937 existentium,
502 908 538 930 ac
563 898 595 931 in
621 896 733 940 primis
757 896 939 929 animarum
956 905 1004 928 sa-

260 950 341 991 luti,
370 956 527 994 quantum
552 961 625 984 cum
650 949 786 983 Domino
818 959 1001 993 possumus,

261 1006 428 1039 consulere
449 1015 485 1038 ac
501 1004 679 1049 providere;
693 1003 870 1047 praesentis
884 1002 1003 1036 decreti

261 1057 380 1101 vigore,
408 1057 558 1091 omnihus
571 1063 602 1092 et
619 1056 753 1100 singulis
767 1056 921 1089 ministris
934 1066 1005 1099 pro-

261 1110 461 1152 vincialibus,
490 1111 623 1155 aliisque
644 1116 708 1144 tam
733 1108 882 1154 praelatis
907 1119 1003 1152 quam

262 1163 398 1197 subditis
422 1170 551 1197 nostrae
574 1163 766 1208 protectioni
792 1169 822 1196 et
847 1161 1004 1206 gubernio

264 1217 465 1257 concreditis,
481 1218 514 1251 in
531 1218 646 1251 virtute
660 1222 787 1250 sanctae
801 1215 1003 1249 obedientiae

264 1270 476 1314 praecipimus
500 1282 535 1303 ac
561 1270 763 1311 mandamus,
790 1280 830 1303 ne
855 1269 1003 1313 deinceps

264 1324 336 1368 quis
348 1324 477 1358 illorum
488 1325 575 1367 (cum
589 1324 759 1368 contigerit
772 1324 1002 1358 monasterium

263 1388 319 1411 seu
333 1384 525 1411 conventum
539 1378 691 1421 aliquem,
706 1388 763 1422 pro
780 1378 1004 1412 reformatione

263 1430 519 1472 introducenda,
554 1430 704 1464 fratribus
737 1431 945 1471 Reformatis,
972 1437 1006 1464 ut

262 1484 449 1529 praefertur,
466 1484 505 1517 de
530 1483 680 1517 mandato
705 1485 906 1528 superiorum
931 1485 1005 1518 effe-

263 1538 344 1573 ctive
361 1537 504 1577 concedi,
520 1537 601 1571 tradi
620 1548 656 1570 ac
674 1538 841 1582 assignari,
859 1539 934 1580 sive,
951 1550 1006 1572 an-

262 1598 391 1635 tequam
405 1590 546 1624 ess'ective
560 1591 751 1635 assignetur,
768 1591 807 1625 de
819 1592 1005 1627 huiusmodi

262 1645 477 1689 assignatione
509 1645 653 1679 facienda
688 1646 836 1680 notitiam
871 1657 1003 1692 quoquo

263 1700 359 1734 modo
391 1699 555 1743 habuerit)
577 1699 693 1734 audeat
720 1701 768 1734 vel
799 1707 1000 1745 praesumat,

263 1765 317 1798 per
333 1765 367 1788 se
383 1754 431 1787 vel
449 1753 546 1786 alium
566 1754 808 1797 quomodolibet
822 1754 943 1789 directe
957 1756 1004 1789 vel

262 1807 426 1848 indirecte,
442 1808 501 1841 sub
522 1808 633 1851 quovis
650 1812 815 1852 praetextu
833 1814 886 1842 aut
908 1819 1004 1852 quae-

262 1862 323 1895 sito
336 1861 457 1902 colore,
468 1860 623 1903 detinere,
639 1862 778 1902 auferre,
794 1862 1002 1905 abscondere,

263 1921 317 1949 aut
345 1914 415 1948 aliis
440 1914 503 1948 sive
532 1915 615 1948 intra
646 1915 709 1949 sive
737 1921 824 1949 extra
852 1916 1004 1951 Ordinem

265 1969 410 2010 tradere,
441 1975 496 2003 aut
527 1978 635 2002 secum
668 1969 793 2003 deferre
831 1970 1005 2014 quicquam

263 2023 399 2056 attinens
412 2023 459 2055 vel
473 2023 647 2066 pertinenS,
665 2023 775 2066 quovis
789 2022 893 2064 titulo,
909 2026 1004 2059 modo

264 2082 320 2109 aut
339 2077 452 2117 forma,
472 2075 511 2109 ad
531 2075 691 2120 publicam
709 2076 895 2119 utilitatem,
919 2089 1005 2111 com-

265 2129 451 2163 moditatem
484 2134 514 2162 et
545 2130 810 2164 communitatem
843 2130 1003 2165 dictorum

264 2189 480 2218 conventuum
512 2193 567 2216 seu
591 2183 856 2218 monasteriorum
887 2185 1001 2220 Refor-

265 2237 357 2271 matis
382 2236 678 2276 concedendorum,
705 2247 884 2281 eorumque
905 2240 1004 2274 eccle-

265 2292 338 2332 sias,
358 2291 484 2332 choros,
508 2290 681 2331 sacristias,
697 2290 898 2333 dormitoria,
922 2294 1005 2327 vale-

266 2344 438 2384 tudinaria,
450 2344 556 2384 cellas
573 2344 796 2386 bibliothecas,
825 2346 1003 2387 refectoria,

266 2397 405 2439 cellaria,
423 2397 578 2442 coquinas
595 2397 703 2431 illasve
721 2398 876 2440 officinas,
901 2400 948 2433 vel
966 2400 1004 2433 ad

265 2452 400 2486 alicuius
425 2452 520 2486 oflicii
541 2452 752 2493 functionem,
774 2459 828 2487 aut
852 2454 891 2486 ad
913 2453 1002 2498 ipso-

265 2516 336 2540 rum
352 2512 567 2539 conventuum
582 2517 636 2539 scu
652 2507 918 2541 monasteriorum
933 2518 1005 2551 sup-

267 2559 469 2603 pellectilem,
493 2560 725 2604 eleemosynas,
752 2560 929 2604 scripturas
958 2562 1004 2594 vel

266 2612 364 2646 libros
391 2618 557 2657 spectans·‚
583 2624 651 2654 nec,
673 2614 712 2646 ad
730 2614 760 2646 id
787 2613 1004 2654 efficiendum,

269 2666 449 2709 consilium,
477 2667 628 2701 auxilium
653 2668 701 2701 vel
726 2668 866 2701 savorem
896 2667 1003 2709 alicui,

1705 244 1748 279 23
1795 254 1845 281 An.
1861 255 1889 281 c.
1909 254 1976 282 1503

1032 303 1152 337 directe
1169 304 1217 338 vel
1236 303 1405 344 indirecte,
1423 310 1458 338 ut
1483 303 1690 347 praedicitur,
1712 304 1778 338 ullo

1034 357 1130 390 modo
1152 358 1315 402 praebere.
1336 358 1394 397 Qui
1416 368 1507 392 secus
1520 357 1642 398 fecerit,
1657 367 1695 390 eo
1709 357 1778 402 ipso

1034 410 1185 444 omnibus
1198 411 1322 451 ossiciis,
1334 411 1544 455 dignitatibus
1559 418 1590 445 et
1602 411 1779 445 honoribus

1034 463 1174 505 Ordinis,
1202 475 1237 497 ac
1257 468 1394 509 utraque
1418 476 1495 499 voce
1524 465 1556 498 in
1588 471 1778 510 perpetuum

1035 517 1177 561 privatus
1203 517 1327 559 existat,
1357 524 1387 551 et
1411 529 1469 562 pro
1495 518 1648 562 qualitate
1673 517 1779 551 delicti

1035 570 1219 604 carceribus
1236 570 1333 604 etiam
1351 571 1564 615 mancipetur,
1587 582 1623 605 ac
1648 572 1680 605 in
1697 570 1776 605 sub-

1036 623 1152 657 sidium
1167 633 1268 668 poena
1282 625 1624 659 excommunicationis
1645 625 1780 659 mulcte-

1037 683 1099 711 tur.
1118 677 1168 717 Et,
1190 683 1225 711 ut
1243 678 1350 711 nullus
1370 678 1409 711 de
1429 679 1612 722 praemissis
1629 678 1780 722 ignoran-

1038 731 1112 764 tiam
1130 731 1339 775 praetendere
1357 732 1469 772 valeat‚
1492 733 1551 766 sub
1569 732 1687 766 eisdem
1705 743 1781 776 poe-

1037 783 1110 824 nis,
1137 784 1287 817 omnibus
1312 790 1343 819 et
1375 785 1511 828 singulis
1544 785 1779 830 provinciarum

1038 836 1194 870 ministris
1208 847 1263 870 seu
1281 838 1507 871 commissariis
1526 849 1673 883 expresse
1691 849 1780 872 man-

1038 889 1165 931 damus,
1192 896 1240 930 ut,
1273 901 1345 924 cum
1377 892 1516 936 primum
1538 892 1578 925 de
1598 891 1781 926 huiusmodi

1037 948 1149 978 nostro
1181 944 1309 978 decreto
1335 950 1572 990 transumptum
1598 946 1780 986 habuerint,

1038 1003 1209 1031 teneantur
1225 1009 1283 1042 per
1308 1009 1419 1032 omnes
1444 1009 1574 1031 suarum
1592 998 1782 1043 provincia-

1038 1062 1110 1084 rum
1136 1057 1313 1085 conventus
1337 1051 1416 1085 illud
1435 1062 1507 1085 cum
1527 1052 1639 1086 etl‘ectu
1664 1052 1726 1095 legi
1751 1058 1781 1086 et

1038 1105 1195 1149 publicari
1209 1105 1324 1146 facere,
1341 1116 1377 1138 ac
1390 1106 1428 1139 de
1442 1105 1657 1150 publicatione
1671 1106 1783 1139 huius-

1039 1158 1126 1192 modi
1147 1169 1205 1193 nos
1225 1160 1330 1192 statim
1352 1159 1504 1193 certiores
1519 1159 1666 1193 reddere.
1684 1159 1723 1193 Et
1739 1159 1782 1192 ita

1040 1212 1254 1253 decernimus,
1264 1213 1433 1246 statuimus
1449 1219 1479 1246 et
1499 1212 1697 1253 ordinamus,
1717 1223 1781 1246 non

1039 1267 1143 1299 solum
1158 1267 1227 1307 isto,
1241 1267 1295 1299 sed
1311 1272 1340 1300 et
1358 1268 1444 1300 omni
1459 1266 1520 1299 alio
1535 1266 1659 1300 meliori
1674 1266 1781 1308 modo,

1040 1326 1097 1354 etc.
1117 1321 1151 1354 In
1168 1332 1305 1364 quorum
1321 1320 1429 1361 fidem,
1448 1325 1504 1353 cle.

1083 1376 1198 1408 Datum
1229 1375 1348 1408 Romae
1379 1375 1411 1407 in
1444 1375 1561 1418 palatio
1585 1380 1708 1416 nostro,
1732 1374 1783 1409 die

1040 1429 1153 1462 ultima
1172 1429 1291 1462 mensis
1309 1428 1387 1461 iunii
1406 1438 1519 1461 MDCtll.

1083 1484 1098 1526 ξ
1117 1482 1148 1515 3.
1176 1483 1350 1526 Propterea
1366 1492 1436 1522 nos,
1460 1487 1495 1515 ut
1509 1484 1673 1516 decretum
1695 1493 1784 1527 prae-

1039 1537 1161 1570 dictum
1176 1536 1325 1580 deinceps
1342 1536 1540 1577 observetur,
1550 1536 1716 1580 providere
1731 1546 1784 1569 vo-

1039 1592 1150 1631 lentes,
1160 1590 1392 1634 praeinsertum
1407 1590 1585 1630 decretum,
1597 1600 1669 1623 cum
1681 1590 1785 1627 omnif

1039 1643 1098 1677 bus
1120 1649 1150 1677 et
1175 1643 1308 1687 singulis
1327 1643 1359 1676 in
1381 1654 1418 1677 eo
1435 1643 1607 1683 contentis,
1635 1643 1781 1677 auctori-

1039 1703 1104 1731 tate
1123 1697 1310 1742 apostolica,
1329 1703 1439 1731 tenore
1463 1696 1693 1741 praesentium,
1715 1708 1784 1741 per-

1039 1757 1134 1796 petuo
1147 1751 1376 1784 confirmamus
1385 1755 1415 1783 et
1429 1750 1656 1796 approbamus,
1672 1750 1783 1794 illique

1040 1811 1214 1849 perpetuae
1238 1810 1265 1837 et
1284 1803 1476 1838 inviolabilis
1500 1804 1696 1848 apostolicae
1721 1803 1779 1837 fir-

1040 1859 1160 1892 mitatis
1184 1859 1283 1891 robur
1315 1857 1503 1899 adjicimus,
1542 1868 1577 1890 ac
1606 1868 1717 1891 omnes
1753 1862 1784 1891 et

1040 1912 1183 1956 singulos
1200 1917 1265 1944 tam
1283 1911 1361 1944 iuris
1377 1921 1473 1954 quam
1493 1911 1565 1944 sacti
1587 1910 1740 1953 desectus,
1757 1912 1783 1945 si

1039 1967 1094 2010 qui
1119 1965 1150 1998 in
1172 1976 1209 1999 eo
1224 1965 1461 2005 intervenerint,
1479 1965 1726 2010 supplemus‚ac
1744 1965 1783 1998 ab

1039 2021 1189 2054 omnibus
1209 2025 1240 2053 et
1265 2019 1399 2062 singulis
1420 2019 1575 2053 ministris
1599 2019 1783 2064 provincia-

1039 2074 1133 2115 libus,
1154 2074 1288 2117 aliisque
1302 2078 1363 2106 tam
1375 2073 1524 2117 praelatis
1538 2083 1633 2117 quam
1648 2072 1783 2106 subditis

1039 2129 1144 2162 dictae
1161 2128 1352 2172 protectioni
1374 2127 1535 2168 subiectis,
1552 2127 1611 2160 sub
1625 2127 1737 2170 poenis
1750 2127 1782 2160 in

1039 2183 1239 2227 praeinserto
1264 2182 1396 2216 decreto
1429 2182 1597 2223 contentis,
1629 2187 1781 2226 perpetuo

1038 2237 1213 2277 observari,
1234 2248 1267 2270 ac
1283 2237 1314 2270 in
1333 2237 1467 2281 singulis
1486 2237 1634 2281 capitulis
1655 2237 1782 2280 provin-

1038 2279 1171 2325 cialibus
1194 2291 1351 2335 publicari
1376 2291 1492 2324 debere
1510 2291 1725 2335 praecipimus
1751 2296 1782 2324 et

1040 2346 1243 2379 mandamus.

1083 2399 1144 2442 gli.
1173 2399 1242 2432 Non
1267 2399 1468 2433 obstantibus
1497 2398 1780 2432 constitutionibus
1795 2401 1981 2449 trfjssjssfu51jj·⁰⁴·n·

1039 2459 1069 2486 et
1086 2453 1341 2487 ordinationibus
1359 2453 1553 2497 apostolicis,
1570 2463 1605 2484 ac
1625 2452 1699 2485 dicti
1717 2452 1777 2486 Or-

1040 2507 1146 2549 dinis,
1179 2508 1275 2540 etiam
1309 2508 1510 2545 iuramento,
1534 2506 1780 2540 confirmatione

1039 2561 1224 2604 apostolica,
1248 2562 1295 2593 vel
1310 2561 1418 2603 quavis
1440 2560 1591 2593 firmitate
1609 2559 1669 2593 alia
1686 2559 1781 2593 robo-

1040 2614 1128 2653 ratis,
1155 2614 1281 2647 statutis
1299 2620 1325 2647 et
1346 2613 1644 2655 consuctudinibus,
1672 2620 1777 2648 caete-

1040 2667 1148 2712 risque
1168 2667 1337 2700 contrariis
1354 2665 1622 2712 quibuscumque.

1805 1493 1926 1518 Apostolica
1934 1498 1982 1513 con-

1798 1521 1915 1541 firmatione
1923 1519 1982 1540 robo-

1799 1549 1863 1568 ratur.
