2227 3241
33 216 86 243 An.
102 214 131 241 C.
148 213 216 241 1603

61 540 189 563 Cammissio.

56 2201 168 2228 norogauo
177 2207 224 2222 con-

43 2230 160 2250 uariorum.

84 2467 226 2494 Transurnptis

43 2493 114 2515 dati-la
130 2495 187 2516 sides.

851 212 994 235 CLEMENS
1015 212 1070 236 vtlt
1088 213 1137 236 PP.

229 272 325 306 quam
355 262 395 294 ab
427 262 465 295 iis
492 262 546 305 qui
571 262 601 294 in
623 262 700 305 ipsis
729 260 970 304 parochialibus

230 315 383 356 eeclesiis,
406 325 466 359 pro
487 325 597 349 eorum
616 315 738 347 iuribus
753 313 890 355 exigere,
913 323 970 345 seu

230 375 421 412 extorquere
442 369 665 402 consueverint
682 395 689 408 ,
716 368 746 400 in
768 377 880 400 eorum
902 366 970 399 ani-

231 432 355 455 marum
383 422 560 466 perniciem
591 429 620 454 et
647 421 834 455 scandalum
864 420 967 464 pluri-

231 485 371 509 morum.

276 531 292 569 Ξ
318 529 348 562 2.
371 530 434 563 Nos
452 529 560 572 igitur,
581 528 634 573 qui
654 539 714 572 pro
735 532 843 563 nostra
865 535 971 573 pasto-

231 583 290 616 rali
304 587 379 617 cura
393 589 423 616 et
437 583 653 616 sollicitudine
667 582 786 615 abusus
799 593 973 626 quoscum-

231 648 294 681 que
311 637 395 671 inter
410 647 565 682 personas
586 636 817 670 ecclesiasticas
835 637 971 670 tolerare

230 702 296 725 non
317 691 488 730 dehemus,
518 690 722 735 praemissis,
757 696 914 734 quantum
941 691 971 723 in

228 745 368 779 Domino
388 755 572 789 possumus,
595 754 765 778 occurrere
793 744 969 788 cupienteS,

231 797 362 831 decreto
387 797 482 831 etiam
498 797 600 831 sancti
614 797 760 840 Gregorii
776 798 880 842 Papae
894 798 973 841 (quo

231 851 341 893 vetuit,
353 861 394 884 ne
404 861 464 895 pro
476 850 691 885 ecclesiastica
705 852 869 895 sepultura
885 851 974 895 quid-

231 915 330 948 quam
345 904 411 948 peti
430 910 485 938 aut
502 904 583 947 exigi
604 905 717 949 possit,
748 905 804 938 sed
826 911 971 938 tantum-

231 959 330 993 modo
350 969 368 993 a
387 965 501 1003 sponte
522 959 672 993 (rantibus
690 960 894 1003 eleemosyna
916 969 974 1003 pro

232 1012 386 1046 ecclesiae
396 1013 611 1047 luminaribus
623 1013 723 1057 recipi
737 1013 853 1056 valeat)
866 1013 975 1046 inhae-

232 1072 349 1107 rentes,
378 1077 415 1100 ex
435 1073 508 1101 voto
529 1067 624 1101 etiam
650 1067 883 1100 venerabilium
906 1067 972 1100 sraa

233 1126 318 1154 trum
347 1127 533 1155 nostrorum
562 1120 593 1154 S.
625 1121 660 1154 R.
690 1121 722 1153 E.
747 1120 972 1159 cardinalium,

232 1185 330 1219 super
350 1174 644 1208 consultationibus
673 1180 701 1207 et
724 1174 868 1216 negociis
896 1174 973 1218 Epi-

233 1238 407 1273 scoporum
433 1235 463 1262 et
490 1228 698 1270 Regularium
732 1228 975 1271 deputatorum3

233 1282 323 1316 vohis
341 1288 371 1315 et
389 1282 582 1326 cuicumque
595 1287 736 1315 vestrum
752 1292 809 1326 per
826 1293 977 1326 praesen-

235 1343 281 1370 tes
295 1337 528 1370 committimus
540 1342 568 1369 et
584 1336 785 1372 mandamus,
796 1341 827 1369 ut
844 1336 976 1370 omnino

234 1390 428 1434 provideatis
448 1401 488 1423 ne
509 1389 629 1423 diutius
650 1389 835 1422 huiusmodi
860 1390 977 1423 abusus

234 1443 266 1476 in
286 1443 399 1477 vestris
420 1443 602 1477 civitatibus
622 1449 650 1476 ct
673 1442 875 1476 dioecesibus
897 1444 976 1476 tole-

234 1503 333 1538 retur,
358 1508 393 1530 ac
415 1497 606 1531 auctoritate
635 1496 729 1530 etiam
759 1499 867 1530 nostra
893 1507 973 1541 apo-

234 1552 348 1586 stolica
368 1551 560 1591 decernatis,
576 1562 615 1584 ne
633 1551 777 1595 parochi,
795 1562 854 1595 pro
871 1552 977 1595 sepul-

237 1608 309 1639 tura
338 1605 597 1639 christifidelium
620 1605 652 1637 in
674 1604 816 1638 ecclesiis
844 1605 977 1648 quibus-

236 1670 375 1703 cumque
397 1658 594 1701 regularium
617 1658 779 1697 facienda,
801 1658 975 1703 quicquam

237 1719 346 1757 petere
366 1713 414 1746 vel
436 1712 563 1755 exigere
585 1712 728 1756 possint,
751 1712 807 1745 sed
826 1724 843 1745 a
863 1718 977 1756 sponte

238 1766 389 1799 dantibus
403 1776 473 1799 eam
495 1771 618 1799 tantum
641 1766 878 1809 eleemosynam
900 1766 979 1799 reci-

236 1830 313 1863 pere
332 1820 477 1859 valeant,
505 1829 588 1863 quae
608 1829 667 1863 pro
687 1819 872 1863 sepulturis,
896 1830 978 1863 quae

238 1873 269 1906 in
287 1873 428 1917 propriis
448 1879 501 1906 aut
529 1872 667 1906 aliorum
696 1872 889 1906 clericorum
911 1884 977 1907 sae-

239 1927 397 1960 cularium
426 1927 570 1960 ecclesiis
594 1926 693 1967 siunt,
724 1927 823 1971 recipi
852 1933 976 1971 potestf,

239 1981 493 2015 contradictores
510 1991 733 2025 quoscumque
750 1992 808 2025 per
828 1992 980 2015 censuras

239 2041 270 2068 et
294 2045 414 2079 poenas
435 2034 682 2074 ecclesiasticas,
707 2034 834 2078 aliaque
855 2045 977 2079 oppor-

241 2094 318 2122 tuna
338 2088 416 2122 iuris
437 2094 467 2122 ct
491 2089 564 2122 sacti
585 2088 740 2129 remedia,
764 2089 980 2132 appellatione

238 2142 428 2186 postposita,
457 2142 712 2185 compescendo;

285 2196 300 2239 ξ
324 2195 354 2228 3.
383 2196 452 2228 Non
481 2195 682 2229 obstantibus
714 2195 916 2239 praemissis.
952 2202 981 2229 et

240 2249 406 2293 quibusvis
422 2248 601 2293 praetensis
622 2249 746 2282 statutis
764 2255 794 2282 et
812 2255 982 2282 consuetu-

241 2302 381 2343 dinibus,
399 2302 494 2335 etiam
516 2302 712 2342 iuramento,
736 2302 981 2336 confirmatione

241 2356 428 2400 apostolica,
452 2357 499 2389 vel
521 2355 632 2399 quavis
654 2355 806 2388 firmitate
834 2356 895 2389 alia
924 2366 979 2389 ro-

242 2409 386 2451 boratis,
408 2410 609 2453 caeterisque
641 2409 810 2442 contrariis
842 2409 979 2453 quibus-

242 2473 392 2507 cumque.
416 2463 496 2503 Quia
520 2474 596 2497 vcro
618 2463 750 2496 dislicile
777 2464 855 2496 l'oret
883 2474 978 2507 prae-

242 2523 346 2551 sentes
364 2518 486 2551 litteras
510 2518 551 2551 ad
573 2517 699 2560 singula
720 2517 809 2557 loca,
833 2518 872 2550 ad
900 2528 982 2561 quae

242 2580 323 2615 opus
343 2577 436 2612 esset,
460 2571 591 2612 deferri,
615 2571 763 2605 volumus
783 2577 811 2604 ct
834 2581 983 2615 praesen-

244 2625 321 2657 tium
355 2626 544 2659 auctoritate
572 2625 788 2667 ‹let-erminus,
816 2631 847 2658 ut
871 2636 982 2659 earum

1674 201 1709 233 61

1006 260 1227 304 transumptis,
1247 263 1343 294 etiam
1366 259 1541 304 impressis,
1566 269 1664 292 manu
1684 259 1745 292 ali-

1005 312 1095 345 cuius
1115 313 1233 346 notarii
1265 313 1386 357 publici
1418 313 1626 357 subscriptiS,
1650 318 1680 346 et
1700 312 1745 346 si-

1005 365 1082 407 gillo
1102 376 1260 409 personae
1287 367 1317 399 in
1346 366 1561 401 ecclesiastica
1593 365 1748 409 dignitate

1005 419 1198 452 constitutae
1219 420 1362 459 munitis,
1380 421 1507 460 eadem,
1524 420 1555 453 in
1576 419 1698 453 iudicio
1719 425 1749 452 et

1006 478 1105 512 extra,
1120 472 1199 506 sides
1212 473 1333 517 ubique
1347 473 1515 511 habeatur,
1529 484 1612 518 quae
1626 473 1748 506 eisdem

1006 526 1229 569 praesentibus
1266 527 1451 565 haberetur,
1479 527 1504 560 si
1529 533 1633 561 essent
1655 527 1745 560 exhi-

1007 579 1092 613 bitae
1116 581 1165 614 vel
1183 587 1341 614 ostensae.

1051 635 1165 668 Datum
1198 635 1319 668 Romae
1350 635 1436 679 aqud
1465 635 1495 668 S.
1524 635 1654 668 Petrum
1689 634 1748 668 sub

1007 687 1128 720 annulo
1145 687 1316 721 Piscatoris
1335 688 1385 721 die
1398 698 1462 721 xv11
1481 688 1665 721 novembris
1679 688 1750 720 mil-

1008 741 1121 775 lesimo
1142 741 1374 775 sexcentesimo
1406 742 1520 783 tertio,
1545 741 1750 785 pontificatus

1008 795 1109 829 nostri
1129 805 1215 828 anno
1236 805 1291 828 xli.

1044 858 1102 885 Dat.
1124 858 1167 885 die
1190 858 1220 885 17
1241 857 1396 885 novembris
1415 858 1491 890 ¹603,
1514 859 1606 894 pontis.
1626 867 1668 885 au.
1686 864 1730 885 ΧΠ.

1279 1036 1474 1071 CCCXXXI'I.

1173 1144 1211 1178 In
1239 1145 1318 1178 idem
1347 1149 1588 1187 arffumentum.

1190 1244 1345 1275 Clemens
1367 1244 1459 1285 Papa
1474 1244 1571 1280 VIII,

1136 1299 1173 1326 ad
1193 1302 1371 1333 perpetuam
1391 1299 1435 1326 rei
1456 1299 1635 1327 memoriam.

1055 1389 1239 1433 Expositum
1261 1388 1354 1422 nobis
1374 1399 1478 1432 nuper
1498 1388 1566 1429 suit,
1591 1398 1650 1432 pro
1668 1394 1756 1432 parte
1773 1398 1956 1434 rratresmipores

1011 1443 1203 1476 dilectorum
1230 1442 1372 1476 liliorum
1395 1442 1543 1475 Matthaei
1565 1443 1604 1475 de
1618 1442 1756 1476 Recalde
1772 1425 1955 1477 glingiiifjiiffliss

1772 1484 1842 1504 supra,
1857 1478 1956 1502 referunt,

1010 1496 1293 1530 vicecommissarii
1310 1523 1317 1535 ,
1350 1505 1476 1528 necnon
1508 1495 1755 1539 provincialium

1013 1551 1109 1584 totius
1122 1550 1250 1584 Ordinis
1264 1550 1398 1582 fratrum
1414 1549 1443 1582 S.
1462 1549 1622 1582 Francisci
1642 1549 1680 1582 de
1695 1549 1756 1582 Ob-

1011 1603 1170 1638 servantia
1196 1603 1360 1636 Indiarum
1382 1602 1650 1643 Occidentalium,
1668 1603 1754 1645 quod

1013 1663 1154 1691 rectores
1175 1657 1412 1701 parochialium
1432 1656 1638 1689 ecclesiarum
1653 1656 1758 1689 India-

1012 1722 1083 1744 rum
1099 1711 1161 1744 iam
1177 1710 1304 1754 pridem
1320 1710 1406 1743 hune
1420 1710 1557 1743 abusum
1572 1709 1757 1743 introduxe-

1013 1770 1098 1805 runt,
1122 1764 1283 1805 videlicet,
1304 1764 1391 1807 quod
1419 1764 1639 1807 eleemosynas
1657 1763 1757 1808 duplo

1014 1819 1153 1852 maiores
1174 1818 1213 1851 ab
1233 1818 1269 1851 iis
1283 1817 1338 1862 qui
1363 1817 1395 1850 in
1421 1817 1564 1851 ecclesiis
1583 1817 1755 1851 domorum

1014 1872 1157 1906 eiusdem
1183 1871 1312 1905 Ordinis
1334 1872 1364 1905 S.
1390 1871 1552 1905 Francisci
1578 1872 1618 1905 de
1637 1871 1756 1905 Obser-

1014 1926 1130 1966 vantia,
1154 1935 1252 1969 quam
1268 1925 1323 1969 qui
1342 1925 1373 1957 in
1391 1924 1635 1969 parochialibus
1649 1925 1759 1958 huius-

1016 1979 1103 2013 modi
1133 1979 1345 2023 sepeliuntur,
1370 1978 1497 2021 exigere
1526 1989 1756 2022 praesumpse-

1015 2039 1101 2073 runt,
1116 2040 1158 2073 et,
1178 2038 1211 2066 ut
1232 2033 1360 2073 dicitur,
1384 2032 1415 2065 in
1436 2033 1497 2065 hoc
1512 2032 1757 2066 Ordinariorum

1015 2097 1159 2127 suorum,
1175 2086 1228 2130 qui
1254 2092 1379 2129 partem
1399 2081 1676 2130 eleemosynarum
1700 2085 1759 2118 hu-

1016 2140 1155 2173 iusmodi
1187 2139 1393 2183 percipiunt,
1422 2139 1556 2173 consilio
1578 2145 1606 2172 et
1628 2149 1757 2172 assensu

1016 2193 1170 2226 nitantur.

1061 2249 1077 2289 g
1108 2247 1133 2280 1.
1161 2247 1237 2281 Cum
1264 2252 1383 2287 autem,
1412 2246 1493 2280 sicut
1520 2246 1632 2279 eadem
1655 2255 1755 2289 expo-

1016 2300 1089 2334 sitio
1109 2300 1336 2343 subiungebat,
1360 2300 1507 2344 plerique
1535 2299 1759 2333 christifideles

1018 2354 1049 2387 in
1071 2354 1229 2387 dictarum
1252 2354 1425 2387 domorum
1448 2353 1600 2393 ecclesiis,
1619 2353 1659 2386 ol)
1674 2352 1758 2385 disli-

1018 2409 1168 2442 cultatem
1189 2408 1238 2441 ius
1252 2408 1333 2441 adeo
1347 2417 1521 2441 onerosum
1541 2406 1757 2450 persolvendi,

1018 2462 1154 2506 sepelire
1174 2472 1207 2495 se
1228 2462 1332 2495 facere
1353 2471 1418 2495 non
1439 2459 1573 2504 possint,
1596 2470 1660 2504 quo
1679 2460 1712 2493 tit
1727 2465 1761 2493 ut

1018 2516 1173 2550 ecclesiae
1194 2515 1380 2549 huiusmodi
1413 2519 1616 2547 mortuorum
1646 2513 1758 2558 sepul-

1020 2569 1098 2603 turis
1113 2576 1143 2604 et
1157 2575 1394 2614 consequenter
1408 2567 1631 2612 eleemosynis,
1649 2567 1679 2601 in
1693 2567 1761 2601 dies

1021 2625 1087 2658 lieri
1110 2625 1283 2660 consuetis,
1311 2623 1547 2667 propemodum
1575 2622 1757 2665 priventur:

1763 212 1811 236 An.
1829 210 1857 236 C.
1881 210 1948 237 1603

1814 2251 1959 2276 Χωιιιηυηιηυι)

1774 2279 1813 2297 sibi
1839 2278 1885 2298 ind-¹
1908 2283 1959 2303 prsi-

1775 2311 1869 2325 manans.
