2227 3241
202 291 250 316 Αη.
267 291 296 316 (i.
319 290 382 317 1508

213 2167 386 2194 E,·1scopussata

205 2197 310 2215 inantinus
330 2194 392 2215 rClo-

206 2223 281 2241 mentis
310 2221 391 2241 litteras

205 2247 391 2273 petitcoufirmari.

429 279 492 313 :vtio

400 349 417 371 a
438 337 562 371 casibus
587 336 756 369 Ordinario
777 336 955 377 reservatis,
986 342 1017 369 et
1038 347 1055 369 a
1072 336 1141 380 qui-

400 390 533 423 busdam
560 389 668 429 eliam,
697 400 778 432 quac
805 389 908 422 dictae
934 389 1007 423 Sodi
1033 400 1137 423 rescr-

400 449 469 475 vata
487 447 575 482 sunt,
597 441 748 484 lleligiosi
768 441 843 475 dicti
861 441 998 483 Ordinis,
1020 452 1075 475 seu
1093 452 1143 475 eo-

400 506 471 527 rum
494 494 653 531 nonnulli,
682 494 777 527 etiam
804 494 841 527 iis
865 494 1071 528 facultatibus
1096 494 1142 527 uti

400 546 662 590 praesumebant,
687 552 717 579 et
743 545 871 579 illorum
898 552 1064 590 praetextu
1085 547 1140 580 eli-

400 599 519 642 gebant
552 599 767 633 consessorem
806 599 981 643 aliquando
1016 606 1143 644 praeter

401 663 473 693 eos,
501 652 554 696 qui
577 663 594 685 a
616 652 680 685 suis
707 652 858 696 praelatis
879 643 990 686 eorum
1013 653 1139 686 conses-

400 705 543 739 sionibus
569 705 737 739 audiendis
763 705 903 750 deputati
930 712 1036 747 erant,
1056 706 1142 750 quod

401 759 575 804 aliquando
601 759 633 792 in
658 754 825 804 spirituale
853 770 964 793 eorum
993 760 1144 802 vergebat

401 812 651 853 detrimentum,
685 813 789 846 dictus
824 813 969 846 Clemens
1000 813 1140 856 praede-

402 876 518 907 cessor,
539 865 683 899 eiusdem
710 866 828 909 prioris
853 865 1143 910 supplicationibus

402 919 496 952 etiam
531 929 565 952 ex
591 924 666 952 tunc
698 918 758 951 sibi
791 919 957 952 humiliter
987 919 1144 962 porrectis

401 971 584 1012 inclinatus,
600 982 658 1016 per
675 982 747 1005 suas
761 971 793 1004 in
807 971 903 1005 simili
921 972 1023 1005 forma
1036 971 1144 1005 Brevis

402 1024 564 1068 expeditas
585 1024 704 1058 litteras
718 1052 726 1066 ,
752 1024 992 1058 concessionem
1015 1030 1143 1058 sanctae

402 1077 567 1118 cruciatae
584 1083 615 1110 ct
632 1077 768 1111 aliorum
787 1077 986 1111 indultorum
1004 1078 1144 1122 particu-

402 1130 530 1171 larium,
554 1136 710 1174 quantum
736 1131 775 1163 ad
800 1130 1001 1175 praedictum
1026 1130 1143 1163 articu-

404 1185 468 1217 lum
493 1184 631 1227 eligendi
653 1185 879 1218 confessarium
902 1190 932 1218 et
957 1184 1142 1218 absolvendi

404 1250 421 1271 a
439 1238 563 1271 casibus
584 1238 752 1272 reservatis
773 1249 844 1271 cum
872 1237 1024 1271 fratribus
1044 1243 1072 1271 et
1092 1249 1143 1271 so-

404 1293 531 1327 roribus
553 1292 747 1325 monialibus
767 1291 895 1325 Ordinis
926 1291 1082 1335 praedicti
1108 1302 1145 1325 ac

404 1346 541 1380 aliorum
586 1356 867 1390 quorumcumque
907 1344 1066 1380 Ordinum
1109 1356 1144 1378 ac

404 1401 693 1444 Congregationum
717 1400 855 1434 cuiusvis
876 1400 1032 1443 instituti,
1057 1401 1143 1434 Men-

405 1455 579 1489 dicantium
614 1460 643 1488 ct
674 1464 738 1487 non
770 1454 1043 1493 Mendieantium,
1080 1460 1143 1488 tam

404 1509 588 1554 provinciae
614 1508 783 1553 llispaniae
799 1535 806 1548 ,
836 1518 932 1552 quam
965 1513 1052 1542 extra
1073 1519 1143 1542 eam

405 1563 539 1597 ubilibet
557 1561 719 1596 locorum⁴
742 1562 875 1596 minime
892 1562 1022 1603 babere,
1040 1573 1144 1607 neque

404 1616 540 1657 censeri,
556 1616 611 1650 sed
632 1626 708 1649 suae
728 1616 914 1649 intentionis
935 1616 1040 1658 fuisse,
1058 1618 1143 1662 quod

404 1671 501 1704 iidem
528 1670 643 1703 fratres
668 1676 697 1703 et
723 1669 899 1709 moniales,
927 1676 1083 1714 quantum
1105 1671 1144 1704 ad

404 1729 641 1757 sacramentum
667 1718 901 1767 poenitentiae,
930 1734 984 1757 seu
1014 1725 1141 1758 conses-

404 1778 503 1811 sionis
517 1777 841 1818 administrationem,
859 1777 1062 1822 dispositioni
1076 1788 1145 1812 suo-

404 1841 475 1864 rum
506 1831 724 1875 praelatorum
751 1830 883 1863 subiecti
910 1836 1032 1872 essent,
1064 1842 1145 1875 per-

404 1890 501 1928 petuo
518 1883 705 1917 declaravit:
728 1883 840 1917 iisdem
862 1889 967 1917 tamen
983 1884 1146 1928 praelatis,

405 1943 439 1970 ut
463 1937 495 1970 in
524 1948 583 1970 usu
604 1937 790 1970 huiusmodi
821 1937 987 1982 potestatis
1019 1948 1052 1971 se
1073 1948 1144 1971 cum

405 1991 541 2025 subditis
567 1991 675 2024 faciles
699 1996 730 2024 et
754 1991 910 2034 benignos
935 1991 1142 2033 exhiberent,

406 2046 570 2090 praecepit
601 2051 630 2079 ct
656 2046 838 2087 mandavit,
866 2051 962 2090 prout
994 2046 1026 2078 in
1056 2045 1147 2079 dictis

408 2100 520 2133 litteris
540 2099 666 2144 plenius
687 2099 900 2133 continetur?

452 2156 468 2197 ξ
487 2153 516 2187 2.
538 2154 614 2188 Cum
629 2159 746 2194 autem,
768 2153 849 2187 sicut
863 2153 955 2187 nobis
976 2163 1079 2198 nuper
1095 2163 1148 2187 no-

408 2208 493 2242 mine
507 2208 697 2242 venerabilis
719 2208 824 2241 fratris
838 2207 989 2258 Ludovici
1006 2207 1147 2252 episcopi

408 2261 617 2296 Salamantini
639 2261 816 2306 expositum
839 2261 909 2302 suit,
930 2271 988 2306 pro
1010 2261 1150 2295 declara-

409 2315 504 2349 tionis
529 2328 565 2349 ac
590 2316 754 2360 praecepti
776 2321 807 2349 et
837 2316 979 2350 mandati
1004 2326 1064 2349 nec
1083 2326 1148 2349 non

408 2369 586 2403 litterarum
609 2369 847 2414 praedictarum
876 2369 1013 2403 firmiori
1039 2369 1144 2404 subsi-

407 2423 520 2457 stentia
541 2423 717 2468 plurimum
737 2423 894 2467 expediat,
916 2423 985 2457 illas
1008 2435 1066 2469 per
1091 2434 1149 2458 nos

443 2521 455 2547 1
478 2520 519 2548 Sic
535 2520 588 2548 fert
602 2520 666 2548 edit.
684 2520 778 2552 Main„
790 2524 817 2547 at
827 2520 917 2548 forsan
928 2520 1148 2557 interpunctione

407 2567 507 2592 mutata
529 2565 623 2593 locum
643 2573 691 2601 pro
711 2566 840 2592 locorum
863 2565 954 2600 legere
973 2569 1079 2601 oportet
1099 2566 1150 2595 hoc

407 2610 497 2644 modo;
511 2619 600 2646 quam
611 2613 695 2639 emera
708 2618 770 2638 eam
783 2610 911 2646 ubilibet,
924 2611 1015 2639 locum
1026 2612 1150 2641 minime

408 2654 523 2689 habere,
543 2657 595 2682 etc.
615 2656 652 2690 (a.
670 2655 717 2689 Τ.).

444 2698 460 2725 2
479 2697 549 2729 Quas
569 2698 653 2727 habes
673 2699 700 2727 in
721 2703 785 2728 tom.
801 2707 819 2728 x
838 2707 900 2736 pag.
917 2698 968 2728 549
983 2701 1023 2736 (a.
1039 2700 1087 2735 τ.).

983 289 1167 314 BULLARIUM
1189 290 1342 314 ROMANUM

1174 337 1346 381 approbari
1369 345 1399 371 et
1419 338 1625 380 confirmari,
1653 339 1726 373 ideo
1743 340 1835 374 nobis
1856 340 1913 374 liu-

1176 390 1293 424 militer
1320 391 1495 435 supplicari
1525 391 1620 433 fecit,
1651 397 1685 426 ut
1712 392 1743 425 in
1765 393 1915 436 praemis·

1174 443 1215 477 sis
1246 450 1428 487 opportune
1454 445 1624 488 providere
1655 445 1694 478 de
1718 445 1915 489 benignitate

1175 497 1351 541 apostolica
1376 497 1596 540 dignaremur.

1221 554 1236 591 ξ
1257 548 1286 582 3.
1316 549 1379 582 Nos
1405 549 1512 592 igitur,
1541 550 1594 593 qui
1620 560 1830 594 personarum
1856 552 1915 585 sub
1939 567 2113 588 cunnnnatrau-
2149 564 2162 576 ··
2178 570 2185 585 ι

1176 602 1349 646 Religionis
1363 603 1608 646 iugoAltissimo
1622 604 1844 637 famulantium
1859 611 1916 638 sta·
1929 594 1949 614 ¹¹¹

1177 656 1221 689 tui
1246 662 1277 689 et
1304 656 1424 690 salubri
1446 656 1617 690 directioni
1639 657 1777 691 libenter
1801 668 1916 692 consu-

1176 709 1282 751 limus,
1311 715 1340 743 et
1364 720 1421 754 per
1441 710 1602 743 Romanos
1627 710 1798 744 Pontifices
1817 721 1914 755 prae-

1176 763 1360 796 decessores
1380 768 1507 796 nostros
1533 762 1666 807 provide
1691 763 1863 808 disposita,
1884 770 1919 798 ut

1177 815 1403 849 inviolabiliter
1430 816 1658 858 observentur,
1689 827 1803 850 curare
1824 822 1915 851 tene-

1178 879 1260 908 mur,
1281 868 1438 902 dictarum
1460 869 1638 903 litterarum
1669 875 1795 903 tenores
1823 880 1919 914 prae·

1177 921 1319 955 sentibus
1339 932 1398 966 pro
1424 923 1580 966 expressis
1611 922 1783 964 babentes,
1812 923 1917 957 decla-

1177 974 1333 1008 rationem
1353 981 1382 1008 et
1396 975 1517 1010 litteras
1530 976 1722 1020 praedictas,
1743 975 1918 1021 apostolica

1177 1027 1380 1070 auctoritate,
1406 1034 1515 1062 tenore
1535 1029 1753 1073 praesentium
1767 1057 1774 1070 ,
1797 1039 1916 1074 perpe-

1179 1087 1230 1115 tuo
1249 1081 1479 1116 confirmamus
1497 1088 1527 1116 et
1544 1083 1773 1127 approbamus,
1791 1083 1919 1128 illisque

1177 1140 1353 1179 perpetuae
1374 1140 1405 1168 et
1430 1135 1623 1169 inviolabilis
1649 1136 1846 1180 apostolicae
1862 1136 1918 1169 sn·-

1178 1187 1295 1222 mitatis
1317 1188 1417 1222 robur
1436 1188 1617 1230 adiicimus,
1643 1199 1680 1222 ac
1700 1189 1739 1222 ab
1758 1189 1829 1223 aliis
1851 1200 1918 1223 mo-

1178 1241 1289 1274 nachis
1314 1247 1343 1274 et
1369 1241 1518 1275 fratribus
1546 1252 1583 1275 ac
1610 1241 1804 1276 monialibus
1828 1253 1920 1286 prae-

1178 1294 1252 1328 dicti
1279 1300 1309 1328 et
1336 1295 1524 1339 quorumvis
1550 1295 1686 1329 aliorum
1706 1295 1862 1329 Ordinum
1889 1302 1920 1330 ct

1178 1347 1470 1390 Congregationum
1486 1348 1624 1382 cuiusvis
1645 1348 1789 1392 instituti,
1804 1350 1919 1383 Mendi-

1178 1402 1318 1435 cantium
1338 1407 1367 1435 et
1388 1412 1453 1435 non
1478 1402 1739 1444 Mendicantium,
1763 1409 1824 1437 tam
1845 1415 1920 1448 pro-

1179 1455 1300 1488 vinciae
1326 1455 1508 1499 Hispaniae,
1533 1466 1628 1500 quam
1651 1462 1737 1490 extra
1763 1467 1846 1498 eam,
1874 1457 1921 1490 in-

1179 1509 1546 1543 violabiliterobservari
1568 1509 1716 1544 similiter
1730 1510 1921 1544 mandamus

1179 1569 1210 1596 et
1230 1563 1456 1607 praecipimus.

1223 1619 1239 1660 g
1260 1617 1290 1650 4.
1312 1618 1381 1650 Non
1399 1611 1601 1658 obstantibus
1621 1618 1917 1661 constitutionibus,
1961 1661 1966 1666 Ι

1179 1676 1209 1704 et
1230 1670 1488 1704 ordinationibus
1519 1671 1726 1715 apostolicis,
1757 1683 1794 1705 ac
1822 1683 1917 1717 prae-

1180 1725 1255 1758 dicti
1285 1731 1313 1758 et
1347 1724 1536 1769 quorumvis
1568 1725 1706 1758 aliorum
1739 1725 1918 1768 Ordinum,

1180 1779 1276 1812 etiam
1302 1778 1493 1818 iuramento,
1518 1777 1764 1813 confirmatione
1789 1786 1920 1824 aposto-

1181 1831 1251 1872 lica,
1275 1831 1321 1865 vel
1348 1831 1458 1876 quavis
1482 1832 1634 1865 firmitate
1658 1831 1719 1865 alia
1745 1832 1917 1874 roboratis,

1180 1885 1305 1919 statutis
1334 1891 1365 1919 et
1393 1884 1701 1927 consuetudinibus,
1722 1885 1921 1931 caeterisque

1181 1939 1350 1973 contrariis
1371 1939 1641 1984 quibuscumque.

1226 1995 1242 2036 ἕ
1268 1992 1298 2026 5.
1329 1992 1482 2027 Volumus
1508 1999 1677 2038 autemut
1701 1993 1919 2038 praesentium

1182 2047 1404 2091 transumptis,
1426 2047 1522 2084 etiam
1548 2047 1722 2092 impressis,
1747 2058 1844 2081 manu
1864 2048 1922 2081 ali-

1182 2102 1272 2136 cuius
1289 2101 1406 2135 notarii
1421 2101 1542 2146 publici
1560 2100 1758 2145 subscriptis,
1775 2101 1921 2145 etsigillo

1182 2155 1317 2188 alicuius
1338 2164 1496 2199 personae
1520 2154 1552 2187 in
1577 2154 1732 2197 dignitate
1757 2154 1923 2188 ecelesias-

1184 2209 1244 2243 tica
1270 2208 1463 2242 constitutae
1489 2208 1630 2249 munitis,
1655 2208 1765 2242 eadem
1791 2218 1923 2252 prorsus

1185 2262 1265 2296 tides
1277 2261 1486 2303 adhibeatur,
1504 2271 1586 2306 quae
1599 2261 1821 2305 praesentibus
1834 2261 1924 2294 adbi-

1183 2316 1324 2357 beretur,
1342 2315 1368 2349 si
1388 2314 1663 2349 sorentexhibitae
1689 2314 1736 2348 vel
1762 2319 1920 2349 ostensae.

1227 2370 1342 2404 Datum
1364 2369 1484 2403 Romae
1505 2368 1590 2414 apud
1610 2373 1756 2402 sanctum
1777 2369 1920 2410 Petrum,

1184 2423 1242 2457 sub
1269 2423 1388 2457 annulo
1417 2422 1607 2463 Piscatoris‚
1631 2422 1681 2456 die
1698 2432 1775 2456 .xx1v
1795 2421 1923 2455 decem-

1184 2477 1250 2511 bris
1263 2487 1398 2518 Mbcvm,
1414 2476 1621 2521 pontificatus
1634 2475 1735 2510 nostri
1754 2485 1838 2509 anno
1856 2486 1898 2510 lv.

1220 2539 1278 2568 Dat.
1295 2539 1337 2567 die
1353 2540 1388 2567 24
1402 2539 1555 2567 decembris
1569 2539 1646 2571 1608,
1662 2538 1755 2574 pontif.
1772 2546 1817 2566 an.
1834 2545 1869 2565 iv.

1928 293 1982 319 An.
1999 293 2027 320 c.
2043 293 2112 321 1603
2159 276 2173 313 >³
2196 276 2197 282 ’

1945 1645 1948 1648 ⁴
1958 1617 2070 1639 Obstantia
2081 1617 2120 1639 tot-

1976 1991 2122 2018 'transumptis
2162 1991 2179 2010 -’
2190 1974 2195 1979 -

1936 2018 1993 2040 credi
2009 2018 2074 2039 iubet.
2196 2019 2198 2023 ’

2220 3081 2227 3238 .»...4..---.
2222 3033 2227 3072 st..
2223 2997 2227 3024 ..-
