2227 3241
69 235 117 262 An.
131 233 159 261 C.
183 233 252 261 1610

271 494 378 538 pimus
398 499 428 528 et
448 494 650 528 mandamus.

97 566 257 588 mammaeae.
317 548 332 592 ἓ
356 547 386 581 4.
414 547 484 581 Non
515 542 717 581 obstantibus
746 546 953 591 praemissis,
982 552 1013 580 et

272 600 423 634 omnibus
447 600 520 641 illis,
544 600 627 644 q'uae
647 600 732 634 idem
753 598 901 633 Clemens
921 610 1012 643 prae-

272 654 421 688 decessor
441 653 533 687 dictis
559 653 591 686 in
615 652 729 687 litteris
749 652 850 686 voluit
870 662 935 686 non
957 653 1013 686 ob-

270 712 366 748 stare,
392 706 592 750 caeterisque
612 705 781 739 contrariis
801 705 1012 748 quibuscum-

271 770 344 804 que.
360 759 516 793 Volumus
534 765 654 801 tamen,
674 759 762 803 quod
779 758 1010 802 indulgentiae,

270 818 477 857 peccatorum
497 812 724 853 remissiones,
748 812 869 855 gratiae
895 818 926 846 et
948 812 1014 857 pri-

259 865 385 909 vilegia
405 876 464 910 per
488 865 609 899 dictum
631 861 808 910 capitulum
834 871 864 899 et
882 866 1014 900 canoni-

272 929 326 953 cos
349 919 714 962 Lateranenses.vigore
743 919 943 953 indultorum
969 920 1014 954 eis

273 983 290 1005 a
311 972 393 1006 Sede
411 971 576 1016 praedicta
601 982 829 1006 concessorum
850 973 1014 1017 quibusvis

272 1025 431 1066 eeclesiis,
466 1025 616 1070 capellis,
651 1026 822 1067 altaribus,
853 1026 1013 1068 oratoriis,

274 1086 305 1114 et
329 1080 408 1114 locis
432 1080 494 1125 piis
519 1080 673 1115 hactenus
698 1091 850 1115 concessa
870 1087 900 1115 et
920 1092 1011 1116 com-

274 1133 436 1167 municata
460 1134 493 1167 in
517 1144 576 1168 suo
601 1134 719 1168 robore
744 1141 967 1180 permaneant3

108 1208 258 1235 Transumpto-
318 1188 334 1230 g
349 1186 378 1220 5.
389 1187 546 1231 Quodque
559 1188 777 1232 praesentium
796 1188 1016 1233 transumptis,

274 1241 371 1275 etiam
396 1241 583 1286 impressis,
612 1252 711 1276 manu
742 1242 876 1276 alicuius
901 1243 1016 1277 notarii

274 1295 396 1341 publici
414 1295 613 1340 subscriptis,
634 1300 665 1329 et
681 1295 785 1339 sigillo
805 1306 964 1340 personae
985 1296 1016 1330 in

275 1350 432 1393 dignitate
455 1348 669 1383 ecclesiastica
698 1349 890 1383 constitutae
914 1350 1017 1384 muni-

277 1404 324 1446 tis,
340 1405 451 1438 eadem
469 1414 603 1447 prorsus
621 1403 700 1438 fides
719 1403 1018 1448 adliibeatu1¹‚quae

274 1457 497 1503 praesentibus
517 1457 736 1498 adhiberetur,
762 1458 786 1491 si
806 1459 911 1492 forent
932 1458 1017 1491 exhi-

72 594 201 620 rogator-iae.

74 1241 119 1256 rum
135 1235 195 1256 sides.

276 1512 361 1546 bitae
381 1512 429 1545 vel
451 1517 607 1545 ostensae.

319 1566 432 1599 Datum
460 1566 581 1599 Romae
606 1566 691 1610 apud
717 1566 746 1600 S.
776 1566 914 1608 Petrum,
937 1572 1013 1607 eto,

275 1629 309 1653 111
330 1618 513 1652 novembris
531 1628 626 1660 nncx,
648 1630 732 1653 anno
751 1630 791 1654 vr

310 1680 367 1708 Dat.
389 1681 432 1708 die
452 1681 467 1709 3
487 1681 644 1709 novembris
667 1682 743 1717 1610,
766 1682 861 1718 pontif.
883 1691 928 1710 an.
950 1689 984 1710 r1.

583 1868 690 1902 CLXV.

277 1992 523 2036 Confirmantttr
536 1992 780 2026 constitutiones
794 1992 929 2037 Colleyiz‘
942 1993 1018 2026 Bor-

320 2046 443 2079 ¹romaei
452 2046 627 2090 Papieusis
641 2057 661 2078 ct
672 2045 840 2079 Friderico
853 2046 1020 2079 cardinali

322 2101 516 2134 Borromaeo
533 2104 689 2133 correctae
710 2104 738 2133 et
756 2100 791 2133 in
808 2099 952 2133 votmnen
971 2111 1019 2133 rc-

322 2154 434 2188 stactae
443 2152 462 2186 ⁴.

517 2262 628 2289 Paulus
649 2262 726 2296 Papa
750 2261 778 2293 V,

405 2316 439 2343 ad
460 2319 635 2351 perpetuam
655 2316 697 2343 rei
718 2315 897 2343 memoriam.

107 2434 264 2456 sixtusvcon-
325 2424 341 2465 ξ
371 2422 397 2455 1.
422 2422 506 2456 Alias
532 2422 632 2456 felicis
658 2423 890 2457 recordationis
916 2423 1021 2457 Sixtus

81 2461 267 2482 stitutioneseolte-

81 2488 109 2514 gn
157 2488 266 2514 ramensis
282 2477 412 2521 Papa‚V
426 2477 655 2521 praedecessor
675 2483 794 2517 noster,
818 2478 1022 2522 supplicatio-

81 2514 219 2536 confirmavit.

915 231 1034 256 munus
1054 231 1072 254 v
1092 231 1142 255 PP.
1687 217 1753 252 655

269 292 306 315 ac
336 280 361 315 si
395 290 508 314 eorum
541 290 689 325 expressa
715 279 837 313 mentio
862 279 894 312 in
920 279 1012 313 dictis

270 334 383 368 litteris
401 334 482 368 facta
503 339 602 375 esset,
623 334 786 378 perpetuis
803 333 916 367 suturis
937 339 1013 366 tem-

270 388 425 432 poribus,
456 388 516 421 sub
540 387 654 432 poenis
687 387 718 420 in
750 387 871 421 eisdem
898 386 1012 420 litteris

272 440 441 482 contentis,
465 440 691 474 inviolabiliter
710 439 873 474 observari
890 439 1011 484 praeci-

1045 283 1174 312 sanctae
1188 278 1303 312 Mariae
1317 277 1514 320 Angelorum
1529 275 1708 321 presbyteri
1722 286 1788 309 car-

1046 331 1162 365 dinalis
1176 331 1362 365 Borromaei
1376 329 1565 375 nuncupati,
1585 336 1660 363 tunc
1680 329 1712 362 in
1734 329 1788 362 mi-

1045 386 1179 419 noribus
1200 386 1375 427 constituti,
1395 396 1431 419 ac
1448 385 1574 427 collegii
1595 384 1690 418 etiam
1710 384 1788 418 Bor—

1046 438 1167 472 romaei
1203 438 1378 483 nuncupati
1415 438 1445 471 in
1483 438 1609 471 civitate
1639 436 1787 482 Papiensi

1047 492 1145 525 erecti
1163 492 1443 533 administratoris,
1464 491 1647 532 inclinatus,
1671 489 1788 524 eonsti-

1047 544 1186 579 tutiones
1204 551 1234 578 et
1251 545 1471 579 ordinationes
1488 555 1547 589 pro
1566 543 1642 578 dicti
1661 543 1786 587 collegii

1048 604 1135 632 recte
1164 598 1417 641 administrandi
1439 597 1705 641 gubernandique
1736 608 1787 630 ra-

1049 652 1133 685 tione
1158 651 1243 685 iuxta
1269 659 1408 685 mentem
1435 657 1465 685 et
1490 652 1685 685 voluntatem
1713 651 1783 694 glo-

1048 705 1150 738 riosae
1177 705 1353 739 memoriae
1378 705 1480 739 sancti
1498 704 1613 744 Caroli,
1642 714 1746 748 nuper
1770 714 1787 736 a

1048 759 1140 792 nobis
1160 759 1410 802 suffragantibus
1428 758 1495 792 eius
1517 757 1640 791 meritis
1660 758 1699 791 ad
1720 768 1788 791 om-

1049 812 1224 856 nipotentis
1243 812 1299 846 Dei
1320 812 1447 845 laudem
1474 817 1503 845 et
1525 811 1705 845 Catholicae
1724 811 1785 844 Ec—

1049 865 1163 899 clesiae
1181 865 1405 898 exaltationem
1424 874 1561 898 numero
1576 869 1606 897 et
1619 863 1788 907 cathalogo

1049 919 1239 953 Sanctorum
1261 919 1426 963 adscripti,
1450 918 1549 963 ipsius
1569 917 1695 960 collegii
1716 918 1788 951 sun-

1050 972 1170 1006 datoris
1196 973 1296 1006 editas
1329 978 1486 1017 perpetuo
1522 971 1725 1005 confirmavit
1759 978 1789 1005 et

1050 1026 1239 1070 approbavit
1255 1053 1262 1066 ‚
1283 1031 1314 1059 et
1333 1036 1391 1070 per
1411 1025 1510 1070 ipsius
1534 1024 1660 1067 collegii
1681 1024 1786 1057 admi-

1050 1080 1255 1113 nistratorem
1272 1108 1279 1121 ‚
1315 1085 1473 1113 rectorem
1489 1106 1496 1120 ,
1525 1084 1554 1112 et
1580 1078 1762 1121 collegiales
1781 1105 1787 1119 ‚

1050 1133 1192 1178 aliasque
1218 1133 1294 1166 dicti
1324 1132 1451 1176 collegii
1479 1142 1634 1177 personas
1661 1137 1735 1164 tunc
1761 1136 1792 1164 et

1050 1197 1109 1231 pro
1131 1179 1475 1231 tempore'existentes
1502 1185 1665 1219 observari
1695 1195 1788 1218 man-

1051 1241 1146 1282 davit,
1160 1248 1255 1286 prout
1276 1241 1307 1273 in
1326 1240 1423 1285 ipsius
1441 1240 1517 1274 Sixti
1536 1240 1792 1284 praedecessoris

1051 1295 1167 1329 litteris
1194 1296 1225 1328 in
1251 1295 1347 1329 simili
1374 1296 1477 1328 forma
1503 1295 1611 1328 Brevis
1636 1294 1792 1339 expeditis

1052 1350 1177 1394 plenius
1198 1349 1410 1384 continetur¹.

1096 1406 1110 1449 g
1131 1404 1160 1438 -2,
1185 1405 1262 1438 (luni
1292 1411 1398 1438 autent
1414 1432 1422 1445 ‚
1446 1404 1527 1437 sicut
1556 1404 1659 1438 dictus
1684 1405 1792 1438 Fride-

1052 1459 1136 1492 ricus
1167 1458 1339 1491 cardinalis
1369 1457 1462 1491 nobis
1494 1468 1597 1501 nuper
1622 1458 1788 1502 exposuit,

1052 1512 1226 1545 nonnullae
1262 1523 1299 1545 ex
1335 1511 1426 1544 dictis
1452 1511 1734 1545 constitutionibus
1760 1518 1791 1545 et

1052 1565 1322 1603 ordinationiljnts,
1345 1564 1509 1598 utiliteret
1523 1564 1696 1598 salubriter
1718 1571 1792 1598 tunc

1052 1619 1167 1659 editae,
1193 1624 1373 1662 temporum
1398 1618 1547 1651 varietate
1569 1624 1599 1651 et
1619 1629 1727 1652 rerum
1748 1618 1792 1651 vi-

1052 1670 1237 1705 cissitudine
1268 1671 1312 1704 sic
1343 1671 1542 1714 exigentibus
1563 1677 1739 1713 correctae,
1763 1677 1794 1705 et

1052 1725 1133 1759 aliae
1159 1725 1197 1758 de
1218 1735 1300 1758 noro
1326 1725 1365 1757 de
1387 1724 1486 1768 ipsius
1507 1725 1662 1758 Friderici
1684 1725 1790 1759 cardi-

1052 1778 1134 1811 nalis
1153 1778 1305 1811 mandato
1323 1778 1460 1820 additae,
1477 1778 1507 1811 in
1526 1789 1625 1812 unum
1643 1779 1794 1813 volumen

1052 1832 1266 1876 compilatae,
1294 1832 1415 1865 revisae
1445 1838 1476 1865 et
1504 1833 1701 1876 approbatae
1725 1833 1792 1866 sue-

1052 1886 1126 1927 rint3
1139 1886 1311 1930 cupiatque
1330 1885 1414 1919 idem
1428 1886 1610 1925 Fridericus
1624 1887 1794 1921 cardinalis

1053 1940 1297 1973 constitutiones
1318 1945 1349 1973 et
1369 1940 1588 1974 ordinationes
1606 1941 1793 1975 huiusmodi

1052 1993 1096 2026 sic
1115 1999 1286 2033 correctas,
1302 1993 1496 2034 immutatas⁷
1510 1995 1549 2027 de
1564 2005 1645 2028 novo
1660 1995 1794 2036 additas,

1052 2047 1169 2080 revisas
1191 2053 1220 2079 ct.
1241 2047 1434 2091 approbatas
1455 2058 1513 2091 pro
1536 2047 1662 2082 illarum
1690 2049 1793 2083 subsi-

1054 2100 1169 2134 stentia
1194 2100 1352 2141 firmiori,
1376 2112 1413 2133 ac
1438 2107 1468 2134 ut
1504 2101 1730 2137 inviolabititer
1755 2103 1794 2136 ab

1054 2153 1326 2195 administratore,
1351 2160 1485 2196 rectore,
1508 2156 1740 2198 collegialibus,
1765 2163 1793 2190 et

1055 2207 1198 2251 personis
1217 2207 1398 2252 praedictis,
1417 2208 1562 2253 aliisque,
1580 2209 1619 2242 ad
1638 2220 1718 2253 quos
1735 2222 1794 2254 pro

1056 2268 1199 2305 tempore
1225 2262 1402 2305 spectabit,
1427 2262 1655 2296 inviolabiliter
1680 2264 1791 2298 obser-

1057 2320 1312 2355 venun-,nostro
1331 2320 1361 2347 et
1383 2316 1584 2360 Apostolicac
1610 2308 1699 2351 Sedis
1727 2328 1795 2351 mu-

1056 2368 1175 2401 nimine
1214 2368 1383 2409 roborarig
1419 2369 1511 2402 nobis
1546 2370 1666 2404 idcirco
1691 2371 1794 2405 dictus

1056 2421 1237 2455 Fridericus
1259 2422 1429 2456 cardinalis
1451 2423 1616 2456 lnnnilitcr
1635 2425 1794 2468 supplica-

1056 2476 1156 2514 verit,
1180 2482 1215 2509 ut
1237 2478 1363 2510 easdem
1392 2478 1637 2512 constitutiones
1658 2485 1687 2512 et
1707 2480 1793 2513 ordi-

283 2531 377 2564 nibus
403 2531 511 2564 dilecti
544 2530 600 2563 filii
633 2531 732 2564 nostri
761 2531 911 2565 Friderici
940 2531 1021 2564 tituli
1057 2530 1200 2563 nationes
1219 2536 1389 2571 correctas,
1405 2531 1637 2572 ininiutatas‚ct
1656 2533 1693 2566 de
1713 2543 1794 2566 novo

322 2647 330 2672 1
351 2645 387 2674 Ex
402 2645 507 2684 Regest.
526 2646 551 2674 in
566 2646 666 2674 Secret.
685 2645 818 2674 Brevium.

1097 2648 1103 2672 1
1128 2646 1198 2677 Quas
1215 2645 1273 2673 vide
1290 2645 1315 2673 in
1332 2650 1395 2674 tom.
1413 2652 1460 2673 vni
1478 2653 1536 2682 pag.
1554 2645 1603 2674 837
1618 2646 1659 2681 (nr
1675 2647 1723 2673 τῆ.

1801 227 1850 254 An.
1866 227 1892 256 C.
1917 226 1984 256 1610

1834 1414 1875 1435 Eas
1885 1418 1934 1434 vero
1945 1419 1991 1434 cum

1807 1440 1947 1462 immutandas
1955 1441 1991 1460 ati·

1807 1474 1849 1494 qua
1879 1473 1902 1488 ex
1931 1468 1993 1493 parte

1807 1494 1889 1515 duxerit
1917 1494 1993 1514 cardi-

1807 1522 1859 1542 ualis
1871 1520 1992 1541 Fridericuu

1808 1548 1965 1571 Burromaeus,
