2227 3241
264 256 313 284 An.
331 256 358 284 C.
383 256 449 284 1605
494 259 521 279 *ι
539 258 549 266 ⁹

292 850 412 872 Exordium.

496 248 514 281 ks)

518 248 541 281 cc

541 248 558 281 b)

782 306 876 339 Xl'l'.

464 413 546 446 Unio
570 412 763 445 Monasterii
783 412 821 445 cle
847 413 980 447 claraco
999 413 1203 458 chnnensis

507 465 658 498 dioecesis
678 465 833 499 basilicae
857 468 962 500 sancei
977 467 1112 501 Ioannis
1140 468 1203 501 La-

509 519 688 553 teranensi's
703 519 723 552 ².

689 628 800 656 Paulus
818 628 978 663 episcopus

652 697 760 718 servus
781 698 933 719 servorum
948 692 1010 725 Dei,

587 745 623 772 ad
643 747 820 780 perpetuam
839 745 884 773 rei
904 747 1084 775 memoriam.

508 843 543 876 In
557 844 647 876 sacra
659 842 742 876 Petri
752 843 832 876 Sede
847 846 985 888 superna
996 845 1206 889 dispositione

466 896 642 937 constituti,
666 896 740 930 licet
763 897 803 930 ad
828 896 970 940 singulas
990 898 1151 940 ecclesias,
1172 905 1207 932 ut

466 949 688 994 spiritualibus
707 950 880 995 proficiant
900 951 1118 994 incrementis,
1134 963 1207 997 per-

466 1003 553 1047 vigili
567 1005 644 1038 cura
657 1004 812 1038 continuo
826 1015 884 1039 nos
898 1006 1010 1040 deceat
1024 1016 1091 1040 esse
1104 1006 1207 1040 inten-

467 1064 527 1098 tos,
544 1057 629 1092 circa
641 1058 888 1094 Lateranensem
906 1065 1010 1093 tamen
1025 1060 1204 1102 ecclesiam,

468 1122 549 1156 quae
570 1111 655 1145 inter
674 1118 816 1146 caeteras
833 1113 927 1147 Urbis
948 1119 978 1147 et
995 1113 1087 1147 Orbis
1108 1114 1209 1148 eccle-

467 1165 540 1206 sias,
559 1171 622 1199 tam
637 1165 715 1209 eius,
729 1166 821 1200 cuius
839 1167 985 1200 dedicata
999 1173 1047 1200 est
1063 1168 1206 1209 nomine,

469 1229 565 1263 quam
583 1219 775 1253 Pontificum
790 1220 955 1262 dignitate,
968 1220 1141 1265 praecipuo
1156 1221 1210 1254 de-

469 1282 543 1306 core
560 1273 707 1316 refulget,
729 1279 816 1307 tanto
836 1273 986 1318 amplius,
1007 1281 1039 1307 ut
1058 1274 1089 1307 in
1111 1276 1146 1308 ea
1164 1274 1210 1308 di-

468 1326 531 1358 vini
543 1326 647 1369 vigeat
661 1327 763 1360 cultus
774 1327 962 1371 amplitudo,
978 1338 1072 1371 quam
1085 1328 1095 1342 ²
1113 1328 1210 1372 ipsius

469 1380 624 1413 ccclesiae
649 1391 725 1413 cura
751 1387 780 1414 et
805 1380 988 1414 sollicitudo
1015 1381 1107 1414 nobis
1127 1387 1207 1414 tain-

470 1444 566 1477 quam
600 1433 667 1467 eius
699 1434 817 1468 Pastori
843 1434 1013 1478 specialius
1039 1441 1084 1467 est
1116 1445 1206 1468 com-

471 1487 577 1528 missa,
599 1487 742 1530 vigilare,
766 1493 807 1528 et,
825 1498 963 1531 quorum
986 1488 1099 1521 merita
1121 1498 1210 1522 more

470 1541 714 1585 progenitorum
729 1551 862 1574 suorum
877 1541 908 1574 in
929 1547 1041 1575 nostro
1056 1542 1063 1558 '¹
1083 1548 1113 1575 et
1126 1543 1210 1586 Apo-

471 1594 601 1628 stolicae
625 1594 715 1628 Sedis
740 1601 914 1638 conspectu
940 1595 1061 1628 clarere
1082 1595 1211 1639 dignos-

472 1654 598 1689 cuntur,
609 1648 841 1681 catholicorum
854 1648 1034 1692 principum
1051 1660 1087 1682 ac
1102 1642 1211 1692 regum

474 1701 646 1735 illustrium
668 1701 759 1742 votis,
776 1712 858 1747 quae
879 1702 918 1735 ad
940 1702 1043 1736 dictae
1058 1703 1212 1737 ecclesiae

474 1755 624 1788 decorem
645 1761 676 1788 et
696 1755 984 1789 ecclesiasticarum
1003 1766 1212 1800 personarum

474 1808 551 1841 inibi
578 1808 740 1842 Altissimo
761 1809 883 1843 divinas
896 1810 1007 1843 laudes
1028 1811 1212 1854 persolven-

474 1861 552 1895 tium
579 1862 842 1896 commoditatem
875 1864 989 1897 cedere
1021 1863 1215 1906 dignoscun-

476 1922 544 1956 tur,
574 1915 792 1949 favorabiliter
817 1926 977 1958 annuere,
1008 1927 1134 1950 necnon
1157 1928 1211 1958 ea,

474 1979 557 2013 quae
582 1969 665 2002 inter
694 1969 780 2013 ipsos
808 1980 898 2012 reges
924 1976 954 2004 et
978 1981 1131 2014 personas
1150 1981 1216 2004 nie-

476 2023 528 2056 dia
553 2023 726 2057 concordia
749 2031 962 2065 emanarunt,
991 2025 1128 2058 libenter
1153 2035 1217 2058 am-

477 2139 704 2167 Discalceatorum
719 2139 781 2167 Ord.
801 2139 827 2166 B.
848 2140 880 2167 lll.
896 2140 926 2167 V.
946 2141 979 2167 de
1004 2141 1126 2169 Carmelo
1149 2140 1218 2168 inter

477 2184 685 2212 mendicantIum
702 2184 815 2211 Ordines
824 2192 884 2216 esse
895 2185 1121 2221 computandum)
1129 2189 1219 2213 exten·

477 2229 526 2256 dit.
549 2229 612 2256 Eam
628 2229 786 2263 omittimus,
802 2238 861 2256 cum
878 2229 943 2256 nitiit
960 2230 1093 2265 peculiare
1108 2230 1216 2258 habeat.

514 2276 523 2300 1
549 2274 621 2301 itanc
642 2274 877 2308 Constitutionem‚
908 2276 1030 2310 quamvis
1046 2283 1116 2302 anno
1132 2275 1218 2310 primo

478 2318 555 2345 Pauli
581 2318 719 2345 Pontilicis
738 2318 846 2350 datam,
872 2319 921 2344 sub
940 2319 1019 2345 tinem
1044 2319 1106 2346 anni
1130 2318 1219 2355 quarti

479 2367 606 2398 posuerat
625 2363 797 2397 Coqueliues,
811 2371 870 2389 cum
886 2363 972 2390 serius
992 2372 1072 2399 quam
1093 2372 1141 2399 par
1161 2367 1220 2390 erat

479 2407 510 2434 :ttl
523 2407 580 2435 eius
591 2415 685 2434 manus
699 2407 867 2434 devenisset:
893 2416 941 2434 nos
957 2407 1144 2444 chronologice
1161 2416 1219 2436 eam

480 2453 505 2479 in
520 2452 570 2479 lioc
586 2452 643 2480 loco
663 2453 845 2488 disposuimus
860 2454 896 2488 (n.
912 2454 961 2488 ⁹12).

514 2498 531 2524 2
551 2497 587 2524 Ex
608 2498 715 2533 Regest.
737 2497 762 2524 in
783 2497 883 2526 Secret.
905 2498 979 2526 Brev.

515 2542 531 2567 3
552 2542 616 2568 lleic
633 2542 774 2577 legendum
799 2546 839 2570 est
862 2544 903 2570 vel
930 2552 1019 2578 quum
1033 2565 1040 2575 ,
1062 2543 1102 2570 vel
1124 2542 1220 2569 melius

480 2594 546 2621 quo,
568 2595 665 2622 nempe
685 2590 765 2614 tanto
780 2588 952 2622 amphus-u„
970 2596 1025 2622 quo
1046 2589 1081 2622 (n.
1099 2590 1148 2618 aa).

516 2632 531 2657 4
551 2631 621 2658 Edit.
635 2631 714 2659 Main.
731 2632 795 2667 legit
820 2637 933 2666 nostra,
954 2642 1002 2661 nos
1022 2633 1220 2661 emendationis

480 2683 547 2711 opus
562 2684 622 2703 csse
638 2676 792 2704 censuimus
806 2677 844 2711 (R.
860 2677 896 2711 T).

1032 258 1212 283 nttnnulAtnt
1238 258 1390 283 ROMANUM

2199 226 2209 242 v.

1987 259 2038 287 An.
2059 259 2173 288 C.'1·l⁴¹
2206 272 2210 298 2

1236 306 1331 351 plecti
1352 316 1410 340 nos
1431 306 1590 348 convenit,
1613 311 1709 350 prout
1730 307 1976 342 circumstantiis

1236 360 1380 404 undique
1400 360 1540 404 pensatis
1560 360 1592 393 in
1610 360 1746 394 Domino
1760 361 1974 406 conspicimus

1237 413 1408 447 salubriter
1428 413 1588 457 expedire.
1844 440 1846 442 .
2133 451 2149 461 .,

1282 468 1298 508 ξ
1319 466 1348 498 1.
1368 466 1450 499 Sane
1463 476 1567 509 nuper
1581 466 1787 500 charissimus
1801 467 1832 500 in
1850 467 1974 502 Christo
2025 459 2170 511 unaing.-
2206 486 2207 509 3

1237 519 1323 553 filius
1337 524 1446 552 noster
1458 519 1524 552 Hen
1530 519 1614 553 ricus
1625 520 1822 553 Francorum
1833 531 1885 554 rex
1896 520 1976 554 chri·
1989 511 2172 562 ῗῖἶοιιιιὲῗὲἓρέ.

1237 573 1449 607 stianissimus
1466 573 1560 606 nobis
1585 574 1701 617 exponi
1726 573 1798 607 fecit
1827 574 1872 618 (et
1894 560 2167 614 sieut²2¹2¹35¹3322²r232

1239 626 1380 660 exhibita
1399 626 1491 659 nobis
1511 636 1616 670 nuper
1636 637 1694 670 pro
1720 632 1813 670 parte
1843 626 1977 660 dilecto·
2205 626 2207 633 ’

1239 690 1311 713 rum
1329 679 1473 713 filiorum
1495 679 1639 723 capituli,
1660 685 1690 713 et
1711 679 1976 714 beneficiatorum

1239 744 1276 767 ac
1288 733 1480 766 clericorum
1496 733 1649 766 ecclesiae
1662 733 1896 774 Lateranensis,
1910 743 1981 767 nec-

1240 797 1304 821 non
1321 787 1451 821 Antonii
1471 786 1596 820 Trilach
1618 786 1726 820 clerici
1746 786 1859 831 petitio
1880 787 1981 820 conti-

1240 841 1361 885 nebat),
1379 841 1477 885 quod,
1495 851 1566 874 cuin
1586 840 1664 874 alias
1685 840 1791 874 dilecti
1809 839 1866 873 filii
1888 840 1979 884 capi·
1999 847 2010 850 ’

1241 895 1344 928 tulum
1366 899 1396 927 et
1421 893 1589 936 canonici,
1612 893 1794 927 beneficiati
1821 898 1852 927 et
1871 893 1981 927 clerici

1243 947 1397 982 ecclesiae
1417 947 1638 981 Lateranensis
1651 947 1823 981 nonnullas
1835 947 1984 992 pecunia·

1243 1011 1312 1034 rum
1334 1011 1487 1042 summas,
1504 1012 1560 1035 seu
1572 1001 1717 1035 redditus
1735 1011 1859 1035 annuos
1874 1011 1892 1034 a
1908 1000 1983 1035 cha-

1244 1055 1371 1088 rissimo
1395 1055 1427 1088 in
1453 1054 1578 1089 Christo
1609 1054 1676 1088 filio
1704 1060 1815 1088 nostro
1843 1054 1983 1088 ilenrico

1242 1109 1440 1142 Francorum
1459 1114 1490 1142 et
1502 1109 1717 1143 Navarrorum
1738 1119 1813 1152 rege
1834 1108 1982 1143 christia-

1243 1162 1378 1196 nissimo
1399 1172 1456 1207 per
1471 1163 1668 1196 Francorum
1689 1171 1781 1205 reges
1798 1161 1875 1196 dicti
1891 1162 1980 1197 Hen-

1244 1217 1300 1251 rici
1334 1217 1417 1261 regis
1445 1223 1664 1252 antecessores
1695 1217 1799 1251 dictae
1830 1214 1984 1251 ecclesiae

1243 1271 1422 1315 relictoset
1449 1282 1466 1304 a
1495 1271 1641 1315 pluribus
1661 1271 1753 1304 annis
1773 1280 1838 1304 non
1865 1281 1980 1315 perso-

1244 1325 1345 1365 lutos,
1366 1330 1396 1358 et
1417 1324 1522 1358 forsan
1545 1325 1606 1358 alia
1627 1324 1866 1369 quamplurima
1887 1335 1981 1369 prae·
2011 1321 2166 1380 er'sfflliltggsfln
2203 1365 2204 1368 Ἴ

1244 1379 1432 1419 tenderent,
1454 1384 1484 1412 et
1503 1378 1541 1412 de
1567 1378 1611 1411 cis
1635 1388 1700 1411 non
1725 1377 1801 1412 satis
1820 1388 1982 1422 superque
1995 1364 2166 1434 ῗῑωεινιρυω
2198 1381 2203 1410 ὲ

1245 1438 1422 1472 constaret,
1446 1431 1629 1476 praedictus
1652 1431 1808 1465 Henricus
1831 1442 1887 1466 rex
1906 1431 1978 1465 ani·
1995 1415 2139 1464 {mmmm
2162 1423 2163 1428 ¹

1246 1496 1332 1518 mum
1355 1486 1559 1526 benevolum,
1585 1496 1682 1530 quem
1703 1485 1860 1526 canonici,
1884 1486 1982 1519 bene-

1245 1538 1362 1581 ficiati,
1385 1545 1415 1573 et
1440 1539 1548 1573 clerici
1574 1539 1728 1573 ecclesiae
1747 1538 1934 1572 huiusmodi
1952 1538 1984 1572 in

1246 1593 1314 1626 eius
1334 1603 1506 1637 personam
1525 1599 1555 1626 et
1571 1593 1769 1626 Francorum
1789 1602 1880 1636 reges
1897 1592 1985 1626 omni

1246 1653 1391 1691 tempore
1409 1653 1440 1680 et
1459 1647 1530 1680 loco
1550 1646 1707 1680 testificati
1734 1646 1871 1687 fuerant,
1895 1655 1986 1680 reco-

1246 1711 1413 1743 gnoscere,
1432 1700 1506 1734 etin
1523 1700 1593 1734 illos
1607 1711 1684 1734 suae
1698 1700 1900 1734 liberalitatis
1914 1701 1988 1735 dex-

1249 1761 1359 1796 teram,
1377 1762 1409 1788 ut
1432 1755 1490 1799 ipsi
1512 1755 1722 1799 imposterum
1740 1764 1800 1799 pro
1818 1765 1856 1788 eo
1875 1764 1988 1799 preces

1248 1808 1410 1842 Altissimo
1443 1809 1612 1842 funderent
1626 1835 1634 1849 ,
1658 1807 1830 1841 extendere
1844 1835 1852 1848 ‚
1872 1813 1902 1841 et
1921 1807 1989 1841 ani-

1249 1873 1337 1896 mum
1359 1872 1452 1895 suum
1471 1872 1548 1905 erga
1568 1860 1870 1897 dictam.ecclesiam
1888 1861 1989 1904 magis

1250 1921 1346 1960 atque
1367 1915 1468 1957 magis
1488 1925 1685 1959 propensum
1702 1941 1709 1954 ,
1733 1920 1762 1947 et
1788 1913 1986 1956 devotionis,

1250 1979 1346 2013 quam
1369 1979 1445 2011 erga
1464 1968 1613 2003 Sanctam
1634 1968 1748 2002 Sedem
1771 1967 1990 2012 Apostolicam

1250 2022 1347 2066 gessit
1367 2028 1398 2056 et
1419 2022 1509 2065 gerit,
1528 2021 1676 2056 effectum
1697 2021 1857 2062 exhibere,
1877 2020 1990 2055 simul-

1251 2087 1313 2120 que
1334 2075 1473 2119 vestigiis
1493 2085 1624 2109 suorum
1646 2080 1884 2110 antecessorum
1902 2084 1992 2119 prae-

1252 2130 1424 2170 dictorum,
1446 2129 1501 2173 qui
1527 2128 1642 2162 dictam
1670 2128 1836 2162 ecclesiam
1865 2131 1992 2163 summa

1252 2190 1283 2218 et
1302 2183 1457 2228 peculiari
1479 2182 1650 2216 devotione
1677 2191 1805 2226 semper
1825 2186 1900 2214 sunt
1917 2191 1992 2226 pro-

1252 2237 1390 2282 sequuti,
1420 2236 1587 2270 inhaerere
1611 2236 1731 2276 volens,
1754 2245 1810 2268 seu
1835 2245 1872 2268 ex
1898 2234 1993 2268 certis

1253 2291 1323 2325 aliis
1337 2290 1440 2324 causis
1454 2290 1621 2330 adductus,
1638 2299 1710 2322 cum
1728 2288 1822 2322 dictis
1837 2287 1990 2331 capitulo,
2060 2313 2077 2330 ,

1254 2344 1427 2385 canonicis,
1451 2342 1650 2376 beneficiatis
1675 2347 1706 2375 et
1725 2340 1861 2381 clericis,
1881 2351 1938 2374 seu
1957 2341 1994 2374 il-

1253 2400 1360 2432 lorum
1386 2397 1538 2441 deputato
1564 2396 1610 2429 vel
1636 2394 1818 2439 deputatis,
1847 2394 1886 2427 ad
1911 2393 1994 2428 hanc

1254 2451 1312 2485 sub
1337 2455 1448 2484 nostro
1481 2455 1511 2484 et
1537 2448 1640 2483 dictae
1671 2448 1763 2482 Sedis
1791 2447 1993 2492 beneplacito

1255 2503 1383 2538 devenit
1417 2501 1684 2541 transactionem,
1712 2500 1876 2534 videlicet:
1906 2499 1994 2544 quod

1256 2558 1359 2592 dictus
1379 2556 1534 2591 Ilenricus
1552 2566 1604 2588 rex
1619 2554 1741 2595 unioni,
1759 2553 1942 2595 annexioni,
1964 2559 1994 2587 et

1256 2610 1510 2655 incorporationi
1533 2608 1718 2643 monasterii
1739 2608 1886 2641 abbatiae
1903 2618 1989 2641 nun-

1255 2665 1360 2710 cupati
1375 2665 1414 2698 de
1432 2664 1562 2702 Claraco
1576 2661 1703 2697 Ordinis
1716 2661 1815 2695 sancti
1828 2660 1991 2696 Benedicti

2047 2570 2169 2593 consent*
2192 2579 2194 2595 x

2007 2599 2029 2619 ut
2052 2597 2081 2618 itti
2107 2597 2154 2619 nisi·
2170 2594 2194 2631 ψ

2007 2618 2162 2648 monasteri-‘12'
2172 2627 2173 2638 t
2183 2623 2195 2638 Γ

2007 2651 2100 2675 claraco.
2140 2663 2141 2666 =
2184 2659 2185 2662 ¹
