2227 3241
885 248 982 272 mnsx
1007 248 1115 272 nuncu
1661 235 1726 270 685

231 302 323 339 Iesus
353 302 496 337 Christus
529 302 568 336 de
602 302 720 346 SpIritu
755 301 867 335 Sancto
893 304 1084 344 conceptus,
1110 301 1124 333 1
1158 309 1187 331 α.
1219 298 1360 333 Mortuus
1393 309 1448 343 pro
1481 298 1611 333 humani
1643 299 1772 342 generis

321 355 439 398 salute,
466 355 542 389 ibid.
568 355 630 397 Qui
656 357 725 389 cius
750 355 949 389 divinitatem
984 358 1116 397 negant,
1143 362 1256 387 severe
1281 356 1355 386 sunt
1379 352 1551 396 puniendi,
1578 352 1655 385 ibid.

233 409 412 454 Imperialis
436 410 532 444 Dorta
555 410 703 443 dominus
728 408 837 443 Dulcis
857 409 978 453 Aquae,
997 407 1059 441 172
1079 418 1098 439 α
1131 406 1232 450 Opem
1259 406 1337 440 serat
1362 408 1512 450 episcopo
1539 405 1770 440 Yentimiliensi

321 463 360 498 ad
387 473 499 498 usuras
524 463 740 507 extirpandas,
767 462 843 495 ibid.

230 516 390 555 Indiarum
416 516 671 552 OeeidentaIium
696 516 842 560 parochis
869 516 1016 556 vetitum,
1042 515 1212 559 quominus
1239 515 1390 547 maiorem
1408 513 1646 558 eleemosynam
1671 513 1711 548 ab
1729 515 1771 548 iis

320 571 449 613 exigant
465 571 519 612 qui
536 571 568 603 in
590 569 797 613 Regularium
820 567 966 602 ecelesiis
990 567 1206 612 sepeliuntur,
1234 568 1306 609 160,
1332 568 1394 601 196
1420 578 1438 600 α
1463 578 1545 612 seq.;
1571 568 1631 602 381
1650 578 1712 612 seq.
1740 571 1771 602 et

324 623 386 657 508
411 623 542 667 seq.-Ad
566 623 674 656 Indias
695 621 920 657 Occidentales
938 622 989 655 via
1006 620 1106 654 libera
1130 620 1348 663 regularibus,
1375 621 1435 654 501
1463 621 1478 654 b
1502 632 1563 666 seq.
1588 622 1629 655 At
1652 625 1772 656 rectam

323 680 433 710 tenere
458 675 587 710 debent.
613 676 673 709 571
701 675 717 707 b
741 685 802 719 seq.
827 674 975 717 Episcopi
1001 673 1125 707 illarum
1150 673 1356 707 ecclesiarum
1380 683 1496 708 munus
1525 676 1772 711 consecrationis

322 731 484 773 suscipere
505 732 678 774 nequeunt,
704 729 765 761 nisi
789 729 821 761 in
840 729 916 771 ipsis
934 727 1043 769 Indiis,
1062 728 1135 760 657.
1157 727 1221 771 Ipsi
1247 731 1379 771 possunt
1403 727 1542 771 synodos
1566 727 1772 763 dioecesanos

322 783 362 817 ad
387 782 606 816 duodennium
630 781 768 823 differre,
787 782 861 815 658.

233 833 454 878 Indulgentiae
480 835 604 868 nonnisi
631 835 761 877 praevia
786 833 949 868 Ordinarii
975 834 1120 876 licentia,
1147 838 1279 877 possunt
1305 834 1477 879 publicari,
1503 836 1566 869 140
1591 835 1616 870 b.

233 886 507 931 Indulgentiarum
534 886 734 931 regularibus
760 897 982 921 concessarum
1012 887 1173 931 generalis
1198 890 1359 922 revocatio
1385 892 1415 922 et
1439 889 1571 923 aliarum
1597 891 1772 933 concessio,

325 941 387 974 315
413 941 439 974 b.

234 993 431 1028 lesuatorum
449 994 676 1038 Congregatio,
697 994 759 1028 272
776 1006 836 1039 sel.
862 994 1016 1038 RolIgiosi
1033 996 1127 1028 ctiam
1149 999 1218 1039 post
1243 997 1391 1029 emissam
1418 996 1648 1039 professionem
1673 999 1772 1031 sacris

324 1049 441 1082 initiari
468 1058 529 1081 non
555 1052 808 1089 consueverant,
835 1047 911 1080 ibid.
937 1047 1005 1081 Non
1031 1049 1165 1091 promoti
1190 1048 1229 1082 ad
1254 1058 1362 1082 sacros
1387 1047 1527 1083 Ordines
1553 1049 1675 1083 eisdem
1698 1059 1772 1093 gra-

324 1100 417 1135 dibus
442 1102 598 1143 fruuntur,
624 1111 660 1135 ac
686 1102 830 1145 promoti,
853 1101 960 1134 27:311.
987 1101 1076 1134 Aliae
1093 1101 1221 1145 regulae
1240 1101 1278 1136 ab
1305 1104 1350 1136 eis
1374 1103 1562 1144 servandae,
1582 1103 1643 1136 274
1661 1114 1680 1136 a
1697 1107 1729 1137 et
1745 1104 1772 1136 b.

329 1154 450 1189 Omnes
472 1156 527 1200 qui
552 1154 658 1188 idonei
683 1159 756 1189 sunt
780 1154 818 1188 ad
844 1155 1063 1188 recitationem
1096 1155 1245 1189 horarum
1262 1157 1520 1197 'canonIcarun1,
1546 1165 1599 1190 eas
1625 1160 1773 1191 tenentur

329 1209 473 1250 recitare,
500 1208 605 1241 2741).
626 1207 746 1242 Omnes
767 1207 922 1242 habilitati
945 1207 984 1241 ad
1010 1218 1116 1243 sacros
1143 1209 1269 1244 ordines
1293 1210 1524 1254 suscipiendos,
1550 1211 1612 1244 276
1638 1222 1699 1256 seq.
1719 1210 1774 1246 Di-

326 1262 455 1297 stillatio
479 1272 633 1308 aquarum
659 1266 784 1296 vetatur
808 1263 906 1296 sacris
931 1263 1078 1304 initiatis,
1105 1266 1135 1296 et
1161 1262 1229 1297 illas
1254 1263 1394 1297 vendere
1419 1263 1606 1298 mulieribus
1632 1268 1663 1298 et
1687 1264 1772 1307 aliis,

328 1317 391 1351 274
416 1317 442 1350 b.

241 1369 445 1405 Innocentius
471 1371 528 1404 ΡΡ.
553 1370 592 1403 IV
617 1370 762 1415 regulam
786 1380 802 1404 a
827 1374 937 1405 sancto
964 1370 1092 1405 Alberto
1118 1371 1295 1415 patriarcha
1321 1371 1498 1407 Carmelitis
1524 1372 1673 1407 traditam
1693 1382 1771 1406 con-

327 1424 478 1466 firmavit,
506 1424 545 1457 28
571 1424 596 1457 h.

238 1476 443 1512 Innocentius
468 1477 525 1511 PP.
553 1477 591 1510 IX
617 1478 878 1511 Constitutionem
905 1477 953 1512 Pii
978 1477 1002 1510 V
1027 1478 1067 1511 de
1089 1488 1150 1512 non
1175 1478 1378 1513 infeudandis
1404 1479 1502 1521 locis,
1528 1483 1559 1514 et
1584 1481 1676 1514 terris
1713 1479 1773 1513 Ro-

328 1540 439 1564 manae
458 1531 612 1564 ecclesiae
637 1531 828 1570 declaravit,
856 1531 917 1564 207
943 1542 972 1564 a.

237 1584 439 1619 Innocentius
465 1585 548 1619 tituli
572 1586 602 1618 S.
628 1585 766 1618 Thomae
792 1587 822 1619 in
849 1586 981 1618 parione
1006 1584 1177 1618 cardinalis
1203 1584 1355 1626 Bubalus,
1382 1585 1445 1618 452
1470 1586 1495 1618 b.

237 1638 454 1684 InquisitIOnis
477 1639 534 1682 (S.)
556 1639 712 1680 officium,
739 1639 801 1672 347
823 1650 883 1683 seq.
910 1637 1124 1681 RegularIbus
1142 1640 1272 1672 vetitum
1289 1648 1484 1682 cognoscere
1507 1648 1620 1672 causas
1644 1648 1774 1673 suorum

324 1691 525 1726 subditorum
561 1692 600 1726 ad
636 1692 713 1726 illud
745 1694 958 1736 pertinentes,
985 1691 1062 1725 ibid.
1097 1692 1284 1735 Superiores
1310 1695 1378 1726 acta
1404 1693 1509 1726 omnia
1534 1703 1630 1736 super
1662 1692 1775 1727 iisdem

326 1747 433 1780 causis
458 1746 496 1780 ad
523 1746 599 1780 illud
626 1745 745 1780 debent
770 1747 999 1787 transmittere,
1028 1744 1103 1778 ibid.

238 1799 372 1833 Ioannes
396 1799 540 1834 Cusanus
565 1799 710 1844 Chignoli
735 1799 863 1833 seudum
889 1808 906 1833 a
931 1798 1014 1833 Sede
1039 1798 1212 1843 apostolica
1237 1798 1375 1841 obtinet,
1402 1798 1462 1832 220
1489 1810 1518 1831 a.

239 1852 373 1888 Ioannes
409 1854 448 1887 de
481 1853 634 1888 Nicolinis
666 1853 860 1888 Ferdinandi
894 1854 1002 1897 magni
1034 1851 1203 1886 Hetruriae
1236 1852 1327 1886 ducis
1357 1852 1395 1886 ad
1421 1852 1551 1886 Paulum
1579 1852 1635 1886 PP.
1663 1852 1683 1885 V
1710 1861 1776 1887 ora-

329 1910 391 1949 tor,
418 1907 480 1941 445
506 1907 532 1940 h.

240 1958 376 1994 Ioannes
400 1962 568 2004 episcopus
595 1960 771 2004 Vegliensis
797 1962 931 1995 nuncius
956 1959 1148 2004 apostolicus
1173 1959 1258 2003 apud
1283 1958 1439 2001 Elvctios,
1466 1959 1506 1992 20
1532 1958 1557 1992 b.

240 2011 374 2048 loannes
410 2013 593 2048 Fernandez
624 2014 665 2048 de
697 2014 838 2048 Pacecho
870 2013 1011 2048 marchio
1043 2013 1184 2047 Villenae
1211 2013 1349 2057 Philippi
1373 2013 1414 2047 111
1440 2013 1664 2058 Hispaniarum
1690 2014 1775 2056 regIs

328 2067 412 2111 apud
437 2068 552 2101 Sedem
576 2067 781 2112 apostolicam
805 2071 925 2110 orator,
951 2068 1014 2102 386
1040 2067 1066 2101 b.
1091 2067 1216 2102 Siciliae
1243 2077 1375 2112 prorex,
1402 2068 1464 2101 575
1489 2078 1519 2100 a.

239 2119 374 2155 Ioannes
398 2120 578 2155 Fridericus
603 2121 702 2156 abbas
728 2121 912 2164 Fuldensis,
939 2121 1001 2155 572
1028 2121 1054 2155 b.

239 2173 373 2208 Ioannes
397 2173 524 2209 Garzias
549 2174 686 2209 Millinus
712 2176 847 2209 nuncius
871 2175 1064 2219 apostolicus
1089 2176 1120 2209 in
1138 2176 1248 2219 regnis
1267 2175 1503 2219 Hispaniarum,
1526 2174 1586 2208 434
1605 2185 1634 2208 a.
1651 2174 1775 2208 Deinde

326 2219 360 2260 S.
386 2227 421 2261 R.
445 2227 480 2261 E.
505 2227 693 2271 cardinalis,
720 2227 797 2261 ibid.
824 2228 960 2272 Legatus
994 2228 1085 2263 Sedis
1110 2228 1315 2273 Apostolicae
1341 2230 1372 2263 in
1397 2228 1610 2269 Germaniam,
1636 2231 1666 2261 et
1691 2227 1777 2261 IIun-

328 2282 451 2323 gariam
476 2290 548 2315 cum
572 2281 777 2326 amplissimis
803 2281 1023 2325 facultatibus,
1050 2282 1111 2316 477
1137 2292 1219 2326 seqq.

241 2333 368 2368 Ioannis
392 2333 450 2368 Dei
475 2334 686 2379 Congregatio
711 2335 750 2369 ad
775 2335 1013 2379 suscipiendam
1039 2337 1237 2370 intirmorum
1263 2344 1371 2369 curam
1396 2336 1546 2375 instituta,
1574 2334 1636 2367 570
1657 2345 1685 2366 a.
1711 2333 1777 2367 Cle-

331 2398 420 2422 mens
448 2388 515 2422 VIII
541 2389 696 2433 prohibet,
722 2391 890 2435 quommus
916 2390 1028 2424 iratres
1053 2391 1152 2423 sacris
1177 2390 1356 2430 initientur,
1384 2387 1459 2421 ibid.
1485 2387 1600 2421 Paulus
1626 2390 1729 2421 tamen
1751 2386 1776 2419 V

331 2442 493 2484 concedit,
531 2446 563 2476 ut
596 2444 626 2476 in
664 2453 857 2489 unaquaque
889 2443 982 2477 domo
1014 2452 1052 2476 ex
1087 2443 1136 2477 his
1162 2452 1244 2476 unus
1275 2442 1313 2476 ad
1347 2451 1454 2475 sacros
1486 2441 1614 2474 ordines
1653 2449 1776 2483 promo-

332 2499 458 2538 veatur,
485 2496 547 2529 570
572 2496 598 2529 b.
624 2496 685 2537 Qut
712 2500 833 2538 tamen,
858 2498 885 2531 si
910 2495 950 2530 ab
970 2496 1092 2532 Ordine
1118 2496 1310 2534 dimittatur,
1338 2497 1379 2529 sit
1403 2504 1594 2537 suspensus,
1620 2492 1697 2526 ibid.

244 2546 369 2582 Ioannis
390 2548 446 2592 (S.)
469 2548 747 2592 Hierosoltmitani
779 2549 906 2592 militia,
932 2550 995 2583 :m
1021 2561 1049 2582 a.
1076 2549 1110 2582 In
1137 2547 1387 2592 promotionibus
1413 2547 1450 2580 ad
1477 2555 1621 2589 {nagnam
1647 2555 1775 2579 erucem

333 2610 394 2634 non
420 2603 630 2644 antianitatis,
656 2602 712 2636 sed
737 2604 920 2637 meritorum
951 2602 1100 2637 habenda
1124 2604 1219 2644 ratio,
1246 2601 1323 2634 ibid.
1349 2601 1383 2634 Ei
1408 2610 1529 2634 annuos
1553 2598 1696 2633 redditus
1721 2598 1775 2632 ad-

332 2654 407 2688 dicit
424 2655 602 2699 Stephanus
619 2656 658 2690 ‹le
676 2656 857 2691 ‹tm-annunt
875 2667 931 2700 pro
950 2657 1125 2690 triremium
1143 2656 1394 2696 constructione,
1414 2654 1474 2686 400
1493 2664 1572 2697 seqq.
1595 2652 1775 2695 Magistcrio
