2227 3241
265 313 313 340 An.
332 314 360 340 c.
385 312 452 340 ¹603
502 303 539 335 ¹6

316 1591 446 1612 facultatem

264 1618 364 1644 ›piscopo
392 1623 448 1638 cnm-

264 1647 328 1665 mittit
351 1644 448 1665 Pontifex

265 1672 295 1692 sic
305 1671 390 1697 agendi.

295 2333 405 2355 Contraria
414 2333 451 2354 tol-

268 2360 296 2380 lit.

506 360 595 395 Circa
618 359 774 404 primum,
799 366 898 390 novae
923 361 1033 399 portae
1053 366 1108 390 seu
1125 355 1196 390 novi

462 413 575 448 camini
601 413 648 446 vel
674 411 732 445 soci
759 409 1026 443 constructionem
1049 420 1104 443 seu
1130 420 1198 442 mu-

462 465 626 504 tationem,
653 462 691 496 ad
716 462 777 496 hoe
809 467 843 495 ut
875 467 1043 495 censeatur
1078 467 1198 495 mutata

461 518 628 562 parocbia,
652 515 809 550 notificari
834 514 952 549 debere
977 514 1144 549 Ordinatio
1168 520 1199 548 et

462 571 555 605 etiam
581 569 712 614 antiquo
737 568 888 613 parocho.

505 623 593 658 Circa
616 623 807 663 secundum,
831 621 1039 655 concedimus
1059 632 1115 666 per
1136 626 1199 654 tres

460 686 584 711 menses
608 674 777 709 cuiuslibet
800 673 885 708 anni.

504 729 590 763 Circa
604 728 744 768 tertium,
765 727 949 772 episcopum
972 737 1078 771 posse,
1104 725 1199 760 etiam

460 782 558 825 digna
583 780 782 815 correctione
805 780 959 821 adbibita,
984 789 1114 813 monere
1134 788 1200 811 ma-

460 836 627 880 gistratum
648 834 883 878 Egitaniensem
902 839 948 875 ut,
968 833 1053 866 iuxta
1071 830 1199 866 solitum

460 900 515 923 seu
540 888 768 933 obligationem
785 916 792 929 ‚
822 888 966 932 quolibet
990 896 1072 920 anno
1097 884 1199 919 visitet

460 942 625 976 ecclesiam
643 947 770 976 sanetae
787 941 902 975 Mariae
924 941 963 973 de
987 940 1113 980 Aeores,
1138 937 1198 971 nisi

460 1006 518 1040 pro
544 1001 631 1040 parte
645 995 788 1029 eiusdem
805 995 1008 1038 magistratus
1022 991 1200 1025 deducatur

460 1050 593 1093 allegata
618 1048 826 1092 dispensatio,
853 1048 901 1081 vel
920 1046 1018 1086 aliud,
1039 1056 1095 1089 per
1112 1045 1199 1088 quod

459 1102 530 1136 iure
554 1101 698 1135 excusari
723 1102 836 1144 possit.

505 1154 593 1188 Circa
606 1159 767 1198 quartum,
777 1153 960 1196 Regutares,
970 1150 1200 1193 cuiuscumque

460 1206 587 1241 Ordinis
611 1206 687 1248 sint,
715 1207 810 1240 etiarn
827 1205 975 1246 Minores,
993 1202 1199 1238 eeclesiarum

460 1260 616 1305 parochos
633 1269 744 1293 vocare
762 1264 792 1292 et
805 1258 938 1291 invitare
958 1257 1085 1295 debere,
1098 1254 1200 1300 prius-

461 1324 557 1358 quam
591 1322 798 1356 personarum
829 1321 894 1344 non
928 1308 1121 1353 regularium
1150 1318 1200 1340 ca-

461 1367 575 1400 davera
600 1366 639 1399 ad
664 1365 813 1398 ecclesias
839 1375 911 1397 suas
936 1363 1097 1406 regulares
1111 1371 1201 1405 sepe-

461 1420 567 1454 lienda
598 1420 763 1461 delerant,
803 1424 834 1453 et
870 1417 1041 1462 parochiae
1074 1415 1201 1449 tertiam

462 1480 584 1518 partem
608 1473 813 1513 funeralium‚
832 1483 886 1506 seu
906 1471 937 1505 id
959 1470 1045 1515 quod
1063 1468 1203 1504 tenuerit

462 1527 661 1562 consuetudo
686 1527 759 1567 loci,
782 1527 904 1560 solvere
928 1524 1054 1558 debere.

507 1584 523 1625 ἓ
549 1582 578 1616 6.
599 1581 752 1620 Quocirca
771 1580 874 1614 eidem
891 1578 1017 1613 Nonnio
1035 1579 1201 1617 moderno,

463 1642 494 1671 et
518 1647 576 1680 pro
601 1641 744 1680 tempore
775 1634 920 1668 existenti
946 1633 1099 1677 episcopo
1123 1632 1203 1676 Egi-

463 1690 612 1730 tamensi,
633 1700 690 1733 per
709 1694 892 1733 praesentes
917 1687 1149 1721 committimus
1173 1691 1203 1720 et

463 1743 665 1784 mandamus,
690 1754 726 1776 ac
751 1748 964 1786 opportunam
990 1742 1127 1784 desuper
1159 1740 1204 1774 sa—

463 1796 613 1831 cultatem
639 1795 855 1836 concedimus,
882 1800 918 1828 ut
941 1795 974 1828 in
999 1794 1149 1827 omnibus
1173 1799 1203 1827 et

464 1849 597 1893 singulis
627 1848 733 1883 dubiis
765 1847 957 1892 supradictis
986 1847 1072 1881 iuxta
1101 1846 1204 1881 decla-

465 1903 606 1938 rationes
628 1908 755 1937 nostras
784 1902 823 1935 ad
855 1912 997 1945 unguem
1028 1901 1202 1946 procedat,

465 1968 501 1990 ac
518 1956 558 1990 ab
576 1957 658 1997 aliis,
673 1956 712 1989 ad
730 1967 811 2000 quos
825 1960 946 2001 spectat
962 1960 992 1989 et
1010 1954 1043 1988 in
1059 1955 1203 1988 futurum

465 2009 631 2054 spectabit,
646 2009 776 2054 procedi
795 2014 886 2043 curet
901 2013 932 2042 et
948 2008 1058 2042 saciat:
1079 2013 1205 2041 contra-

466 2063 606 2097 dictores
619 2072 840 2106 quoseumque
853 2073 910 2107 per
923 2071 1074 2095 censuras
1087 2067 1118 2095 et
1131 2071 1206 2106 poe-

466 2127 523 2150 nas
537 2115 780 2157 ecclesiasticas,
797 2116 921 2160 aliaque
934 2121 1114 2160 opportuna
1127 2114 1206 2148 iuris

467 2175 499 2204 et
514 2169 587 2203 faeti
608 2168 760 2209 remedia,
783 2169 996 2213 appellatione
1016 2168 1203 2213 postposita,

467 2222 714 2268 compescendo,
733 2222 879 2256 invocato
904 2223 998 2256 etiam
1018 2222 1058 2256 ad
1083 2222 1161 2262 hoe,
1180 2221 1205 2255 si

467 2287 549 2321 opus
572 2275 688 2315 suerit,
714 2275 832 2309 auxilio
857 2276 977 2310 brachii
1002 2275 1184 2311 saecularis.

512 2331 528 2372 g
555 2328 584 2362 7.
609 2329 677 2362 Non
705 2328 904 2362 obstantibus
936 2328 1101 2373 quibusvis
1132 2339 1206 2363 con-

467 2381 687 2416 stitutionibus
700 2386 730 2414 et
743 2381 996 2416 ordinationibus
1009 2382 1204 2426 apostolicis,

467 2447 503 2471 ac
517 2435 668 2470 ecclesiae
684 2434 909 2479 Egitaniensis‚
922 2446 958 2468 ac
971 2436 1107 2469 aliarum
1124 2436 1207 2470 eius-

468 2489 541 2524 dem
565 2488 720 2524 dioecesis
744 2488 952 2523 eeclesiarum
968 2517 976 2531 ‚
1005 2489 1099 2523 etiam
1124 2490 1207 2523 iura-

470 2548 605 2583 mento,
643 2542 888 2576 confirmatione
919 2542 1119 2586 apostolica,
1158 2543 1206 2577 vel

469 2595 578 2638 quavis
603 2595 752 2629 firmitate
783 2595 842 2628 alia
873 2595 1032 2629 roboratis
1057 2595 1181 2630 statutis
1197 2624 1205 2638 ,

468 2647 578 2682 usibus
592 2654 623 2682 et
636 2648 932 2689 consuetudinibus,
941 2649 1115 2693 privilegiis
1126 2659 1207 2694 quo-

471 2713 544 2746 que,
554 2701 683 2736 indultis
693 2702 828 2737 etliteris
838 2702 1019 2747 apostolicis
1026 2703 1209 2747 Egitanien-

1037 307 1217 332 RULLARlUM
1243 307 1393 332 ROMANUM

1232 356 1275 390 sis
1296 355 1490 401 praedictae,
1516 366 1552 388 ac
1576 355 1710 388 aliarum
1739 365 1968 399 quarumcum-

1232 419 1294 453 que
1318 408 1523 443 ecelesiarum
1546 407 1700 441 dioecesis
1720 408 1898 451 praedictae
1917 419 1968 443 ca·

1231 461 1367 502 nonicis,
1387 460 1598 501 beneficiatis,
1620 460 1811 501 rectoribus,
1836 461 1968 502 curatis,

1233 514 1425 559 presbyteris
1460 525 1496 547 ac
1531 514 1624 557 aliis,
1659 518 1722 547 tam
1755 515 1969 549 ecclesiastica

1233 577 1328 611 quam
1354 567 1518 611 temporali
1552 567 1598 601 vel
1631 567 1793 600 mundana
1817 566 1970 611 dignitate

1232 619 1442 663 fulgentibus,
1453 624 1484 653 et
1495 620 1682 654 auctoritate
1695 625 1725 654 et
1738 624 1893 664 potestate
1906 620 1968 654 suf-

1233 672 1332 713 fultis,
1359 672 1502 707 eiusdem
1524 673 1747 717 Egitaniensis‚
1770 674 1970 718 aliarumque

1233 726 1408 767 civitatum,
1436 731 1607 768 terrarum,
1628 726 1821 771 oppidorum
1838 732 1869 761 et
1884 727 1971 761 loco-

1233 789 1302 812 rum
1315 778 1600 823 gubernatoribus,
1611 780 1789 824 praelecfis,
1805 780 1971 824 magistra-

1233 832 1320 866 tibus
1344 831 1479 876 aliisque
1503 832 1692 867 officialibus
1728 839 1760 867 et
1790 833 1945 867 ministris
1961 860 1970 875 ,

1233 894 1269 918 ac
1292 883 1362 918 aliis
1388 884 1582 928 quibuslibet
1617 885 1762 929 personis
1793 890 1825 919 et
1859 895 1971 920 eorum

1233 937 1375 978 cuilibet,
1402 939 1496 972 etiarn
1522 943 1611 971 motu
1635 938 1767 982 proprio
1798 943 1830 972 et
1860 938 1967 972 consi-

1233 990 1415 1032 storialiter,
1435 1002 1471 1024 ae
1491 991 1568 1024 alias
1592 991 1834 1035 quomodolibet
1849 991 1882 1024 in
1897 1002 1971 1026 con-

1233 1044 1364 1078 trarium
1388 1045 1591 1086 facientibus,
1619 1056 1675 1079 seu
1700 1044 1777 1078 alias
1794 1044 1973 1088 quomodo-

1233 1108 1370 1141 cumque
1390 1097 1644 1142 disponentibus,
1665 1098 1836 1138 concessis,
1857 1097 1973 1132 confir-

1233 1150 1328 1184 matis
1363 1156 1395 1184 et
1429 1150 1592 1185 invocatis.
1632 1150 1755 1190 Quibus
1794 1150 1971 1191 omnibus,

1234 1202 1358 1236 etiamsi
1384 1203 1423 1238 de
1439 1203 1502 1237 illis
1518 1213 1697 1248 eorumque
1717 1203 1790 1238 totis
1806 1203 1973 1238 tenoribus

1235 1255 1392 1300 specialis,
1419 1257 1579 1300 specifica,
1599 1267 1747 1300 expressa
1765 1263 1795 1291 et
1809 1256 1974 1291 individua

1235 1309 1352 1342 mentio
1370 1310 1527 1351 habenda,
1546 1316 1601 1344 aut
1618 1310 1722 1354 aliqua
1743 1309 1804 1343 alia
1819 1309 1975 1354 exquisita

1236 1363 1338 1396 torma
1373 1363 1411 1396 ad
1449 1363 1510 1398 hoc
1544 1363 1698 1398 servanda
1732 1363 1824 1404 soret,
1862 1373 1974 1397 eorum

1236 1422 1362 1450 tenores
1386 1417 1608 1461 praesentibus
1626 1429 1684 1462 pro
1701 1417 1856 1462 expressis
1880 1423 1912 1451 et
1935 1418 1974 1451 ad

1236 1470 1367 1504 verbum
1390 1471 1519 1505 insertis
1543 1472 1696 1505 habentes
1711 1499 1720 1513 ,
1754 1471 1816 1505 illis
1839 1471 1918 1505 alias
1941 1471 1974 1505 in

1236 1535 1294 1558 suo
1319 1525 1434 1559 robore
1459 1525 1685 1569 permansuris,
1708 1526 1767 1559 liae
1784 1526 1851 1559 vice
1875 1526 1973 1559 dumu

1237 1584 1321 1612 taxat
1345 1579 1525 1623 specialiter
1549 1585 1579 1613 et
1603 1589 1749 1623 expresse
1766 1579 1973 1623 derogamus,

1237 1632 1435 1676 eaeterisque
1460 1633 1629 1666 contrariis
1653 1633 1921 1678 quibuscumque.

1281 1686 1393 1720 Datum
1419 1687 1540 1720 Romae
1564 1686 1649 1730 apud
1674 1692 1821 1720 sanctum
1845 1687 1974 1720 Petrum

1237 1740 1296 1774 sub
1331 1739 1452 1773 annulo
1482 1739 1672 1780 Piscatoris,
1710 1739 1761 1773 die
1795 1749 1867 1773 xxiv
1903 1739 1977 1773 maii

1237 1803 1352 1835 nocui,
1379 1793 1585 1837 pontificatus
1608 1792 1710 1826 nostri
1734 1803 1818 1827 anno
1843 1802 1898 1826 ΧΠ.

1273 1855 1331 1883 Dat.
1348 1855 1392 1883 die
1410 1855 1444 1882 24
1461 1855 1523 1882 maii
1539 1855 1618 1890 ¹603,
1640 1855 1735 1890 pontif.
1751 1863 1796 1882 an.
1812 1861 1858 1882 xit.

1526 1989 1689 2024 CCCXVII.

1237 2071 1264 2106 A
1268 2071 1437 2116 pprobatio
1457 2070 1764 2114 confraternitatum
1780 2070 1839 2103 sub
1853 2070 1981 2103 invoca-

1284 2124 1371 2157 tione
1404 2123 1606 2157 sanctissimi
1634 2123 1785 2156 Nominis
1816 2123 1906 2163 Iesu,
1945 2122 1983 2155 in

1279 2177 1459 2222 provinciis
1475 2177 1570 2220 requi
1589 2177 1679 2211 Perti
1703 2176 1936 2210 institutarum
1952 2179 1982 2208 et

1282 2230 1574 2271 instituendarum,
1602 2240 1676 2263 cum
1697 2229 1982 2274 indulqentiarum

1284 2284 1479 2328 etarqitione
1498 2282 1519 2318 ¹.

1442 2355 1577 2383 Clemens
1597 2355 1676 2387 Papa
1694 2351 1780 2386 vm,

1383 2410 1420 2437 ad
1434 2413 1610 2444 perpetuam
1625 2408 1671 2436 rei
1685 2407 1866 2436 memoriam.

1285 2473 1375 2513 Cum,
1403 2471 1485 2506 sieut
1509 2470 1695 2515 accipimus,
1723 2469 1756 2503 in
1773 2470 1905 2503 diversis
1930 2470 1978 2504 ci-

1241 2525 1402 2566 vitatibus,
1420 2524 1563 2570 oppidis,
1582 2522 1706 2563 castris,
1725 2523 1816 2557 terris
1833 2533 1888 2556 seu
1901 2522 1983 2557 locis

1278 2606 1287 2632 1
1308 2605 1475 2632 primaevam
1494 2603 1648 2631 huiusmodi
1664 2602 1816 2631 sodalitatis
1835 2602 1984 2630 institutio-

1241 2649 1302 2668 nem
1321 2641 1348 2668 in
1372 2640 1461 2676 regnis
1477 2639 1677 2675 Hispaniarum,
1695 2642 1722 2666 et
1737 2639 1795 2665 eius
1811 2638 1844 2665 ad
1860 2638 1912 2666 alia
1925 2639 1984 2666 loca

1242 2677 1438 2709 extensionem,
1454 2674 1514 2702 vide
1533 2674 1560 2701 in
1578 2674 1618 2702 Pii
1631 2674 1664 2702 IV
1681 2674 1786 2703 constit·
1802 2681 1861 2703 xcv:
1879 2674 1983 2703 Iniun-

1241 2715 1328 2746 ctum,
1344 2715 1411 2739 tom.
1427 2716 1474 2744 vu,
1489 2718 1550 2747 pag.
1567 2709 1628 2738 282.

1978 306 2025 333 An.
2043 305 2073 333 C.
2094 305 2164 332 1603
