2227 3241
45 302 94 330 An.
111 300 141 329 C.
161 298 228 327 1604

65 879 190 906 Perpetuam
199 877 226 907 si-

46 906 129 928 lentium
161 906 227 930 parti-

6 951 8 953 .
45 932 84 954 bus
97 932 201 958 imposuit.

59 1011 170 1038 noiogaiiu
179 1016 226 1031 con-

47 1039 161 1060 uariorum.

851 293 989 322 CLDtEXS

238 346 429 388 cardinales,
451 347 547 380 etiam
566 348 605 380 de
626 347 724 379 latere
745 347 876 388 legatos,
894 355 978 378 nunc
995 349 997 383 ⁴:

238 406 269 433 et
284 411 344 444 pro
365 406 510 444 tempore
532 400 700 434 existentes
722 400 860 442 (sublata
881 399 925 431 eis
951 405 997 431 et=

216 459 220 463 '
237 464 350 488 eorum
373 454 504 487 cuilibet
525 454 636 497 quavis
654 454 747 486 aliter
766 452 932 486 iudicandi
952 458 979 485 et

238 507 474 551 interpretandi
494 508 644 540 facultate
665 512 695 539 et
718 506 922 548 auctoritate)
948 505 980 537 in

238 561 351 604 quavis
371 563 465 594 causa
488 566 518 593 et
539 559 690 593 instantia
712 559 847 591 iudicari
869 564 900 591 et
920 559 978 591 tle-

238 613 324 646 finiri
357 614 495 654 debere3
527 613 655 645 irritum
677 623 807 656 quoque
828 617 860 645 et
887 612 982 644 inane

238 667 398 711 quidquid
425 677 517 699 secus
549 676 647 709 super
675 666 724 698 his
756 677 773 699 a
801 676 978 709 quoquam,

239 720 350 764 quavis
360 719 712 761 auctoritate,scienter
722 720 770 752 vel
784 719 983 761 ignoranter,

240 772 412 815 contigerit
429 772 589 812 attentari,
611 772 814 805 decrevimus
831 778 862 805 et
883 773 984 805 decla-

241 826 392 866 ravimus,
417 837 454 859 ac
471 827 611 870 desuper
627 826 778 859 omnibus
800 832 830 859 et
849 826 984 868 singulis

242 880 412 924 episcopis,
436 879 688 924 archiepiscopis
709 885 739 912 et
759 879 830 912 aliis
854 880 983 923 praedi-

236 932 300 966 ctis
317 938 510 977 perpetuum
532 932 696 965 silentium
715 932 941 976 imposuimus.

287 986 351 1029 §4-
378 987 448 1020 Non
480 986 682 1019 obstantibus
715 986 919 1030 praemissis,
949 996 985 1019 ac

241 1041 352 1073 nostra
373 1040 412 1072 de
431 1050 497 1072 non
523 1040 667 1072 tollendo
685 1039 755 1072 iure
773 1039 930 1083 quaesito,
955 1046 986 1073 et

242 1092 356 1125 similis
381 1092 557 1126 memoriae
582 1092 670 1125 Pauli
696 1093 720 1125 ll
736 1119 743 1133 ‚
772 1097 803 1125 et
831 1103 987 1136 quorum-

243 1156 384 1189 cumque
397 1145 537 1178 aliorum
551 1145 772 1179 Romanorum
793 1145 985 1178 Pontificum

243 1197 355 1232 itidem
371 1198 657 1242 praedecessorum
671 1203 868 1239 nostrorum,
886 1199 925 1231 de
938 1208 987 1231 re·
1003 1210 1005 1226 ν

244 1252 303 1285 bus
317 1252 470 1286 ecclesiae
483 1262 549 1286 non
563 1253 752 1293 alienandis,
766 1252 901 1296 aliisque
915 1262 989 1296 apo-

243 1306 376 1347 stolicis,
393 1316 532 1339 necnon
550 1306 581 1339 in
595 1306 841 1344 universalibus,
858 1307 988 1350 provin·
1004 1314 1005 1321 ¹

245 1359 379 1393 cialibus
411 1365 442 1393 et
472 1360 680 1404 synodalibus
707 1361 851 1394 conciliis
876 1352 1006 1407 editis,}

244 1414 439 1457 specialibus
459 1414 507 1447 vel
528 1415 733 1457 generalibus
754 1414 1006 1449 constitutioni-³

245 1468 305 1501 bus
325 1474 356 1502 et
377 1468 647 1509 ordinationibus,
668 1480 727 1502 nec
751 1480 816 1503 non
841 1470 985 1513 singula-

246 1532 319 1555 rum
334 1522 542 1555 ecclesiarum
562 1528 590 1555 et
605 1523 843 1566 provinciarmn
862 1525 989 1568 praedi-
1005 1523 1006 1532 ¹

245 1581 381 1618 marum,
403 1577 498 1610 etiam
522 1578 717 1619 iuramento,
741 1580 988 1613 confirn‘iatione

245 1630 444 1674 apostolica,
474 1632 523 1665 vel
544 1633 655 1676 quavis
675 1633 827 1666 firmitate
848 1634 908 1667 alia
931 1645 985 1667 ro-

246 1684 385 1724 boratis,
416 1685 561 1725 statutis,
586 1686 892 1727 consuettuliuilms,
921 1693 985 1720 sta-

247 1737 433 1779 bilimentis,
456 1739 568 1772 usibus
597 1744 628 1772 et
656 1739 793 1779 naturis,
818 1740 990 1774 erectioni-

247 1791 327 1832 bus,
356 1791 616 1825 institutionibus
642 1799 673 1825 et
703 1793 1007 1837 exeinptioniluis,³

247 1845 424 1889 privilegiis
456 1857 587 1890 quoque
604 1873 610 1887 ,
646 1846 779 1880 indultis
810 1853 838 1880 et
876 1848 990 1881 litteris

248 1899 443 1943 apostolicis,
471 1900 533 1933 illis
564 1911 741 1945 earumque
773 1902 987 1945 praesulibus,

248 1953 507 1997 praesidentibus
522 1982 529 1995 ,
568 1955 717 1999 capitulis
753 1961 783 1988 et
817 1956 965 2000 personis
980 1984 987 1997 ,

249 2007 308 2040 sub
337 2006 596 2051 quibuscumque
619 2008 783 2041 tenoribus
812 2015 843 2042 et
868 2009 991 2050 formis,

250 2071 287 2094 ac
307 2071 379 2094 cum
401 2061 567 2105 quibu'svis
588 2061 684 2094 etiam
710 2063 990 2104 derogatoriarum
1008 2082 1010 2095 .

251 2115 475 2157 derogatoriis,
497 2115 632 2159 aliisque
645 2116 882 2150 efficacioribus
902 2122 932 2150 et
946 2118 992 2150 in-

250 2168 352 2202 solitis
373 2169 536 2209 clausulis,
559 2180 619 2202 nec
638 2180 704 2203 non
725 2170 938 2211 irritantibus,
963 2176 1011 2204 et¹

252 2221 322 2255 aliis
342 2222 480 2255 decretis
494 2250 502 2263 ,
524 2223 619 2256 etiam
646 2223 707 2256 vim
731 2229 915 2257 contractus
936 2224 993 2257 ba·

251 2275 401 2309 bentibus
414 2288 469 2310 seu
485 2277 723 2317 inducentibus,
740 2288 798 2321 per
811 2278 1011 2321 praedictos!

252 2334 283 2363 et
302 2341 525 2374 quoscumque
543 2330 623 2364 alios
641 2332 807 2364 Romanos
824 2331 996 2364 Pontifices

252 2383 400 2416 similiter
414 2384 681 2427 praedecessores
695 2390 832 2425 nostros,
850 2396 886 2417 ac
900 2385 994 2417 etiam

253 2447 322 2478 nos,
342 2444 373 2471 et
390 2438 507 2471 dictam
526 2438 654 2477 Sedent,
672 2437 766 2471 etiam
783 2444 883 2478 motu,
900 2438 999 2471 scien-

254 2491 310 2531 tia,
333 2492 468 2525 consilio
490 2498 520 2525 et
539 2492 706 2536 potestatis
725 2491 926 2535 plenitudine
945 2502 998 2535 pa-

256 2545 357 2587 ribus,
381 2556 417 2579 ac
438 2556 474 2579 ex
494 2546 590 2579 certis
611 2551 686 2578 tunc
707 2545 874 2589 expressis,
903 2545 998 2577 etiam

256 2599 520 2633 consistorialiter
555 2600 730 2644 propositis
763 2605 793 2632 et
829 2599 1000 2641 diligenter

257 2652 468 2694 examinatis,
493 2653 587 2686 etiam
609 2664 668 2698 per
688 2648 822 2686 modum
852 2652 999 2696 perpetui

258 2706 381 2747 statuti,
404 2707 580 2740 sanctionis
601 2713 632 2741 et
651 2705 874 2746 ordinationis,
896 2706 928 2738 in
949 2716 1002 2747 ge-

307 2768 385 2797 Bull.
403 2769 483 2797 Rom.
504 2770 562 2796 Vol.
579 2770 628 2797 XI.
845 2769 880 2795 20

1016 297 1071 322 riu
1098 298 1142 321 rr.

1014 355 1091 377 nere
1105 345 1152 378 vel
1175 345 1205 377 iu
1220 345 1337 388 specie,
1355 356 1391 377 ac
1410 344 1488 377 alias
1501 342 1759 387 qiomodolibet,

1015 398 1111 431 etiam
1127 399 1247 431 iteratis
1262 405 1293 431 ct
1307 398 1528 442 inultildicatis
1542 397 1675 437 vicibus,
1688 407 1760 430 con-

1016 451 1121 491 cessis,
1154 451 1341 494 approbatis
1374 457 1404 484 et
1436 451 1606 484 innovatis.
1636 450 1759 489 Quibus

1016 505 1178 543 omnibus,
1200 506 1325 538 etiamsi
1345 506 1384 538 de
1404 505 1466 538 illis
1484 515 1664 548 eorumque
1687 504 1760 538 totis

1017 557 1183 591 tenoribus
1203 558 1362 602 specialis,
1386 558 1549 601 specifica,
1567 567 1716 601 expressa
1730 562 1761 590 ct

1017 611 1200 653 individua,
1223 623 1259 645 ac
1280 613 1319 645 de
1339 613 1437 645 verbo
1459 613 1498 645 ad
1520 612 1666 652 verbum,
1694 621 1760 644 non

1017 670 1125 698 autem
1146 676 1204 708 per
1225 666 1385 698 clausulas
1409 666 1577 707 generales
1598 664 1683 698 idem
1702 664 1762 696 im-

1018 723 1194 761 portantes,
1220 719 1340 751 mentio
1372 729 1428 751 seu
1457 719 1588 762 quaevis
1616 717 1678 750 alia
1704 729 1758 751 ex-

1019 771 1141 815 pressio
1162 772 1321 807 habenda,
1336 777 1390 804 aut,
1404 772 1512 815 aliqua
1530 771 1590 803 alia
1605 770 1763 814 exquisita

1019 825 1122 857 forma
1142 825 1181 857 ad
1203 825 1263 857 hoc
1285 825 1441 857 servanda
1462 826 1558 863 soret,
1583 833 1696 857 eorum
1718 828 1763 856 te-

1020 887 1115 910 nores
1128 878 1353 921 pracsentibus
1370 888 1429 921 pro
1447 877 1542 920 plene
1556 882 1587 909 et
1602 876 1763 909 sufficien-

1023 937 1070 963 ter
1090 931 1257 974 expressis,
1278 942 1315 963 ac
1332 931 1372 964 de
1390 931 1486 963 verbo
1505 930 1545 963 ad
1566 930 1699 963 verbum
1715 929 1763 961 in-

1020 983 1113 1016 sertis
1137 984 1303 1023 habentes,
1328 984 1391 1017 illis
1412 984 1489 1016 alias
1510 983 1542 1016 in
1563 993 1620 1015 suo
1645 982 1763 1015 robore

1021 1037 1252 1080 permansuris,
1274 1037 1312 1069 ad
1331 1036 1584 1080 praemissorum
1604 1035 1764 1075 effectum,

1021 1090 1081 1123 hac
1094 1090 1162 1123 vice
1181 1091 1355 1130 dumtaxat,
1376 1089 1558 1134 specialiter
1572 1093 1603 1122 et
1616 1098 1764 1132 expresse

1022 1153 1058 1176 ac
1075 1144 1229 1176 latissime
1247 1144 1453 1186 derogamus,
1469 1141 1671 1186 caeterisque
1689 1151 1765 1174 con-

1023 1196 1129 1229 trariis
1146 1197 1422 1240 quibuscumque:
1445 1206 1517 1229 cum
1540 1194 1692 1228 clausulis
1713 1204 1766 1239 op-

1023 1250 1170 1293 portunis
1191 1255 1221 1283 et
1246 1249 1418 1283 consuetis.
1449 1250 1584 1292 Insuper
1605 1247 1766 1281 voluimus

1024 1303 1203 1336 litterarum
1218 1304 1363 1346 Gregorii
1382 1301 1642 1347 praedecessoris
1659 1301 1767 1334 huius-

1024 1357 1123 1397 modi,
1148 1363 1179 1390 et
1200 1357 1337 1390 aliorum
1359 1356 1612 1400 praemissorum
1634 1365 1670 1387 ac
1691 1354 1765 1387 inde

1005 1445 1006 1456 ,
1023 1418 1236 1455 sequutorum
1252 1423 1537 1456 quorumcumque
1552 1417 1692 1452 tenores,
1707 1422 1766 1445 nec

1023 1477 1086 1499 non
1106 1467 1208 1499 litium
1228 1472 1255 1499 et
1275 1466 1568 1499 controversiarum
1586 1465 1768 1509 praedicta-

1005 1541 1006 1564 ᾗ
1024 1530 1095 1552 run]
1111 1531 1222 1553 CHUSUS
1243 1527 1273 1553 CL
1293 1520 1491 1560 OCCssSlOssCS,
1509 1530 1686 1563 earumque
1705 1524 1768 1552 Sia-

1024 1579 1089 1606 tum
1106 1579 1135 1607 ct
1153 1574 1278 1613 merita,
1295 1585 1332 1607 ac
1350 1573 1563 1607 cardinalimn
1582 1578 1613 1606 et
1629 1573 1767 1606 aliorum

1005 1657 1006 1662 ,
1025 1627 1166 1661 iudicum
1190 1628 1322 1662 nomina
1343 1634 1373 1661 et
1394 1627 1599 1670 cognomina,
1623 1638 1682 1661 nec
1702 1638 1768 1660 non

1025 1692 1307 1726 quorumcumque
1324 1682 1479 1715 interesse
1493 1681 1682 1714 habentium
1698 1680 1768 1714 iura

1025 1742 1055 1768 et
1083 1736 1243 1776 actiones,
1276 1736 1416 1769 rationes
1445 1741 1475 1769 et
1503 1734 1765 1779 praetensiones‚

1024 1791 1226 1833 singularum
1248 1789 1458 1823 ecclesiarum
1478 1795 1508 1822 et
1525 1788 1767 1833 provinciarum

1025 1845 1263 1889 praedictarum
1280 1844 1461 1888 qualitates,
1479 1843 1679 1883 situationes,
1697 1852 1770 1875 con-

1026 1898 1105 1931 fines
1115 1903 1146 1931 et
1156 1898 1448 1939 denominationes,
1461 1903 1651 1940 caeteraque
1661 1897 1770 1929 omnia

1026 1958 1056 1986 et
1069 1952 1196 1995 singula
1212 1952 1243 1984 in
1261 1951 1446 1995 praemissis
1460 1957 1490 1984 et
1508 1951 1594 1983 circa
1608 1961 1645 1983 ea
1658 1960 1769 1983 neces-

1026 2006 1110 2039 saria
1131 2005 1352 2049 exprimenda,
1378 2005 1409 2037 in
1431 2004 1524 2037 dictis
1542 2003 1655 2037 litteris
1675 2014 1771 2047 super

1027 2059 1251 2104 praesentibus
1272 2058 1482 2092 conficiendis
1500 2058 1612 2091 baberi
1633 2068 1691 2101 pro
1713 2068 1767 2090 ex-

1028 2115 1156 2158 pressis,
1180 2125 1235 2147 seu
1254 2114 1285 2146 in
1307 2119 1375 2146 toto
1392 2114 1441 2146 vel
1463 2113 1494 2146 in
1514 2119 1605 2157 parte
1624 2112 1770 2156 exprimi,

1028 2179 1064 2200 ac
1083 2168 1211 2200 easdem
1234 2167 1356 2200 litteras
1377 2167 1472 2200 simul
1494 2167 1542 2199 vel
1569 2166 1609 2199 ad
1630 2171 1768 2209 partem,

1029 2221 1123 2254 etiam
1139 2232 1212 2253 cum
1234 2220 1488 2264 praemissorum
1503 2219 1649 2253 omnium
1665 2224 1695 2251 et
1708 2218 1772 2251 sin-

1030 2276 1197 2317 gulorum,
1229 2274 1325 2307 etiam
1352 2273 1563 2317 qualitatum,
1596 2271 1771 2304 invocatio-

1030 2339 1119 2369 num,
1141 2328 1433 2371 nuncupationum,
1455 2326 1769 2361 (lenoniinationum,

1031 2381 1252 2421 situationum,
1267 2380 1596 2418 circumstantiarum,
1614 2379 1709 2412 etiam
1724 2390 1774 2420 ag·-

1032 2435 1254 2477 gravantium,
1283 2434 1487 2477 aliorumque
1516 2432 1772 2465 necessariorum

1033 2489 1146 2522 maiori
1166 2495 1192 2521 et
1216 2488 1331 2521 veriori
1349 2486 1588 2531 specificatione
1603 2491 1632 2518 et
1647 2495 1774 2528 expres-

1033 2544 1123 2576 sione
1142 2543 1236 2577 etiam
1258 2541 1351 2575 riaui¹
1375 2541 1509 2585 perinde
1530 2540 1646 2579 valere,
1664 2538 1718 2571 ubi
1744 2544 1775 2571 ct

1073 2670 1081 2695 1
1105 2668 1146 2694 Sic
1167 2667 1248 2694 babet
1268 2666 1332 2693 edit.
1349 2665 1428 2692 Main.
1448 2673 1497 2692 nec
1518 2664 1603 2691 facilis
1620 2663 1776 2692 coniectura

1035 2712 1067 2739 de
1084 2721 1164 2739 seusu
1181 2713 1223 2738 vel
1244 2710 1441 2738 emendatione.

1662 284 1726 319 153
1773 294 1822 321 An.
1839 293 1867 321 c.
1893 293 1959 321 1604
