2227 3241
84 237 133 264 An.
150 237 180 264 C.
199 236 266 265 1608

105 996 181 1017 Paulus
190 1000 266 1017 eonce-

81 1023 113 1044 dit
133 1022 173 1044 iter
191 1028 230 1049 per
244 1028 265 1043 a·

81 1050 130 1070 liam
152 1049 208 1070 viam
224 1049 264 1070 sibi

81 1075 183 1097 honavtsa
236 1076 266 1097 sa-

81 1104 144 1124 ciant.

923 238 1045 263 mnus
1066 238 1084 261 v
1106 239 1155 262 pr.
1700 226 1765 261 503

283 287 372 319 mora
393 290 423 318 et
444 285 647 319 excusatione
673 291 839 325 cessante,
864 286 903 319 ad
925 286 1025 319 dictas
1041 297 1043 311 ³
1058 286 1315 330 praedecessoris
1337 286 1438 319 forma
1461 286 1491 318 in
1514 284 1664 318 omnibus
1693 290 1723 318 et
1742 295 1800 328 per

282 338 403 371 Insulas
427 337 626 382 Philippinas
658 338 704 371 vet
739 339 817 371 alias
846 345 951 383 partes
976 339 1024 372 In-
1041 331 1043 367 l
1059 340 1178 375 omnia,
1207 345 1235 372 et
1258 350 1321 372 non
1349 339 1436 374 alias.
1461 338 1677 372 transmittere
1698 338 1799 371 libere

282 391 407 424 diarum
434 391 687 426 Occidentalium
722 392 836 425 reverti
863 398 893 425 et
918 392 1024 425 redire
1040 390 1043 430 J
1058 399 1086 425 et
1113 393 1197 426 licite
1224 393 1359 429 valeant,
1389 392 1577 426 auctoritate
1604 392 1796 436 apostolica,

281 444 415 478 omnino
438 450 641 486 tenerentur,
663 450 691 478 et
718 445 756 477 ad
792 444 821 477 id
851 455 909 488 per
929 454 1024 488 quos·
1040 484 1041 487 Ἴ
1059 451 1171 479 tenore
1194 446 1420 489 praesentium,
1443 446 1658 488 indulgemus.

281 497 552 543 cumqueiudices
567 497 798 532 ecclesiasticos
821 498 880 531 sub
903 497 1022 531 eisdem
1040 493 1041 511 ³
1103 501 1118 541 ξ
1137 499 1166 531 4.
1185 500 1251 532 Non
1268 499 1468 533 obstantibus
1482 499 1653 533 interdicto
1679 505 1709 533 et
1729 511 1800 544 pro-

281 558 310 584 et
331 551 401 584 aliis
423 561 533 584 eorum
553 551 688 584 arbitrio
710 550 893 594 infligendis
910 551 1023 595 poenis
1040 554 1041 598 ξ
1057 551 1280 594 bibitionibus,
1295 564 1331 585 ac
1353 553 1466 586 litteris
1487 553 1645 586 dictorum
1665 553 1799 597 praede-

281 604 352 647 cogi
373 610 404 638 et
430 604 581 648 compelli
602 610 742 648 possent:
767 610 863 648 prout
880 605 910 637 in
932 604 1023 637 dictis
1040 599 1041 620 ³
1057 616 1241 646 cessorum,
1267 607 1400 650 aliisque
1426 608 1629 651 praemissis,
1654 619 1712 642 nec
1733 618 1799 641 non

281 657 426 701 Gregorii
459 668 496 691 ac
531 657 705 701 praedictis
731 658 902 691 Clementis
928 667 1022 701 prae-
1040 660 1041 708 i
1057 661 1258 703 apostolicis,
1283 672 1317 694 ac
1343 660 1391 694 in¹
1415 662 1640 706 synodalibus,
1664 662 1796 706 provin-

282 712 486 745 deeessorum
507 711 644 755 desuper
663 711 757 744 etiam
778 711 808 744 in
828 712 929 744 forma
948 712 1022 744 Bre-
1040 737 1041 745 i
1058 713 1191 746 cialibus
1217 720 1247 747 et
1277 715 1510 748 universalibus
1532 715 1675 748 conciliis
1697 715 1800 755 editis,

282 764 326 797 vis
358 763 416 797 sub
442 764 552 797 datum
579 764 699 797 Rornae
725 764 809 808 apud
834 764 864 797 S.
893 764 1021 797 Petrum
1040 752 1041 792 l
1057 767 1249 809 specialibus
1264 767 1309 799 vel
1329 767 1544 809 generalibus,
1565 767 1800 801 constitutioni-

281 818 339 851 sub
365 818 484 851 annulo
504 817 675 851 Piscatoris
700 817 751 851 die
777 828 821 852 xi1
843 818 1023 851 decembris
1057 819 1115 852 bus
1137 825 1164 852 et
1179 820 1448 861 ordinationibus,
1465 831 1522 854 nee
1538 831 1600 854 non
1616 821 1799 864 praedictae

281 881 356 913 unc,
378 870 582 916 pontificatus
607 871 657 905 sui
685 881 769 905 anno
795 882 847 912 tx,
871 869 1023 905 confectis
1057 872 1223 906 Societatis
1252 874 1339 913 lesu,
1362 873 1564 917 aliarumque
1595 873 1798 916 Religionum

281 924 395 959 litteris
415 924 541 969 plenius
562 925 746 959 continetur
759 925 778 958 ¹.
1058 925 1296 969 provinciarum
1317 932 1347 960 et
1361 926 1529 969 regionum
1544 928 1798 971 praedictarum,

326 980 342 1021 ξ
360 977 390 1012 3.
415 978 491 1012 Cum
513 984 632 1019 autem,
653 979 735 1012 sicut
753 990 789 1012 ex
808 979 1023 1013 insinuatione
1040 971 1042 1047 l
1057 979 1252 1017 iuramento,
1276 979 1524 1013 confirmatione
1545 980 1733 1024 apostolica,
1752 981 1799 1014 vel

282 1032 437 1067 carissimi
463 1032 494 1065 in
520 1032 644 1067 Christo
668 1032 724 1065 filii
755 1033 854 1067 nostri
885 1033 1022 1077 Philippi
1040 1073 1041 1084 η
1058 1031 1169 1075 quavis
1194 1032 1345 1065 firmitate
1371 1033 1432 1065 alia
1459 1033 1630 1073 roboratis,
1658 1034 1795 1074 statutis,

281 1085 508 1130 Hispaniarum
533 1086 617 1129 regis
651 1086 798 1141 catwlici
826 1086 1020 1130 accepimus,
1040 1092 1041 1118 1
1058 1091 1088 1118 et
1113 1086 1423 1126 consuetudinibus,
1451 1086 1626 1130 privilegiis
1656 1097 1797 1130 quoque,

282 1140 479 1184 experientia
498 1145 701 1184 compeitum
727 1139 777 1180 sit,
807 1140 892 1184 quod
914 1139 1023 1183 prohi-
1040 1136 1041 1160 ἶ
1058 1138 1201 1179 indultis,
1216 1145 1245 1172 et
1257 1139 1369 1172 litteris
1384 1140 1580 1184 apostolicis,
1598 1140 1659 1173 illis
1673 1150 1801 1174 eorum-

282 1193 364 1227 bitio
393 1193 568 1227 accedendi
601 1194 640 1227 ad
669 1193 773 1227 Indias
806 1199 833 1226 et
864 1193 1120 1235 civitatemtque
1145 1193 1307 1236 praelatis,
1337 1193 1560 1237 superioribus
1585 1199 1615 1227 et
1639 1194 1797 1237 personis,

282 1248 481 1283 Goanensem
504 1248 581 1282 alias
609 1259 705 1292 quam
731 1258 789 1292 per
815 1247 1020 1287 Lusitaniam,
1040 1249 1042 1285 t
1059 1246 1156 1278 etiam
1183 1246 1432 1290 particularibus
1457 1247 1516 1280 sub
1542 1246 1802 1291 quibuscumque

281 1313 340 1336 nec
360 1302 414 1346 qui
440 1303 631 1347 sperabatur
655 1314 691 1336 ex
713 1313 750 1337 eo
779 1303 917 1336 fructum
948 1293 1225 1346 pro-{tenoribus
1258 1306 1287 1333 et
1318 1300 1439 1340 formis,
1468 1312 1504 1333 ae
1533 1311 1604 1333 cum
1638 1300 1802 1344 quibusvis

283 1356 375 1397 tulit,
399 1366 505 1400 neque
536 1356 718 1390 Catholicae·
750 1356 836 1389 Fidei
858 1366 1020 1400 propaga·
1041 1346 1154 1393 letiam
1177 1354 1453 1396 derogatoriarutn
1476 1354 1700 1397 derogatoriis,
1722 1354 1802 1388 aliis-

284 1410 380 1444 tionis
397 1410 534 1453 negocio
563 1410 650 1443 utilis
675 1410 750 1450 fuit,
773 1420 831 1443 nos
856 1410 1024 1453 pastoralis
1041 1401 1042 1463 i
1059 1418 1121 1451 que
1142 1407 1379 1440 efficacioribus
1410 1414 1438 1441 et
1472 1408 1606 1441 insolitis
1636 1408 1798 1447 clausulis,

282 1463 379 1497 officii
397 1463 498 1497 nostri
516 1463 635 1504 debito,
657 1468 691 1496 ut
712 1468 834 1497 tantum
854 1473 935 1507 opus
953 1463 1020 1503 Dei,
1041 1470 1094 1521 iac
1120 1461 1320 1494 irritantibus
1357 1467 1387 1494 et
1422 1461 1492 1494 aliis
1524 1462 1677 1503 decretis,
1706 1462 1800 1496 etiam

281 1518 368 1552 omni
390 1518 517 1552 sublato
539 1517 782 1562 impedimento,
801 1517 899 1550 libere
914 1518 1024 1561 peragi
1041 1527 1043 1558 t
1060 1521 1149 1548 motu
1170 1515 1315 1558 proprio,
1338 1520 1363 1547 et
1388 1525 1423 1548 ex
1442 1518 1527 1549 certa
1542 1515 1686 1557 scientia,
1706 1526 1741 1549 ac
1763 1517 1802 1550 de

281 1571 391 1616 possit,
408 1577 564 1616 quantuni
580 1571 751 1605 humilitati
769 1577 896 1605 nostrae
911 1572 1023 1605 exalto
1041 1573 1043 1617 ξ
1059 1568 1256 1612 apostolicae
1275 1568 1440 1612 potestatis
1458 1569 1670 1612 plenitudine,
1695 1569 1726 1602 in
1747 1580 1801 1612 ge-

281 1625 480 1666 conceditur,
499 1624 667 1669 pro‘videre
681 1625 835 1665 volentes,
851 1625 1024 1658 dictarum-
1041 1619 1043 1657 l
1059 1632 1136 1655 nerc
1156 1623 1202 1655 rel
1225 1622 1256 1655 in
1271 1622 1388 1666 specie,
1410 1633 1445 1655 ac
1467 1623 1544 1656 alias
1558 1623 1801 1667 quomodolibet

282 1689 343 1722 que
382 1679 562 1712 litterarum
601 1678 747 1721 Gregorii
787 1684 814 1711 et
855 1674 1231 1716 metuentis-³concessis,
1256 1677 1441 1720 approbatis
1467 1683 1496 1710 et
1522 1677 1691 1711 innovatis.
1720 1677 1804 1717 Qui-

281 1732 567 1776 praedecessorum
586 1738 712 1765 tenores
728 1731 951 1776 praesentibus
965 1741 1024 1776 pro
1041 1738 1043 1763 t
1059 1730 1118 1764 bus
1140 1731 1291 1764 omnibus
1318 1731 1456 1771 (etiamsi
1482 1742 1541 1775 pro
1567 1732 1696 1765 illorum
1714 1733 1804 1766 suffi-

282 1786 437 1831 expressis
458 1786 630 1827 habentes,
655 1786 805 1819 omnibus
832 1792 863 1819 ct
890 1785 1025 1829 singulis
1041 1788 1043 1825 j
1060 1783 1154 1817 cienti
1177 1784 1386 1827 derogatione
1413 1785 1490 1818 alias
1518 1786 1556 1818 de
1586 1785 1648 1818 illis
1668 1796 1799 1819 eorum-

281 1839 530 1874 Mendicantium
561 1839 717 1874 Ordinum
750 1839 929 1882 magistris,
958 1840 1021 1872 mi-

281 1893 389 1928 nistris
429 1904 486 1928 seu
522 1893 685 1938 prioribus
713 1893 939 1936 generalibus,
971 1899 1023 1927 aut

281 1947 351 1980 aliis
372 1943 579 1992 quocumque
601 1947 732 1981 nomine
753 1947 948 1991 nuncupatis
969 1947 1024 1981 Or-

281 2001 392 2034 dinum
424 2001 582 2045 capitibus
614 2011 700 2034 nunc
730 2007 760 2034 et
791 2012 849 2045 pro
878 2006 1025 2044 tempore

281 2054 501 2095 existentibus,
525 2060 569 2095 ut,
593 2065 665 2088 cum
692 2055 863 2088 necessitas
884 2054 1025 2099 postula-

281 2108 372 2149 verit,
389 2109 550 2153 quoslibet
567 2108 694 2143 Ordinis
706 2108 754 2142 sui
766 2114 927 2153 spectatae
942 2108 1023 2141 vitae

281 2167 310 2196 et
332 2161 523 2196 eruditionis
550 2162 739 2205 religiosos,
764 2171 845 2205 quos
870 2161 1024 2194 nimirum

282 2216 321 2249 ad
349 2216 515 2260 praedicta
547 2208 654 2249 officia
685 2222 715 2249 ct
747 2215 857 2248 munia
892 2215 1045 2249 idoncos-

282 2274 311 2303 et
330 2269 423 2303 utiles
444 2270 511 2303 sore
534 2270 563 2302 in
585 2269 721 2303 Domino
740 2269 962 2307 iudicaverint,
986 2269 1025 2302 ad

281 2323 465 2368 superiores
486 2323 640 2357 Ordinum
664 2323 694 2356 in
710 2323 770 2356 illis
780 2323 931 2366 ‘partibus
946 2322 1025 2356 exis-

282 2382 395 2418 tentes,
417 2377 511 2411 etiam
534 2388 591 2421 per
612 2377 705 2409 aliam
732 2377 812 2409 viam
840 2387 935 2420 quam
969 2388 1026 2420 per

282 2430 490 2471 Lusitaniam,
510 2430 539 2462 in
558 2429 723 2474 laponicas
741 2435 771 2463 ct
788 2429 865 2463 alias
879 2429 939 2462 illis
952 2440 1026 2473 pro-

283 2483 383 2518 ximas
407 2484 592 2518 adiacentes
629 2489 658 2517 et
697 2483 851 2516 finitimas
883 2483 1021 2523 insulas,

238 2553 242 2557 ·
282 2537 463 2581 provincias
484 2543 514 2571 et
529 2537 677 2580 regiones
691 2537 884 2581 praedictas,
901 2538 1023 2569 servata

283 2584 314 2623 i⁴n
336 2591 468 2634 reliquis
489 2591 839 2625 dictarumlitterarum
854 2590 1024 2625 Clementis
1042 2593 1043 2601 ¹

322 2655 329 2679 t
353 2652 424 2684 Quas
442 2653 500 2682 vide
530 2655 556 2682 in
579 2658 642 2682 tom.
661 2660 677 2680 x
697 2661 758 2690 pag,
780 2653 828 2681 631
850 2661 884 2684 ,ss-
907 2654 952 2687 m.

1059 1847 1121 1881 que
1148 1837 1220 1870 totis
1246 1837 1413 1870 tenoribus
1439 1837 1606 1881 specialis,
1629 1838 1799 1882 specifica,

1041 1902 1207 1938 ,expressa
1241 1896 1271 1924 et
1300 1891 1485 1929 individua,
1511 1903 1545 1925 ac
1571 1892 1609 1926 de
1637 1893 1736 1927 verbo
1763 1894 1802 1927 ad

1042 1945 1204 1982 ¹verbum,
1229 1956 1293 1978 non
1315 1951 1422 1978 autem
1448 1956 1506 1989 per
1527 1946 1685 1980 clausulas
1705 1956 1802 1989 gene-

1042 2023 1044 2052 ἰ
1060 1999 1141 2031 rates
1155 1998 1238 2032 idem
1259 1999 1481 2043 importantes,
1500 2000 1620 2033 mentio
1635 2010 1691 2033 seu
1709 2004 1803 2044 quae-

1042 2061 1043 2080 }
1060 2052 1104 2085 ris
1122 2052 1183 2085 alia
1198 2052 1358 2096 expressio
1374 2052 1521 2086 habenda
1541 2058 1595 2086 aut
1617 2053 1723 2097 aliqua
1741 2054 1802 2087 alia

1060 2106 1214 2149 exquisita
1241 2106 1343 2138 forma
1369 2107 1408 2139 ad
1434 2106 1494 2140 boc
1518 2107 1673 2140 servanda
1699 2108 1801 2150 esset)

1061 2165 1187 2193 tenores
1218 2159 1425 2200 huiusmodi,
1451 2171 1486 2194 ac
1518 2160 1543 2194 si
1575 2161 1613 2194 dc
1644 2161 1741 2194 rerbo'
1762 2162 1801 2194 ad

1059 2214 1206 2254 verbum>
1219 2208 1302 2247 'nihil
1318 2214 1445 2258 penitus
1463 2214 1582 2248 omisso
1601 2221 1630 2248 et
1648 2216 1751 2248 forma
1770 2215 1801 2248 in

1060 2268 1121 2301 illis
1137 2269 1254 2302 tradita
1271 2269 1437 2302 observata
1451 2269 1560 2303 inserti
1574 2270 1688 2309 forent,
1710 2280 1801 2313 prae-

1059 2322 1202 2355 sentibus
1223 2333 1282 2366 pro
1303 2323 1500 2357 sufficienter
1520 2323 1675 2367 expressis
1704 2329 1733 2356 et
1755 2323 1802 2356 in-

1059 2376 1149 2409 sertis
1175 2376 1350 2416 habentes,
1380 2376 1439 2409 liae
1464 2376 1530 2409 ricc
1560 2375 1743 2419 specialiter
1769 2382 1799 2408 et

1060 2441 1217 2474 expresse,
1233 2430 1432 2474 inquantum
1452 2431 1567 2463 nostris
1589 2429 1800 2473 prohibitioni

1060 2490 1087 2517 et
1110 2484 1281 2517 interdicto
1312 2484 1446 2528 aliisque
1479 2483 1661 2527 praemissis
1687 2483 1799 2516 adver-

1059 2542 1180 2578 sentur,
1206 2538 1318 2571 barum
1345 2537 1425 2571 serie
1452 2537 1657 2579 derogamus,
1683 2547 1718 2570 ac
1744 2537 1799 2570 dc-

1058 2596 1207 2633 rogatum
1229 2602 1296 2625 esse
1318 2597 1347 2624 et
1373 2590 1516 2629 censeri,
1547 2600 1651 2634 neque
1677 2590 1730 2623 illa
1756 2590 1800 2623 eis

1098 2656 1103 2679 t
1129 2654 1225 2688 Prae-1¹.
1246 2654 1273 2680 in
1293 2662 1339 2680 uos
1356 2652 1479 2679 addimus
1495 2659 1533 2686 tn.
1552 2658 1599 2679 r.»

1811 237 1860 263 An.
1883 236 1996 263 c.1608

1882 502 1997 528 Derogatio

1815 531 1976 550 ‘nanti-ariorum.
