2227 3241
218 280 270 309 An.
286 282 314 309 c.
341 281 406 311 1609
451 272 514 308 568

248 1722 357 1749 Philippus
370 1729 404 1744 rex

220 1750 247 1770 de
284 1751 403 1775 Apostolica

221 1776 276 1796 Sede
284 1778 360 1802 optime
367 1783 407 1797 me-

219 1804 279 1824 ritus.

259 2414 352 2434 Clemens
369 2414 404 2434 Vll

221 2439 296 2460 Carolo
306 2440 321 2459 V
330 2441 343 2460 ii
345 2447 404 2460 ιιιιιιι

221 2467 313 2494 minandi
326 2468 351 2487 du
364 2474 404 2493 qun

221 2498 240 2512 iu
257 2493 338 2513 rubrica
356 2499 405 2514 cou-

221 2521 320 2539 cesserat.

417 335 447 363 et
467 330 506 362 de
527 329 643 373 quibus
669 339 873 373 quorumque
896 329 968 362 totis
991 329 1155 362 tenoribus

416 383 455 415 de
478 382 574 415 verbo
595 382 633 414 ad
659 382 791 415 verbum
814 381 962 415 habenda
982 382 1021 415 sit
1043 382 1074 414 in
1096 382 1153 416 eis-

416 436 488 469 dem
511 435 623 469 litteris
649 435 768 469 mentio
788 436 945 479 specialis.

459 489 572 521 Datum
594 489 714 522 Romae
735 489 819 532 apud
844 494 989 521 sanctum
1015 489 1154 529 Petrum,

415 551 500 574 anno
520 541 751 574 Incarnationis
776 540 959 574 Dominicae
985 540 1155 574 millesimo

415 594 645 628 sexcentesimo
663 601 785 634 octavo,
803 604 854 628 xtv
868 594 1020 627 kalendas
1034 594 1156 628 februa-

417 647 466 688 rii,
491 647 696 690 pontificatus
716 647 816 681 nostri
838 658 921 681 anno
943 658 983 681 ιν.

453 708 508 735 bat.
527 708 570 736 die
595 710 624 736 19
640 708 752 736 ianuarii
775 708 851 743 1009,
874 709 966 745 pontif.
984 717 1024 736 an.
1042 715 1074 736 lv.

714 867 855 902 CXXXII.

415 964 600 999 nesam-atio
625 965 708 997 iuris
731 969 924 1008 patronatus
949 970 976 998 et
998 975 1153 1009 praesen-

461 1018 554 1051 tandi
575 1028 729 1061 personas
755 1017 886 1051 idoneas
911 1018 953 1051 ad
973 1018 1157 1061 metropoli-

461 1075 554 1104 tanas
578 1075 607 1103 el
631 1070 833 1104 cathedrales
857 1071 1004 1104 ecclesias
1029 1075 1057 1103 e!
1085 1081 1154 1102 mo-

461 1124 606 1157 nasteria
631 1124 729 1156 etiam
753 1124 1016 1165 consr'slorialz'a,
1045 1124 1080 1156 in
1105 1123 1156 1156 Si-

460 1177 557 1210 ciliae
595 1177 685 1210 ultra
721 1177 873 1210 Pharum
912 1181 941 1210 et
980 1176 1158 1210 Sardiniae

461 1230 589 1273 reynis,
615 1241 675 1274 pro
700 1230 859 1274 Philippo
884 1229 943 1263 III
968 1240 1040 1273 reyc
1067 1229 1154 1262 eius-

461 1295 522 1328 que
543 1285 624 1326 filio.

512 1381 691 1408 eharissimo
709 1381 739 1408 iu
755 1381 871 1409 Christo
888 1381 949 1409 filio
965 1384 1069 1409 nostro

472 1425 607 1459 Philippo
635 1425 845 1460 Hispaniarum
864 1426 927 1460 regi
956 1425 1106 1453 catholico

655 1489 764 1516 Paulus
786 1489 863 1522 Papa
883 1489 913 1516 V.

512 1577 690 1605 charissime
706 1577 737 1604 in
753 1577 870 1605 Christo
885 1577 928 1604 fili
944 1580 1057 1609 noster,

455 1624 584 1650 salutem
608 1626 638 1650 et
658 1622 854 1656 apostolicam
874 1623 1122 1650 benedictionem.

466 1713 482 1751 Ξ
517 1710 542 1743 l.
570 1711 686 1744 Tantus
715 1716 761 1743 est
791 1710 969 1743 dovotionis
991 1716 1063 1744 tuae
1084 1721 1160 1753 erga

421 1775 479 1797 nos
499 1770 526 1797 et
554 1763 771 1808 Apostolicam
793 1763 908 1797 Sedem
934 1763 1064 1797 affectus
1079 1791 1086 1804 ,
1117 1771 1160 1796 ta-

421 1817 523 1861 lisque
541 1817 571 1850 in
591 1822 620 1850 te
638 1817 712 1850 fidei
731 1816 907 1850 catholicae
925 1817 1161 1850 conservandae

420 1875 450 1903 et
471 1870 697 1914 propagandae
717 1870 823 1910 ardor,
844 1875 879 1903 ut
899 1880 963 1903 non
984 1870 1157 1910 immerito,

419 1934 501 1967 quae
530 1923 585 1955 tibi
616 1923 741 1967 tuisque
770 1923 1032 1966 progenitoribus
1057 1934 1074 1956 a
1099 1924 1161 1957 no-

420 1976 521 2009 manis
542 1976 751 2009 Pontificibus
776 1977 1078 2020 praedecessorilms
1102 1987 1160 2011 no-

419 2030 491 2063 stris
505 2040 656 2064 concessa
678 2030 818 2069 suerunt,
836 2030 946 2063 eadem
967 2040 1024 2063 nos
1040 2041 1161 2064 succes-

418 2083 544 2132 soribus
567 2083 627 2115 tuis
648 2082 743 2116 etiam
766 2083 902 2117 libenter
922 2083 1157 2126 indulgeamus,

419 2137 563 2169 firmam*
595 2137 624 2169 in
654 2136 790 2170 Domino
818 2147 907 2180 spem
929 2136 1158 2180 concipientes,

419 2190 505 2233 quod
530 2200 730 2223 successoros
753 2190 819 2229 tui,
848 2189 949 2232 gratia
979 2189 1038 2223 sibi
1063 2189 1158 2223 assis-

420 2248 504 2276 tente
518 2243 643 2285 divina,
663 2248 796 2286 paterna
826 2248 856 2276 et
882 2242 965 2276 avita
993 2248 1162 2287 sequentes

420 2297 588 2340 exempla,
622 2295 753 2340 paribus
784 2295 879 2328 etiam
914 2296 1162 2340 praefulgebunt

421 2349 553 2383 meritis.

465 2405 492 2445 g.
514 2403 544 2435 ⁶2.
567 2402 651 2436 Alias
671 2401 829 2445 siquidem
852 2401 950 2435 felicis
971 2401 1162 2435 recordatio-

421 2456 468 2489 nis
488 2456 633 2490 Clemens
659 2456 743 2499 Papa
770 2454 831 2495 Vll,
859 2455 1088 2498 praedecessor
1105 2466 1161 2489 no-

420 2515 496 2551 ster,
514 2510 618 2543 clarae
637 2509 811 2542 iiiemoriae
832 2509 944 2543 Carolo
958 2509 981 2541 V
1002 2510 1161 2543 Romano-

423 2573 492 2595 rum
514 2561 700 2606 imperatori
722 2567 797 2595 tunc
814 2561 845 2594 in
872 2562 1020 2595 humanis
1040 2562 1157 2604 agenti,

422 2626 479 2649 avo
501 2621 567 2657 tuo,
591 2616 632 2649 ob
658 2615 726 2648 eius
757 2615 922 2659 praeclara
953 2615 982 2647 in
1013 2615 1159 2648 eamdem

461 2680 467 2705 l
492 2679 563 2706 Edit.
587 2679 667 2706 Main.
685 2679 749 2714 legit
764 2679 940 2714 firmamque
955 2678 996 2712 (n.
1012 2678 1061 2713 τ.).

1000 281 1183 307 BULLAMUM
1199 281 1353 308 Romanum

1174 1348 1176 1355 ·
1193 1335 1230 1368 ad
1245 1334 1534 1379 praesentationem
1551 1334 1734 1368 huiusmodi
1748 1334 1934 1378 praeficien-

1193 2677 1232 2711 (τιΔ
1249 2677 1297 2711 τ.).

1940 282 1991 310 An.
2012 281 2128 312 0:1609

1189 328 1302 363 Sedem
1329 329 1453 370 merita,
1477 329 1517 363 de
1542 335 1617 363 tunc
1641 330 1843 363 existentium
1869 331 1929 364 sra-

1191 386 1273 416 lrum
1299 392 1430 416 suorum
1456 382 1486 416 S.
1506 383 1542 416 R.
1566 383 1599 416 E.
1621 383 1833 417 cardinalium
1854 395 1930 417 con-

1189 435 1273 476 silio,
1297 436 1535 480 iuspatronatus
1556 442 1586 469 et
1609 437 1835 480 praesentandi
1856 448 1929 481 per-

1189 497 1284 521 sonas
1298 488 1429 522 idoneus
1443 489 1481 522 ad
1500 488 1700 522 cathedrales
1718 495 1747 522 et
1767 494 1929 533 metropo-

1191 541 1303 574 litanas
1326 541 1475 575 ecclesias
1493 541 1524 574 in
1544 541 1670 575 Siciliae
1688 541 1773 574 ultra
1790 541 1929 574 Pharum

1191 599 1221 626 et
1244 593 1410 627 Sardiniae
1442 593 1548 636 regnis
1573 600 1603 626 et
1627 593 1740 626 insulis
1755 621 1762 634 ,
1790 603 1929 637 quornm

1191 657 1243 680 rex
1275 652 1306 680 ot
1337 646 1488 680 dominus
1519 646 1550 679 in
1582 646 1814 690 temporalibus
1845 645 1929 680 idem

1190 699 1319 733 Carolus
1344 699 1520 742 imperator
1540 705 1615 732 tunc
1639 699 1804 740 existebat,
1827 699 1931 732 consi-

1190 758 1319 793 stentes,
1343 752 1468 796 quoties
1489 751 1559 785 illas
1582 762 1696 785 vacare
1716 751 1930 794 contingeret,

1191 805 1345 849 quamdiu
1361 805 1444 839 idem
1459 805 1589 840 Carolus
1607 805 1782 849 imperator
1798 805 1928 848 viveret,

1192 858 1373 899 reservavit,
1397 863 1494 902 atque
1518 858 1705 892 concessit¹.

1236 909 1301 954 53.
1333 910 1370 944 Et
1398 911 1515 945 deinde
1543 911 1735 945 recolendae
1755 910 1939 945 memoriae·
1979 923 2041 954 *Quod
2052 923 2129 944 deinde

1191 963 1294 997 Sixtus
1307 964 1392 1008 Papa
1404 964 1439 1005 V,
1451 964 1544 998 etiam
1560 964 1791 1008 praedecessor
1807 970 1927 1005 noster,
1945 949 2052 1006 &diffiido
2066 949 2131 996 'lot-²

1191 1017 1296 1051 clarae
1314 1017 1461 1051 similiter
1482 1018 1657 1051 memoriae
1678 1017 1826 1062 Philippo
1843 1017 1931 1061 geni·
1945 1005 2009 1024 ΜΝ
2022 1002 2128 1024 smum

1193 1069 1251 1103 tori
1272 1075 1336 1111 tuo,
1352 1070 1507 1114 quamdiu
1520 1070 1573 1103 ille
1591 1070 1720 1110 viveret,
1735 1076 1776 1111 et,
1794 1070 1849 1103 illo
1866 1068 1932 1104 vita

1192 1122 1311 1162 functo,
1336 1121 1393 1154 tibi
1423 1122 1582 1163 similiter,
1606 1122 1761 1166 quamdiu
1785 1122 1906 1156 viveres
1921 1149 1928 1163 ‚

1193 1174 1431 1219 iuspatronatus
1459 1180 1489 1208 et
1518 1175 1746 1219 praesentandi
1779 1185 1932 1219 personas

1193 1227 1325 1261 idoneas
1345 1227 1403 1260 sibi
1426 1233 1457 1261 et
1480 1238 1539 1272 pro
1560 1233 1706 1272 ternpore
1727 1227 1933 1262 existentibus

1192 1281 1343 1314 Romanis
1363 1280 1572 1314 Pontificibus
1592 1281 1830 1314 suecessoribus
1854 1280 1929 1322 suis,

1193 1389 1248 1422 das
1276 1388 1315 1421 ad
1343 1398 1562 1431 quascumque
1593 1388 1814 1428 cathedrales,
1837 1387 1932 1421 etiam

1194 1441 1457 1484 metropolitanas
1477 1441 1637 1481 ccclesias,
1654 1452 1690 1473 ac
1710 1451 1934 1484 quaecumque

1194 1493 1397 1534 monasteria,
1418 1493 1512 1527 etiam
1534 1493 1780 1533 consistorialia‚
1796 1493 1828 1526 in
1848 1493 1930 1527 Sici*

1194 1548 1254 1581 liae
1286 1548 1368 1581 ultra
1400 1548 1540 1580 Pharum
1572 1553 1603 1580 et
1631 1547 1796 1581 Sardiniae
1828 1547 1934 1590 regnis

1194 1601 1364 1646 praedictis
1395 1611 1432 1633 ac
1459 1601 1586 1634 illorum
1618 1600 1729 1634 insulis
1752 1600 1931 1634 consisten-

1196 1655 1248 1695 tia,
1272 1654 1398 1698 quoties
1419 1654 1488 1686 illas
1508 1660 1538 1686 et
1564 1653 1617 1686 illa
1643 1653 1881 1697 quovismodo,
1906 1659 1936 1687 et

1194 1719 1230 1742 ex
1251 1718 1532 1752 quorumcumque
1560 1713 1647 1740 etex
1672 1708 1701 1740 S.
1727 1707 1762 1740 R.
1794 1707 1826 1739 E.
1859 1717 1931 1740 car-

1195 1761 1349 1794 dinalium
1382 1761 1527 1804 personis
1559 1771 1671 1793 vacare
1703 1761 1931 1804 contingeret,

1195 1816 1288 1849 etiam
1314 1815 1468 1848 concessit
1495 1820 1523 1847 et
1549 1814 1753 1857 assignavit⁹‚
1780 1820 1876 1859 prout
1902 1815 1933 1848 in

1194 1868 1365 1903 Clementis
1385 1873 1416 1900 et
1435 1868 1510 1901 Sixti
1535 1868 1819 1911 praedecessorum
1850 1868 1933 1901 litte-

1196 1921 1238 1954 ris
1256 1921 1393 1964 desuper
1411 1920 1562 1954 consectis
1582 1920 1707 1964 plenius
1725 1920 1918 1954 continetur.
2192 1962 2194 1964 Ι

1239 1975 1253 2018 ἓ
1281 1974 1310 2007 si.
1339 1974 1414 2007 Cum
1441 1979 1570 2014 autem,
1601 1974 1681 2007 sicut
1715 1980 1769 2007 tuo
1801 1974 1932 2008 nomine
1981 1982 2132 2012 vmbria-<1¹¹
2184 1981 2197 2011 ις

1194 2028 1286 2061 nobis
1304 2038 1405 2072 nuper
1419 2027 1596 2071 expositum
1617 2027 1686 2067 fuit,
1706 2032 1737 2060 tu
1755 2027 1929 2070 plurimum
1945 2009 2136 2084 §Sffipmilssssd'l'i

1195 2082 1327 2126 cupias,
1363 2081 1569 2114 dilectissimo
1602 2080 1669 2113 filio
1700 2080 1800 2113 nobili
1831 2091 1932 2124 puero
1947 2061 2131 2116 nglh’fmwnced‘

1195 2135 1353 2179 Philippo,
1378 2133 1602 2178 Hispaniarum
1622 2138 1653 2167 et
1674 2134 1862 2167 eorumdem
1884 2144 1933 2167 re-

1195 2198 1332 2231 gnorum
1352 2193 1382 2220 et
1400 2186 1577 2220 insularum
1600 2186 1750 2231 principi,
1772 2192 1846 2220 nato
1866 2192 1932 2227 tuo,

1196 2246 1226 2274 et
1244 2246 1410 2285 praeterea
1436 2239 1525 2272 alteri
1548 2245 1669 2273 tantum
1693 2240 1724 2272 in
1745 2239 1871 2274 Siciliae
1887 2240 1935 2272 ul·
2179 2256 2196 2271 ψ

1197 2299 1243 2327 tra
1257 2294 1395 2327 Pharum
1411 2298 1440 2326 et
1454 2293 1621 2327 Sardiniae
1642 2293 1748 2336 regnis
1762 2299 1792 2326 et
1806 2293 1934 2326 illorum

1196 2347 1306 2380 insulis
1332 2345 1489 2389 legittimo
1521 2346 1721 2387 successori,
1756 2345 1859 2379 simile
1889 2346 1936 2379 in-

1195 2400 1321 2432 dultum
1354 2409 1411 2444 per
1435 2409 1493 2432 nos
1518 2399 1669 2439 concedi,
1697 2398 1789 2432 nobis
1814 2398 1934 2432 idcirco

1195 2453 1360 2486 humiliter
1379 2452 1553 2497 supplicari
1576 2452 1687 2492 fecisti,
1712 2458 1746 2486 ut
1771 2451 1852 2484 votis
1873 2451 1935 2485 tuis

1230 2544 1239 2569 1
1265 2542 1377 2570 Constit.
1393 2541 1547 2569 huiusmodi
1558 2541 1753 2568 ClementisVll
1766 2541 1792 2567 in
1802 2541 1935 2568 Bullario

1195 2596 1247 2615 non
1264 2591 1305 2615 est
1319 2592 1357 2618 tn.
1372 2587 1421 2622 τ.).
2172 2589 2186 2613 ,v-

1229 2632 1247 2658 2
1265 2632 1303 2660 Ne
1318 2631 1381 2659 Sixti
1397 2631 1506 2667 quidem
1518 2630 1630 2658 Constit.
1641 2630 1667 2657 in
1678 2630 1812 2658 Bullurio
1828 2630 1934 2669 reperio
