2227 3241
32 277 83 307 Αυ.
98 275 127 303 C.
148 273 216 301 1605

59 1724 88 1747 De
96 1725 137 1746 hac
149 1730 172 1746 re
184 1726 213 1746 te-

116 1757 178 1773 sanxe

115 1784 124 1799 s
140 1778 174 1799 Vll

35 1756 113 1800 aa„

883 267 1004 291 raucus
1024 267 1043 290 v
1060 267 1111 291 pr.
1654 256 1718 290 249
1765 267 1816 293 An.
1831 266 1861 294 C.
1882 266 1951 296 1605

226 319 371 360 rialiter,
399 329 437 352 ac
464 318 542 352 alias
572 318 606 351 in
638 315 838 351 contrarium
863 315 970 348 forsan

226 372 473 418 quomodolibet
503 370 686 411 concessis,
715 368 916 403 confirmatis
941 373 972 401 et

226 426 395 459 innovatis.
418 424 540 464 Quibus
564 423 734 463 omnibus,
758 421 855 455 etiam
880 421 906 454 si
932 421 971 454 de

225 479 288 513 illis
312 489 493 522 eorumque
522 477 596 511 totis
627 476 793 510 tenoribus
822 475 972 509 habenda

227 538 309 567 esset
328 532 361 565 in
380 531 500 565 nostris
523 530 639 564 litteris
659 529 780 562 mentio
800 528 947 572 specialis
960 555 968 568 ,

226 585 289 619 illis
302 585 380 618 alias
394 585 426 618 in
446 594 504 618 suo
521 583 640 617 robore
661 582 894 627 permansuris,
911 581 972 614 hac

226 639 294 672 vice
311 638 478 671 dumtaxat
496 636 681 681 specialiter
698 641 727 668 et
746 644 894 678 expresse
915 634 972 667 de-

226 701 391 734 rogamus,
412 690 614 734 caeterisque
639 688 809 722 contrariis
833 687 969 732 quibus-

227 754 384 788 cumque,
408 749 464 776 aut
487 743 512 776 si
542 742 639 776 alicui
655 769 662 777 ,
686 741 906 774 communiter
923 741 972 773 vel

227 798 413 838 divisim‚ab
425 797 536 830 eadem
546 797 587 830 sit
598 797 679 830 Sede
694 796 869 835 indultum,
883 794 972 838 quod

227 850 604 894 interdici,suspendivel
617 848 892 883 excommunicari
907 858 972 881 non

226 905 325 949 possit
348 915 408 948 per
435 905 557 936 litteras
589 903 799 947 apostolicas,
830 913 895 935 non
920 902 969 935 fa-

225 958 346 992 cientes
362 958 489 1001 plenam
502 963 532 990 et
545 967 741 1000 expressam,
758 956 798 989 ad
819 956 859 989 de
872 955 973 988 verbo

227 1011 267 1044 ad
292 1011 426 1044 verbum
452 1010 492 1043 de
517 1010 643 1043 indulto
668 1009 855 1042 huiusmodi
882 1019 973 1041 men-

228 1065 360 1097 tionem.

270 1117 385 1150 Datum
410 1116 532 1150 Romae
557 1116 643 1160 apud
667 1120 816 1149 sanctum
840 1115 972 1148 Petrum

229 1170 289 1204 sub
315 1171 437 1203 annulo
460 1170 632 1204 Piscatoris
653 1169 704 1203 die
725 1180 767 1203 xx
787 1168 973 1202 novembris

227 1233 342 1264 mcvi,
365 1223 573 1267 pontificatus
592 1222 695 1256 nostri
715 1232 800 1255 anno
826 1221 880 1255 11¹.

262 1285 322 1313 Dat.
343 1285 387 1312 die
406 1285 441 1312 20
460 1285 620 1313 novembris
640 1285 719 1318 1606,
742 1283 836 1320 pontif.
858 1292 903 1311 an.
925 1289 970 1310 112.

576 1426 641 1460 XX.

226 1498 272 1531 De
299 1502 383 1531 cerlo
410 1497 642 1540 reliyiosornm
669 1507 804 1529 numero
828 1498 973 1529 cuicum-

269 1561 332 1594 que
357 1551 573 1590 monasterio,
601 1550 775 1583 conventui
797 1560 835 1582 ccc
860 1549 974 1582 domm?

272 1604 420 1647 reynlari
440 1603 658 1647 praefiqenclo.

274 1704 290 1745 ἓ
312 1703 342 1735 t.
367 1703 594 1736 Sanctissimus
619 1702 651 1735 in
678 1702 801 1736 Christo
826 1702 919 1735 Pater
944 1707 974 1735 et

178 1754 211 1798 [⁴¹
227 1756 383 1789 Dominus
407 1762 517 1789 noster
539 1749 695 1789 Dominus
722 1755 839 1788 Paulus
865 1755 972 1788 divina

227 1808 431 1852 providentia
444 1809 530 1852 Papa
544 1809 579 1849 V,
597 1820 669 1842 cum
687 1820 723 1842 ex
743 1808 903 1852 plurimis,
922 1808 973 1841 iis-

227 1873 290 1906 que
310 1862 506 1904 graviSsimis
526 1862 674 1902 decretis,
699 1872 781 1906 quae
802 1862 903 1895 felicis
925 1873 973 1894 re-

227 1915 424 1948 cordationis
450 1915 598 1949 Clemens
629 1914 694 1948 v111
720 1916 761 1948 ad
787 1916 971 1957 regularem

226 1969 428 2012 disciplinam
460 1968 692 2002 restituendam
728 1975 759 2001 et
786 1969 970 2011 augendam

226 2022 381 2062 condidit,
400 2021 479 2054 illud
494 2021 624 2054 maximi
643 2021 799 2054 momenti
817 2031 885 2054 esse
904 2022 973 2054 ani-

225 2074 446 2117 madverterit,
456 2074 546 2119 quod
557 2085 574 2107 a
584 2085 675 2107 sacro
686 2074 828 2108 Concilio
840 2075 972 2107 Triden-

226 2129 293 2162 tino
306 2128 316 2144 ³
335 2129 436 2162 multo
455 2134 528 2161 ante
542 2134 672 2161 cautum
689 2128 784 2161 etiam
800 2128 914 2168 fuerat,
938 2134 973 2161 ut

227 2182 252 2216 is
273 2188 395 2215 tantuin
418 2182 645 2224 religiosorum
668 2182 840 2215 hominum
861 2193 972 2215 nume-

226 2247 282 2269 rus
297 2236 328 2269 in
339 2236 473 2278 singulis
486 2235 700 2275 monasteriis,
718 2236 927 2269 conventibus
942 2242 972 2269 et

227 2289 378 2322 domibus
403 2289 607 2332 regularibus
628 2288 891 2327 constitueretur,
916 2289 990 2332 qui5

262 2371 273 2396 1
297 2368 370 2396 Hanc
390 2368 492 2403 Const.,
516 2368 566 2395 etsi
594 2367 655 2395 daia
676 2367 872 2403 posteriorem,
895 2367 970 2394 adie-

226 2415 311 2442 cimus
331 2414 514 2451 praecedenti,
536 2414 640 2440 ratione
661 2413 790 2440 materiae
810 2420 847 2448 xn.
865 2414 916 2447 T.).

260 2458 277 2486 2
297 2459 366 2486 Edit.
379 2459 458 2486 Main.
472 2459 498 2485 in
514 2460 577 2485 notai
588 2458 734 2485 monetdie
745 2457 853 2484 8l1uius
869 2457 971 2485 mensis

226 2503 398 2530 confirmasse
411 2503 525 2530 Paulum
538 2502 678 2538 privilegia
693 2502 745 2529 iam
762 2510 891 2529 concessa
902 2502 970 2529 Cou-

226 2547 374 2583 gregationi
395 2547 591 2574 Canonicorum
612 2547 835 2574 Lateranensinm
859 2547 970 2574 Ordinis

227 2593 311 2619 sancti
340 2593 481 2628 Augustini
507 2601 554 2619 sno
576 2592 670 2626 Brevi,
693 2593 822 2620 Paterna
849 2595 968 2626 nostra,

228 2637 300 2672 quod
320 2645 372 2664 non
396 2642 437 2664 est
456 2638 482 2664 in
503 2638 582 2664 Ball.
603 2638 642 2672 (n.
664 2638 712 2671 τ.),

263 2681 279 2709 3
298 2681 398 2709 Concil.
420 2682 553 2715 Trident.,
575 2690 642 2709 sess.
664 2689 727 2716 xxv,
749 2690 808 2717 cap.
821 2690 861 2708 111.

291 2735 370 2762 Butl.
391 2737 466 2763 Rom.
489 2753 517 2755 -μ
547 2737 605 2762 Vol.
623 2736 670 2763 XI.
871 2735 905 2761 32

1003 315 1054 348 vel
1070 314 1213 358 propriis
1233 314 1415 348 redditibus
1433 320 1462 347 et
1483 314 1746 355 obventionibus,

1004 367 1053 399 vel
1072 367 1232 400 consuetis
1244 367 1473 401 emolumentis
1487 378 1524 400 ac
1538 367 1750 412 eleemosynis

1005 419 1047 452 ali
1060 420 1232 453 commode
1249 426 1367 464 posset,
1382 430 1599 464 magnamque
1617 421 1751 454 sortasse

1005 472 1227 506 observantiae
1252 473 1410 516 regularis
1428 473 1586 507 iacturam
1608 473 1683 507 inde
1705 474 1751 507 sa-

1005 533 1089 561 etam
1100 538 1179 568 esse,
1201 529 1288 572 quod
1303 529 1459 562 Ordinum
1474 530 1658 573 superiores
1670 530 1750 563 illud

1006 582 1118 625 exequi
1138 582 1275 615 nimium
1296 583 1501 621 distulerunt,
1513 590 1558 623 ut,
1576 584 1637 617 hoc
1651 584 1749 617 etiam

1006 636 1150 669 adhibito
1164 636 1320 676 remedio,
1337 636 1525 669 huiusmodi
1540 637 1749 671 incommodo

1005 689 1216 732 prospiceret,
1240 689 1429 732 aditumque
1455 690 1492 722 iis
1520 690 1671 733 praelatis
1700 701 1751 723 re-

1006 743 1171 784 gularibus
1201 742 1448 786 praecluderet,
1482 743 1536 786 qui
1568 744 1678 786 plures
1710 744 1749 776 ad

1006 806 1097 829 suam
1119 795 1319 837 Religionem
1335 796 1554 834 admittentes,
1571 807 1667 840 quam
1687 807 1752 830 mo-

1007 850 1224 883 nasteriorum
1244 856 1274 883 et
1288 855 1505 883 conventuum
1524 861 1649 891 census,
1667 851 1751 884 elee-

1008 913 1160 947 mosynae
1187 909 1217 936 et
1238 903 1408 946 qualitates
1429 904 1542 941 serant,
1563 914 1626 936 non
1648 904 1750 937 levem

1006 957 1144 990 subditis
1166 957 1248 990 vitae
1269 957 1450 989 claustralis
1476 957 1666 991 relaxandae
1691 968 1749 991 oc-

1006 1011 1169 1043 casionem
1190 1010 1347 1054 praebere
1365 1010 1525 1048 videntur,

1052 1065 1068 1105 g
1090 1063 1120 1096 Ξ.
1144 1063 1290 1097 Decrevit
1311 1063 1536 1115 et‘praecepit,
1554 1074 1589 1096 ac
1604 1074 1752 1107 praesen-
1810 1076 1951 1106 praecepium

1007 1117 1044 1150 tis
1055 1117 1174 1150 decreti
1188 1117 1305 1150 virtute
1318 1117 1477 1161 praecipit
1491 1123 1521 1150 et
1538 1117 1669 1150 mandat
1683 1127 1752 1150 om·
1767 1102 1952 1155 ἓῖιῗῗὲἕιῗέξιὲῗῖἆ

1006 1170 1102 1203 nibus
1125 1176 1155 1203 et
1175 1170 1310 1212 singulis
1330 1170 1547 1212 generalibus,
1570 1170 1752 1214 provincia·
1767 1158 1952 1211 filssuffiffig‘lfflfs-

1007 1224 1090 1257 libus
1105 1251 1112 1264 ,
1140 1224 1371 1257 commissariis
1386 1251 1393 1264 ,
1422 1224 1598 1264 ministris,
1622 1225 1749 1268 praesi-
1767 1215 1853 1257 ἷῖᾏᾞως.
1878 1210 1953 1229 smum

1007 1278 1168 1318 dentibus,
1177 1277 1357 1318 abbatibus,
1368 1277 1541 1321 prioribus,
1549 1278 1752 1322 praepositis,

1007 1331 1205 1373 guardianis,
1223 1331 1351 1364 vicariis
1365 1337 1395 1364 et
1409 1331 1669 1374 quibuscumque
1683 1331 1752 1364 aliis

1006 1385 1230 1428 superioribus
1239 1385 1523 1425 monasteriorum,
1533 1391 1753 1418 conventuum

1007 1444 1035 1471 et
1051 1438 1236 1477 domorum,
1247 1438 1360 1481 quovis
1370 1437 1501 1470 nomine
1512 1444 1752 1481 nuncupentur,

1007 1491 1184 1532 Ordinum,
1212 1491 1506 1533 Congregationum
1534 1497 1564 1524 et
1590 1491 1754 1525 Instituto-

1008 1556 1092 1585 rum,
1111 1551 1173 1578 tam
1194 1545 1430 1577 monachorum
1450 1554 1547 1587 quam
1566 1544 1754 1578 mendican-

1008 1599 1086 1632 tium
1117 1605 1148 1631 et
1175 1609 1240 1632 non
1271 1598 1525 1631 mendicantium
1555 1598 1753 1640 regularium

1007 1663 1292 1697 quorumcumque
1322 1652 1527 1685 existentium
1559 1652 1643 1684 intra
1673 1652 1753 1685 lines

1008 1707 1116 1740 Italiac
1136 1714 1165 1739 et
1182 1706 1361 1739 insularum
1383 1705 1611 1744 adiacentium,
1636 1710 1670 1737 nt
1690 1705 1753 1737 sin-

1007 1760 1086 1802 guli,
1107 1761 1146 1792 ad
1167 1770 1250 1804 quos
1275 1759 1425 1803 pertinet,
1450 1759 1481 1791 in
1509 1758 1653 1802 qualibet
1678 1768 1753 1801 pro-

1008 1814 1122 1853 vincia,
1151 1813 1304 1846 adhibitis
1325 1813 1453 1846 duobus
1474 1818 1530 1845 aut
1557 1812 1660 1845 tribus
1688 1821 1753 1845 mo-

1008 1869 1119 1901 nacbis
1146 1868 1336 1901 fratribusve
1361 1867 1409 1900 sui
1434 1866 1563 1900 Ordinis
1594 1867 1642 1899 vel
1669 1866 1752 1899 Con-

1007 1921 1204 1964 gregationis
1232 1920 1475 1965 probatioribus
1502 1925 1532 1952 et
1560 1930 1669 1952 rerum
1692 1930 1751 1952 usu

1007 1975 1235 2018 peritioribus,
1264 1975 1350 2007 bona
1383 1973 1587 2010 immobilia,
1613 1983 1748 2013 census,

1009 2028 1153 2061 redditus
1174 2034 1205 2061 et
1229 2033 1403 2071 proventus
1429 2037 1553 2067 omnes,
1582 2032 1752 2060 consuetas

1009 2083 1084 2115 item
1120 2083 1341 2125 eleemosynas
1369 2087 1398 2114 et
1427 2080 1657 2119 obventiones,
1687 2086 1751 2112 tam

1007 2146 1197 2169 communes
1218 2134 1504 2174 monasteriorum,
1532 2140 1750 2167 conventuum

1006 2196 1038 2223 et
1063 2191 1236 2223 domorum
1262 2189 1406 2222 eiusdem
1431 2187 1627 2232 provinciae,
1652 2197 1749 2229 quani

1006 2244 1101 2277 etiam
1121 2243 1338 2286 singularibus
1359 2242 1504 2285 personis
1526 2240 1684 2282 religiosis
1702 2251 1751 2273 as-

1005 2298 1166 2339 signatas,
1190 2308 1246 2329 seu
1271 2296 1456 2340 permissas,
1485 2295 1516 2327 in
1542 2304 1749 2327 communem

1005 2361 1098 2383 usum
1117 2350 1269 2393 deinceps
1284 2350 1507 2386 conserendas,
1525 2348 1636 2381 decem
1650 2357 1750 2379 anno-

1005 2414 1074 2436 rum
1090 2404 1289 2437 diversorum
1308 2400 1751 2441 habita1·ationc,diligenter

1004 2467 1040 2490 ac
1062 2462 1187 2490 mature
1201 2461 1435 2498 recognoscant
1453 2455 1506 2497 <iis
1524 2453 1676 2487 omnibus
1695 2453 1750 2486 de-

1005 2511 1124 2550 tractis,
1145 2521 1228 2554 qnae
1246 2510 1478 2554 reparationes,
1499 2507 1746 2552 praestationes,

1004 2565 1188 2607 grandines,
1212 2564 1419 2602 sterilitates,
1449 2563 1550 2595 aliave
1576 2561 1750 2594 cuiuslibet

1004 2619 1131 2661 generis
1161 2629 1261 2651 onera
1286 2622 1524 2651 consueverunt
1549 2615 1747 2657 absorbere)

1004 2683 1107 2716 caque
1132 2672 1240 2705 onmia
1269 2672 1300 2704 In
1321 2670 1440 2714 scripto
1463 2669 1602 2702 lidcliter
1623 2674 1748 2702 exarata
