2227 3241
73 233 122 260 An.
139 233 170 259 C.
188 231 256 260 1609

309 193 326 200 x

915 231 1035 256 PAULt's
1055 232 1074 255 V
1093 232 1143 256 ΡΡ.

269 284 332 313 tam
355 279 387 312 in
404 278 604 321 Granatensi,
622 289 717 323 quam
740 278 810 313 aliis
830 278 1028 314 civitatibus,

270 339 304 368 et.
318 332 445 377 oppidis
466 333 541 367 dicti
561 333 652 376 regni
684 344 720 366 ac
756 343 867 366 eorum
900 332 1011 366 distri-

270 386 385 427 ctibus,
408 386 502 431 plura
527 386 724 420 monasteria
749 391 778 420 et
800 386 915 420 domos
936 385 1011 419 reli-

270 440 433 483 giosorum
455 440 652 474 diversorum
668 439 836 481 Ordinum,
851 445 913 473 tam
928 437 1012 472 viro-

270 505 341 528 rum
360 504 457 539 quam
478 492 663 535 mulierum,
691 492 860 526 aedificata
879 491 1008 533 suerint,
1028 498 1030 512 ⁴

272 548 349 581 etin
367 547 434 581 dies
456 546 677 588 aedificentur,
695 553 726 580 et
743 546 825 580 inter
845 546 906 579 alia
924 556 941 579 a
962 545 1009 578 vi-

271 600 350 644 ginti
372 599 464 633 annis
485 599 563 633 citra
587 610 651 633 una
672 599 798 641 domus,
823 609 878 633 seu
900 609 1012 632 mona-

271 653 417 695 sterium,
444 653 676 688 Carthusiensis
701 653 838 694 Ordinis,
868 653 1031 702 expensis{

271 707 387 740 domus
405 706 455 740 del
482 706 607 747 Paular,
631 705 706 740 dicti
735 705 862 740 Ordinis
882 706 1013 739 Cartlm-

271 760 394 802 siensis,
418 760 620 804 Segoviensis
641 759 809 801 dioecesis,
831 770 914 804 quae
932 758 1012 804 opu-

271 814 448 848 lentissima
468 813 582 855 existit,
608 823 710 858 prope
736 820 766 847 et
791 819 878 847 extra
904 823 1014 847 muros

272 868 375 902 dictae
407 867 541 902 civitatis
571 867 801 909 Granatensis‚
832 872 1015 900 constructa

271 921 376 963 suerit,
397 932 433 955 ac
451 921 541 966 prior
561 926 591 955 et
615 926 790 955 conventus
810 921 1010 962 monasterii,

271 975 337 1009 sive
354 975 469 1009 domus
495 976 534 1008 de
558 985 641 1008 novo
667 980 871 1009 constructae
896 974 1010 1008 huius-

272 1029 372 1071 modi,
390 1040 426 1063 ex
446 1029 722 1074 superabundanti
747 1028 885 1073 pecunia
911 1029 1014 1062 dictae

272 1084 388 1118 domus
409 1083 460 1117 del
481 1083 599 1116 Paular
620 1083 651 1116 in
673 1082 797 1116 civitate
825 1082 1013 1116 Granatensi

272 1143 303 1172 et
321 1137 388 1171 eius
410 1136 568 1178 districtu,
593 1137 657 1170 sive
680 1147 780 1179 regno
806 1136 1010 1177 huiusmodi,

271 1191 463 1235 quamplura
476 1190 619 1235 praedia,
636 1190 758 1231 hortos,
779 1196 890 1231 terras,
907 1189 1014 1223 vincas

272 1252 303 1280 et
320 1246 397 1280 alias
417 1245 635 1290 possessiones
656 1245 763 1288 magni
783 1245 898 1279 valoris
919 1255 1010 1278 com-

271 1300 455 1345 paraverint
480 1306 510 1333 et
534 1299 566 1332 in
592 1298 657 1332 dies
683 1304 883 1343 comparent,
912 1309 1013 1342 eaque

273 1362 336 1390 tam
354 1365 413 1399 per
430 1354 579 1400 proprios
608 1365 703 1398 quam
732 1354 853 1388 alienos
881 1356 1030 1403 colonos,

273 1409 419 1443 cultivari
445 1409 579 1442 fecerint
596 1415 626 1442 et
642 1409 767 1450 saciant,
785 1420 819 1442 ac
835 1410 1012 1453 (praetextu
1028 1419 1030 1458 j

273 1469 434 1498 certorum
476 1463 718 1507 privilegiorum
760 1464 864 1497 cidem
902 1463 1011 1498 Ordini
1029 1462 1030 1478 ³

272 1517 487 1552 Carthusiensi
508 1527 565 1561 per
586 1517 728 1550 diversos
748 1517 910 1551 Romanos
929 1518 1012 1551 Pon-

273 1570 384 1611 tifices,
412 1570 507 1604 ctiam
527 1570 793 1614 praedecessores
821 1576 960 1612 nostros,
985 1577 1014 1605 et

270 1623 460 1669 praesertim
481 1634 540 1668 per
564 1623 636 1668 piae
661 1624 838 1657 memoriae
863 1625 1012 1658 Ioannem

271 1679 390 1722 Papam
411 1677 509 1718 XXII,
534 1676 629 1710 etiam
651 1677 935 1721 praedecessorem
958 1689 1015 1712 no-

271 1738 383 1773 strum,
397 1736 472 1764 tune
485 1730 584 1775 priori
604 1737 634 1764 et
654 1731 807 1765 fratribus
832 1733 947 1766 domus
960 1733 1016 1766 Bo-

271 1785 417 1829 nipassus
452 1784 595 1818 eiusdem
626 1785 753 1819 Ordinis
785 1785 1016 1820 Cartbusicnsis

272 1839 494 1874 Cavallicensis
523 1838 678 1873 dioecesis
707 1839 813 1883 primo
843 1849 1013 1874 concesso-

273 1904 356 1935 rum,
377 1898 406 1926 et
423 1892 540 1926 deinde
560 1903 616 1937 per
634 1893 824 1926 recolendae
842 1894 1016 1927 memoriae

272 1947 362 1981 Pium
381 1948 498 1991 Papam
513 1947 554 1988 ΙΙ,
572 1946 718 1980 similiter
735 1947 1015 1991 praedecessorem

273 2006 429 2042 nostrum,
441 2000 480 2034 ad
490 2010 602 2033 omnes
611 2006 641 2033 et
654 2000 796 2043 singulas
810 2001 888 2034 alias
902 2001 1017 2035 domus

273 2054 401 2089 Ordinis
421 2054 606 2088 huiusmodi
629 2054 766 2088 ubilibet
779 2054 962 2088 aedificatas
987 2061 1016 2089 ct

274 2107 492 2142 aedificandas
512 2108 732 2151 extensorum)
755 2108 895 2141 decimas
910 2115 939 2142 et
956 2109 1017 2153 pri-

276 2162 381 2196 mitias
402 2162 562 2195 fructuum
590 2173 626 2195 ex
646 2162 795 2206 praediis,
817 2162 929 2203 bortis,
955 2168 1016 2196 ter-

276 2216 330 2257 ris,
354 2215 454 2249 vineis
476 2222 507 2249 et
526 2216 595 2250 aliis
616 2216 871 2261 possessionibus
889 2217 1016 2261 praedi-

275 2270 332 2307 ctis
356 2281 417 2314 pro
442 2275 588 2314 tempore
613 2270 883 2314 provenientium,
912 2271 1012 2311 vobis,

276 2329 310 2356 ut
326 2323 544 2368 praemittitur
558 2323 681 2356 debitas
695 2329 725 2357 et
742 2323 773 2355 in
792 2333 926 2367 quarum
942 2334 1015 2368 per-

277 2377 433 2421 ceptionis
453 2374 654 2421 possessione
675 2376 820 2421 pacifica,
844 2377 889 2410 vel
909 2377 1012 2421 quasi,

276 2441 330 2464 vos
351 2435 382 2464 et
401 2430 665 2475 praedecessores
682 2430 776 2463 vestri
797 2441 814 2463 a
833 2430 907 2464 dicti
927 2431 1016 2474 regni

276 2484 522 2528 recuperatione
541 2482 651 2524 citra,
686 2483 777 2517 salvis
808 2483 1017 2528 infrascriptis

278 2537 575 2578 molestationibus,
599 2548 727 2582 semper
755 2537 866 2578 fuistis,
894 2538 1017 2571 solvere

278 2591 493 2624 recusaverint
513 2597 543 2625 et
564 2598 728 2631 recusent,
748 2601 866 2636 vosque
881 2591 1018 2636 desuper

277 2644 423 2688 pluribus
440 2644 550 2678 litibus
571 2650 601 2678 et
614 2639 780 2679 ‘molestiis
801 2645 962 2679 involvant
988 2650 1018 2678 et

1693 221 1757 257 599

1045 279 1256 323 perturbent,
1281 285 1330 320 et,
1359 279 1445 323 quod
1472 279 1612 313 deterius
1637 286 1705 321 est,
1733 290 1787 314 vos

1046 335 1147 367 vestra
1173 333 1307 377 pacifica
1332 333 1545 377 possessione,
1567 334 1613 367 vel
1634 333 1736 378 quasi,
1757 340 1789 367 et

1047 387 1120 419 dote
1138 386 1237 427 vobis,
1263 387 1377 420 fratres
1402 386 1642 432 archiepiscope
1667 394 1697 420 et
1722 387 1788 432 epi-

1047 439 1146 483 scopi,
1167 450 1202 472 ac
1221 439 1277 472 filii
1300 440 1449 484 capitula,
1474 440 1666 481 beneficiati,
1690 446 1788 475 recto-

1047 503 1117 533 res,
1149 494 1319 527 oeconomi
1340 494 1498 538 praefati,
1522 500 1556 528 ut
1584 495 1784 539 praefertur,

1047 546 1206 589 assignata
1220 547 1259 580 de
1278 547 1360 581 sacto
1377 547 1585 591 spoliaverint
1605 553 1633 581 et
1651 548 1789 592 spolient

1048 600 1078 633 in
1102 611 1253 643 magnum
1280 607 1418 634 vestrum
1446 601 1591 634 omnium
1617 602 1784 646 praeiudi-

1048 653 1131 686 cium
1147 659 1176 687 et
1190 653 1407 697 perniciosum
1423 655 1615 698 exemplum:
1629 666 1688 699 pro
1698 661 1788 700 parte

1030 741 1031 748 χ
1048 712 1185 741 vestrum
1201 707 1294 741 nobis
1308 707 1365 741 suit
1378 707 1542 740 humiliter
1562 708 1788 752 supplicatum,

1048 766 1082 794 ut
1102 760 1210 794 omnia
1228 766 1259 794 et
1277 760 1403 804 singula
1420 760 1597 805 privilegia,
1617 762 1789 807 exemptio·

1048 825 1104 848 nes
1129 820 1158 848 et
1190 814 1409 848 immunitates
1441 820 1471 848 et
1496 814 1632 857 indulta,
1655 816 1789 850 Carthu-

1049 868 1145 901 siensi
1160 874 1190 901 et
1204 867 1273 901 aliis
1287 867 1469 909 Ordinibus,
1487 879 1523 901 ac
1538 869 1740 902 monasteriis
1758 876 1789 903 et

1049 921 1199 955 domibus
1218 927 1281 954 tam
1298 921 1440 955 virorum
1456 932 1552 966 quam
1568 922 1741 956 mulierum
1757 923 1789 956 in

1048 975 1194 1019 praefato
1212 985 1313 1018 regno
1335 975 1524 1009 constructis
1543 981 1573 1009 et
1597 976 1636 1009 de
1662 982 1789 1010 caetero

1049 1028 1284 1069 construendis,
1302 1038 1452 1062 concessa
1467 1033 1497 1062 et
1515 1028 1732 1070 concedenda,
1749 1029 1789 1063 ad

1049 1081 1130 1115 viam
1152 1081 1230 1115 iuris
1244 1081 1425 1115 communis
1445 1087 1602 1126 perpetuo
1620 1082 1784 1123 reducere,

1048 1136 1191 1180 aliasque
1217 1136 1248 1169 in
1269 1130 1453 1180 praemissis
1473 1142 1655 1180 opportune
1685 1136 1790 1181 provi-

1049 1191 1124 1223 dere
1146 1190 1186 1223 de
1211 1190 1408 1232 benignitate
1433 1191 1608 1234 apostolica
1634 1191 1790 1234 dignare—

1049 1255 1131 1277 mur.
1156 1244 1219 1278 Nos
1240 1244 1337 1287 igitur
1366 1246 1565 1279 attendentes
1582 1274 1589 1287 ,
1618 1257 1677 1280 nec
1702 1247 1786 1288 iuri,

1047 1310 1106 1332 nec
1127 1300 1245 1332 rationi
1260 1300 1442 1341 convenire,
1458 1300 1544 1344 quod
1559 1301 1790 1335 Cartbusiensis

1049 1359 1079 1386 et
1117 1353 1253 1386 aliorum
1296 1355 1566 1388 monasteriorum
1604 1355 1789 1390 huiusmodi

1049 1412 1222 1440 conventus
1238 1414 1267 1440 et
1286 1409 1410 1449 fratres,
1428 1415 1593 1452 praetextu
1611 1410 1791 1453 privilegio-

1047 1473 1117 1496 rum
1133 1461 1175 1494 eis
1188 1467 1320 1506 propter
1337 1468 1536 1506 praetensam
1555 1470 1787 1508 paupertatem,

1050 1523 1082 1550 ut
1100 1517 1297 1550 credendum
1313 1522 1369 1557 est,
1383 1527 1622 1557 concessorum,
1639 1516 1790 1551 Carolum

1050 1576 1095 1603 tot
1124 1569 1302 1603 iustissimis
1334 1570 1426 1603 bellis
1457 1570 1615 1604 adversus
1645 1570 1791 1604 infideles

1049 1635 1150 1668 prope
1169 1635 1297 1667 semper
1317 1630 1522 1668 occupatum,
1539 1625 1699 1668 praelatos
1721 1636 1791 1668 gre-

1049 1678 1096 1720 gis
1115 1677 1270 1711 dominici
1297 1678 1466 1711 directioni
1493 1684 1682 1721 satagentes,
1704 1679 1790 1723 capi-

1051 1732 1116 1765 tula
1129 1737 1158 1765 et
1172 1732 1379 1765 ecclesiarum
1397 1732 1570 1774 n'iinistros,
1584 1733 1790 1767 ecclesiarum

1051 1786 1236 1818 earumdem
1253 1785 1406 1818 continuo
1424 1786 1551 1819 servitio
1573 1792 1603 1819 et
1622 1786 1676 1820 Dei
1690 1787 1791 1821 laudi—

1052 1839 1109 1872 bus
1130 1844 1161 1872 et
1178 1839 1384 1883 hospitalium
1407 1840 1445 1872 ad
1466 1851 1644 1884 pauperum
1660 1840 1793 1879 subven*

1053 1894 1170 1926 tionem
1192 1893 1324 1937 provide
1343 1894 1562 1927 institutorum
1578 1905 1673 1928 curae
1689 1895 1792 1929 inten-

1053 1953 1110 1988 tos,
1139 1951 1194 1981 sua
1221 1949 1294 1981 dote
1314 1953 1344 1981 et
1368 1948 1535 1990 fructibus,
1557 1949 1611 1990 cis,
1632 1954 1667 1982 ut
1691 1960 1787 1993 prae-

1052 2002 1174 2041 fertur,
1209 2001 1342 2042 debitis,
1372 2007 1402 2035 et
1426 2002 1555 2035 illorum
1590 2003 1790 2047 possessione

1052 2055 1187 2088 audeant
1211 2055 1362 2099 spoliare,
1378 2056 1542 2100 dictasque
1556 2057 1698 2090 decimas
1714 2057 1789 2090 sibi¹

1051 2109 1210 2151 denegare
1223 2114 1252 2142 et
1265 2109 1404 2153 desuper
1422 2120 1475 2142 cos
1490 2109 1597 2143 litibus
1612 2110 1790 2154 inquietare

1051 2167 1218 2202 conentur,
1234 2162 1415 2195 donationis
1427 2168 1456 2196 et
1467 2163 1691 2205 assignationis
1703 2175 1790 2208 prae-

1052 2216 1221 2256 dictarum,
1250 2227 1286 2249 ac
1307 2216 1446 2260 desuper
1471 2217 1689 2250 confectarum
1713 2229 1788 2262 qua-

1053 2280 1265 2314 rumcumque
1298 2270 1477 2304 litterarum
1513 2271 1762 2314 apostolicarum
1780 2300 1786 2312 ,

1051 2322 1145 2356 etiam
1164 2323 1194 2356 in
1216 2324 1319 2357 forma
1335 2324 1451 2363 Brevis,
1475 2335 1533 2357 nec
1559 2334 1622 2357 non
1643 2325 1788 2358 omnium

1051 2383 1081 2410 et
1100 2377 1302 2419 singulorum
1318 2377 1571 2422 privilegiorum,
1590 2378 1787 2412 indultorum

1050 2436 1081 2463 ct
1106 2430 1284 2464 litterarum
1317 2431 1589 2475 apostolicarum,
1618 2432 1789 2476 praedietis

1050 2485 1214 2529 quibusvis
1249 2486 1318 2519 aliis
1351 2486 1499 2518 domibus
1532 2493 1562 2519 ct
1587 2487 1788 2520 monasteriis

1050 2538 1281 2572 Cartbusiensis
1306 2544 1335 2571 ct
1354 2538 1490 2571 cuiusvis
1510 2538 1641 2572 alterius
1661 2539 1788 2573 Ordinis

1050 2591 1258 2632 huiusmodi,
1291 2591 1485 2636 illorumque
1518 2593 1727 2626 conventibus
1758 2598 1788 2626 et

1088 2654 1096 2680 1
1121 2653 1216 2688 Aptius
1236 2655 1371 2687 legeretur
1389 2654 1445 2681 ictis
1460 2656 1496 2688 (R.
1515 2654 1562 2688 τ.).

1803 232 1855 260 An.
1872 232 1900 260 C.
1919 233 1986 262 1609
