2227 3241
46 242 95 271 An.
111 241 141 269 C.
163 241 231 268 1608
275 248 291 264 ο

72 566 176 590 Notarius,
195 573 229 587 co·

46 594 113 617 mites.
137 596 230 620 equites-

47 624 87 648 que
93 621 187 645 creandi,
195 623 230 642 etc.

38 2009 44 2016 ⁶
61 2005 187 2027 Celebrandi
200 2006 230 2027 rel

45 2033 231 2054 celebraris-icien-

46 2059 67 2079 «n
90 2060 110 2080 in
130 2061 181 2081 locis
201 2061 230 2081 in·

46 2085 136 2106 tei-dicto
165 2087 232 2108 eccle-

47 2113 133 2133 mastica
154 2120 231 2139 suppo-

45 2139 91 2159 sitis
125 2140 231 2160 tit-entiam

46 2164 116 2186 danst

880 239 1002 264 Paetus

245 289 314 322 iura
331 288 445 328 civilia,
469 288 563 321 etiam
583 288 613 320 in
631 288 748 321 scholis
770 287 916 331 publicis,
931 298 983 320 us-

244 352 307 385 que
320 342 359 374 ad
378 341 635 385 quinquennium
651 341 773 381 audire,
795 341 825 373 in
846 341 905 374 illis
919 351 987 373 ver-

244 395 325 433 sari,
354 402 385 428 et
416 395 563 435 studere,
592 401 620 427 et
653 395 690 427 ad
726 395 845 435 gradus
875 404 987 426 omnes

245 448 312 480 eius
332 448 489 481 facultatis
507 447 688 491 promoveri
717 447 802 479 licite
828 453 854 479 et
887 446 987 479 lib'ere

245 501 383 541 valeant,
407 501 595 543 indulgendi
612 513 619 541 3

290 556 306 595 ξ
324 554 377 587 43.
402 554 568 588 Caeterum
588 556 636 597 (ut
657 554 789 586 virtutes
810 559 838 586 et
867 553 988 586 meritis

244 613 445 652 praestantes
476 607 633 649 dignioris
665 607 805 640 nominis
839 613 871 640 et
897 607 987 640 titulo

245 661 452 704 decorentur)
471 661 555 694 viros
575 661 699 704 aliquot
729 661 822 705 (quos
849 661 988 701 videris,

244 714 308 748 sive
324 714 503 754 nobilitate,
527 714 591 747 sire
622 714 744 755 gradu,
769 714 815 746 vel
841 714 989 747 doctrina

244 773 275 800 et
303 767 448 800 moribus
476 767 680 810 laudabiles),
715 767 815 806 alios,
844 767 988 800 videlicet

244 821 387 862 clericos,
416 822 445 854 in
467 828 593 855 nostros
615 826 645 853 et
674 821 776 854 dietae
794 822 883 855 Sedis
900 829 989 855 nota-

245 875 311 908 ri05
337 877 487 919 (recepto
518 875 606 918 prins
639 875 678 907 ab
704 875 750 907 eis
777 875 872 907 solito
898 875 986 908 iura-

244 930 378 970 mento),
400 928 479 961 alios
500 938 592 967 vero,
617 928 737 966 laicos,
766 928 796 960 in
823 928 932 961 Palatii
960 935 989 960 et

244 981 343 1015 Aulae
364 987 491 1014 nostrae
509 981 731 1014 Lateranensis
751 981 895 1021 comites,
908 988 937 1014 et
957 992 990 1013 a·

246 1035 306 1068 lios
331 1041 461 1067 auratae
487 1035 615 1068 Militiae
640 1035 780 1077 milites,
809 1046 880 1067 cum
907 1035 986 1068 insi-

243 1088 360 1130 gnibus
381 1088 495 1122 debitis
525 1094 553 1121 et
579 1089 742 1121 consuetis
771 1088 865 1124 (fat-ta
886 1089 924 1121 ab
944 1089 989 1121 eis

248 1141 336 1175 Fidei
357 1141 569 1185 professione)
594 1142 679 1174 iuxta
700 1142 834 1174 formam
857 1141 1007 1175 novissi-¹

244 1205 295 1228 me
312 1205 329 1227 a
349 1195 430 1228 Sede
448 1188 610 1238 praedicta
626 1195 822 1239 propositam
845 1196 985 1235 creandi,

244 1248 420 1292 recipiendi
443 1256 473 1281 et.
491 1248 689 1288 instituendi,
713 1259 748 1281 ac
770 1259 824 1281 cos
843 1248 938 1281 etiam
957 1259 989 1281 a·

244 1301 360 1335 tiorum
391 1302 592 1335 notariorum
623 1313 748 1336 necnon
778 1302 931 1335 comitum
959 1308 987 1335 et

245 1355 384 1388 militum
400 1366 536 1388 numero
551 1360 578 1389 et
593 1355 756 1388 consortio
771 1355 989 1388 favorabiliter
1005 1376 1006 1396 i

245 1409 450 1451 aggregandi,
476 1409 614 1452 ipsisque
638 1408 775 1451 (etiamsi
803 1409 918 1441 notarii
933 1409 987 1441 ba-

244 1461 345 1495 bitum
368 1468 399 1495 et
420 1462 599 1495 rochettum
622 1472 685 1494 non
712 1462 839 1504 ferant),
863 1462 983 1495 nibilo-
1004 1465 1005 1502 l

245 1516 364 1556 minus,
387 1522 418 1548 ut
432 1516 584 1549 omnibus
603 1522 631 1549 et
650 1515 909 1559 quibuscuinqu‘e
924 1516 988 1559 pri-

245 1569 378 1612 vilegiis,
400 1569 590 1609 honoribus,
608 1569 852 1612 praerogativis,
870 1569 986 1602 favori-

246 1623 349 1662 ribus,
376 1623 497 1664 gratiis,
526 1629 554 1655 et
581 1623 712 1656 indultis
737 1623 808 1655 aliis
833 1623 983 1659 notariis,

244 1677 339 1710 etiam
354 1677 393 1709 de
407 1686 544 1709 numero
561 1676 844 1719 partecipantiuin‚
860 1686 985 1709 necnon

245 1729 439 1769 comitibus,
468 1735 498 1761 et
530 1729 684 1762 militibus
715 1729 874 1761 concessis
899 1729 987 1772 (sine

245 1788 352 1815 tamen
378 1782 577 1826 praeiudicio
599 1782 758 1815 dictorum
785 1782 985 1815 notariorum

245 1837 285 1870 de
321 1847 459 1870 numero
498 1837 793 1881 partecipandam,
837 1843 867 1870 et
908 1837 987 1869 citra

245 1891 484 1934 exemptionem
511 1902 528 1924 a
552 1891 695 1925 Concilio
720 1891 908 1924 Tridentino
929 1901 984 1923 su-

245 1944 379 1987 blatam)
400 1950 541 1985 utantur,
562 1945 780 1983 concedendi3

291 2000 307 2040 ἓ
325 1998 378 2031 14.
395 1999 525 2032 Necnon
542 1998 800 2042 quibuscumque
821 1998 988 2041 utriusque

246 2062 350 2093 sexus,
374 2052 597 2085 ecclesiasticis
614 2057 645 2085 et
664 2052 894 2093 saecularibus,
907 2061 988 2095 qnos

247 2106 287 2139 ad
307 2106 388 2147 toea,
413 2105 627 2139 ecclesiastico
655 2105 825 2138 interdicto
846 2105 942 2137 etiam
957 2116 989 2138 a·

247 2159 402 2203 postolica
412 2158 601 2192 auctoritate
615 2158 780 2202 supposita
791 2157 809 2197 ¹,
827 2158 990 2191 declinare

247 2213 429 2255 contigerit,
451 2218 484 2245 ut
511 2213 541 2244 in
563 2212 608 2245 eis
633 2212 751 2255 (ianuis
776 2211 901 2251 clausis,
926 2217 1008 2244 non*

246 2266 380 2310 pulsatis
413 2266 606 2309 campanis,
640 2265 927 2298 excommunicatis
960 2271 991 2297 et

246 2319 424 2353 interdictis
452 2330 584 2363 prorsus
610 2319 783 2361 exclusis),
812 2319 990 2352 dummodo

246 2373 304 2417 ipsi
326 2384 454 2407 causant
476 2383 541 2406 non
563 2373 712 2406 dederint
732 2373 918 2406 huiusmodi
945 2373 991 2405 in—

246 2427 380 2459 terdicto
405 2437 464 2460 nec
489 2426 533 2459 eis
565 2426 595 2459 id
618 2425 785 2467 contigerit
809 2426 1009 2470 specialiter»

246 2479 405 2519 interdici,
426 2480 457 2512 in
481 2481 537 2512 sua
565 2485 595 2513 ct
620 2479 872 2513 domesticorum
898 2479 990 2511 sami-

282 2561 291 2586 1
310 2559 413 2595 Nempe
437 2560 469 2587 ad
493 2560 550 2587 loca
566 2568 635 2595 quae
660 2559 759 2585 fuerint
778 2559 920 2585 interdicto
932 2567 992 2594 sup-
1008 2561 1009 2594 J

246 2603 525 2639 posita‚qiiantnnivis
541 2604 674 2630 sententia
693 2604 743 2629 lata
770 2604 851 2629 fuerit
875 2611 904 2628 ex
929 2599 1009 2638 apo-i

246 2648 337 2675 stelit-:t
358 2650 516 2676 auctoritate
533 2655 569 2683 tn.
588 2650 634 2683 r.)⁴
1008 2645 1009 2648 ’

1029 240 1045 261 v
1073 240 1117 262 re.

1019 287 1146 320 liarium
1171 297 1304 320 suorum
1331 286 1510 330 praesentia
1539 286 1705 319 celebrare
1731 291 1761 317 et

1021 339 1175 372 celebrari
1191 340 1296 372 facere
1314 339 1399 372 licite
1419 338 1552 382 possint,
1580 338 1761 372 facultatem

1021 393 1183 426 tribuendi
1200 405 1206 432 3

1066 447 1082 487 ἓ
1104 445 1155 478 15.
1180 446 1347 478 Postremo
1365 446 1516 478 omnibns
1535 445 1702 488 utriusque
1715 455 1763 477 se-

1003 510 1077 532 ,xus
1095 499 1357 533 christifidelibus
1381 511 1453 532 rere
1477 499 1716 543 poenitentibus
1733 505 1763 531 et

1021 553 1175 586 confessis
1195 580 1201 593 ‚
1241 554 1295 596 qni
1328 564 1549 597 quascumque
1583 553 1764 586 saeculares

1020 607 1067 640 rel
1083 608 1246 650 regulares
1267 608 1417 640 ecclesias
1430 618 1485 640 seu
1501 606 1682 650 cappellas¹‚
1701 608 1764 640 una

1022 661 1072 694 die
1094 667 1123 694 et
1143 663 1207 694 una
1235 661 1302 693 vice
1332 666 1454 694 tantum
1478 661 1655 704 plenariam
1689 670 1761 693 om-

1004 715 1111 755 3nium
1134 721 1340 758 peccatorum
1368 725 1500 747 suorum
1529 713 1762 755 indulgentiam

1004 775 1052 801 ,et
1071 768 1304 807 remissionem,
1331 768 1360 800 in
1387 769 1449 800 una
1467 778 1541 799 vero
1571 768 1617 800 rcl
1640 767 1765 800 duabus

1022 821 1097 854 anni
1127 821 1350 855 festivitatibus
1382 822 1567 859 dumtaxat,
1603 831 1620 852 a
1652 820 1765 864 primis

1023 875 1165 919 vesperis
1190 886 1291 918 usque
1316 875 1355 907 ad
1381 874 1538 908 secundas
1564 884 1711 917 vesperas
1736 879 1765 906 et

1023 939 1172 961 occasum
1194 928 1270 961 solis
1292 928 1447 971 cuiusque
1477 927 1539 960 diei
1566 927 1633 960 festi
1653 927 1762 960 visita-

1024 982 1128 1015 verint
1155 988 1185 1014 et
1206 992 1264 1025 pro
1296 981 1415 1014 unione
1435 982 1616 1025 principum
1642 987 1672 1014 et
1690 980 1764 1013 fidei

1006 1035 1199 1068 ratbolicae
1219 1035 1452 1078 propagatione
1479 1046 1589 1078 preces
1603 1035 1765 1068 Altissimo

1023 1089 1208 1127 effuderint,
1230 1099 1294 1132 qno
1321 1089 1372 1120 die
1391 1090 1468 1121 festo
1492 1089 1520 1120 iil
1542 1088 1683 1127 fecerint,
1709 1088 1764 1120 de-

1023 1152 1092 1175 eem
1125 1152 1226 1175 annos
1263 1149 1293 1174 et
1329 1142 1440 1174 decom
1467 1142 1712 1185 quadragenas,
1737 1147 1767 1173 et

1024 1195 1106 1228 infra
1132 1195 1171 1228 de
1197 1195 1348 1228 iniunctis
1374 1195 1418 1228 eis
1450 1194 1677 1238 poenitentiis,
1709 1205 1765 1226 seu

1023 1259 1105 1291 quae
1128 1248 1241 1280 merito
1271 1247 1393 1288 iniungi
1415 1248 1611 1287 debuissent,
1637 1246 1765 1279 miseri-

1023 1301 1163 1334 corditer
1184 1301 1214 1333 in
1235 1300 1371 1333 Domino
1391 1300 1566 1339 relaxandi3
1588 1300 1629 1332 ita
1652 1305 1687 1332 ut
1709 1309 1762 1331 re-

1024 1354 1139 1387 laxatio
1166 1353 1351 1387 buiusmodi
1370 1353 1467 1386 semel
1488 1359 1609 1386 tantum
1628 1363 1686 1395 pro
1702 1354 1763 1385 una

1023 1409 1156 1442 eeclesia
1176 1409 1222 1440 vel
1245 1408 1389 1451 cappella
1406 1407 1478 1447 fiat3
1502 1414 1543 1445 et,
1567 1407 1590 1439 si
1610 1417 1669 1450 pro
1687 1407 1764 1439 duo-

1023 1462 1081 1494 bus
1106 1462 1218 1495 diebus
1236 1461 1321 1494 sestis
1343 1462 1550 1501 concedatur,
1575 1461 1760 1500 triennium,

1023 1525 1080 1559 pro
1102 1525 1165 1548 uno
1183 1525 1256 1547 vero
1283 1515 1362 1547 sesto
1388 1524 1549 1553 concessa,
1571 1513 1759 1557 quinquen-

1023 1569 1110 1601 nium
1135 1575 1255 1602 tantnm
1277 1569 1391 1601 debeat
1409 1568 1597 1612 perdui‘are2

1066 1624 1080 1664 ,ξ
1100 1623 1152 1655 tii.
1174 1623 1303 1656 Necnon
1327 1628 1396 1655 vota
1412 1632 1635 1665 quaecumque
1650 1622 1763 1665 (ultra-

1024 1677 1159 1715 marino,
1174 1676 1360 1709 visitationis
1372 1676 1518 1708 liminuin
1532 1675 1698 1707 beatorum
1712 1675 1765 1706 Pe-

1023 1730 1060 1763 tri
1079 1736 1110 1763 et
1130 1730 1217 1763 Pauli
1240 1730 1461 1773 apostolorum
1484 1729 1522 1761 de
1543 1728 1639 1768 Urbe,
1663 1728 1764 1760 sancti

1023 1783 1127 1816 lacobi
1150 1783 1179 1815 in
1205 1783 1430 1826 compostella,
1452 1782 1617 1820 castitatis,
1641 1787 1668 1813 et
1692 1782 1766 1813 reli-

1022 1837 1126 1878 gionis
1155 1837 1234 1870 votis
1266 1837 1431 1869 dumtaxat
1458 1835 1610 1879 exceptis)
1640 1835 1669 1867 in
1702 1835 1765 1868 alia

1023 1891 1149 1935 pietatis
1174 1901 1273 1934 opera
1294 1890 1532 1931 commutandi3
1553 1889 1704 1933 denique,
1729 1896 1763 1922 ut

1023 1944 1173 1977 omnibus
1193 1944 1362 1987 utriusque
1382 1954 1474 1976 sexus
1495 1943 1642 1987 personis
1660 1944 1764 1975 eccle-

1023 1998 1156 2032 siasticis
1176 2004 1206 2031 et
1230 1997 1470 2035 saecularibus,
1496 2007 1560 2030 non
1587 2002 1693 2030 tamen
1715 2007 1765 2028 re-

1023 2052 1198 2093 gularibus,
1219 2057 1263 2092 ut,
1280 2056 1412 2094 propter
1429 2050 1594 2083 adversarii
1610 2049 1765 2082 valetudi-

1024 2116 1096 2139 nem
1118 2111 1148 2138 et
1167 2104 1380 2141 infirmitates,
1401 2101 1480 2144 ox·is,¹
1504 2103 1631 2147 butyro,
1661 2113 1763 2141 casco,

1025 2158 1191 2192 lacticiniis
1207 2163 1235 2191 et
1254 2156 1766 2200 carnibustam,quadragesimae

1024 2223 1119 2256 quani
1136 2212 1288 2245 aliisanni
1304 2211 1504 2255 temporibus
1521 2222 1557 2243 ac
1575 2210 1688 2243 diebus
1701 2209 1768 2252 qui<

1025 2265 1207 2298 busltorum
1219 2276 1293 2298 usus
1308 2265 1498 2308 prohibetur
1508 2264 1646 2306 (sci-reto
1659 2269 1764 2295 tamen

1025 2325 1055 2352 et
1074 2319 1141 2351 sinc
1159 2319 1311 2352 scandalo
1337 2330 1373 2351 uc
1403 2319 1441 2351 de.
1463 2317 1630 2360 utriusque.
1652 2316 1766 2348 medici

1026 2372 1186 2414 consilio),
1211 2372 1255 2404 uti
1285 2379 1313 2405 et
1340 2371 1419 2404 vest-i
1448 2371 1530 2403 lit-ite
1552 2370 1684 2413 possint,
1715 2370 1764 2401 in-·

1066 2471 1071 2496 l
1094 2469 1121 2496 ln
1138 2470 1213 2503 liac§
1230 2473 1308 2504 turpe
1329 2468 1496 2504 hyperbaton
1521 2468 1631 2502 irrepsit
1648 2476 1652 2493 1
1670 2475 1768 2493 sensns

1025 2517 1065 2541 est
1083 2522 1130 2549 pro
1146 2515 1297 2541 visitatione
1309 2515 1485 2541 ecclesiarum
1499 2513 1698 2546 indulgentiam
1709 2512 1766 2537 dari

1026 2567 1105 2593 posse
1119 2559 1272 2593 plenariam
1290 2560 1341 2584 uns«
1358 2559 1401 2584 ‹tie
1418 2562 1441 2583 vt
1461 2559 1512 2582 ima
1532 2561 1647 2588 tantum,
1664 2559 1689 2581 et
1706 2564 1765 2590 par*

1027 2604 1116 2629 tialeni
1129 2604 1234 2629 (limbus
1247 2604 1277 2628 ad
1290 2611 1429 2628 sumntum
1444 2603 1507 2628 :inni
1518 2601 1707 2627 sestiiitatibus
1720 2608 1769 2635 pr«)

1026 2647 1145 2681 qnalibet
1163 2648 1277 2673 ecclesis·
1295 2654 1321 2674 itt
1343 2653 1368 2673 Ti

1659 227 1724 260 485
1770 236 1818 262 An.
1853 235 1960 263 caeos

1821 455 1964 480 indulgentias

1779 482 1915 502 conc-edentii,

1795 1628 1882 1652 Altaque
1893 1627 1925 1647 liic
1936 1633 1965 1647 ex-

1781 1659 1854 1678 pressa
1866 1654 1965 1673 tue-enati.
