2227 3241
272 318 321 345 An.
334 316 362 344 C.
385 317 453 345 1604

300 538 425 560 Publicatio,
437 539 456 557 ct

274 566 394 591 registi-atio
428 564 457 584 sa-

274 592 356 613 ciendav

501 307 564 340 154

471 365 600 409 quando
630 373 722 408 opus.
741 361 857 401 suerit,
881 361 976 393 etiam
1004 360 1036 392 in
1062 362 1126 393 una
1146 370 1210 393 non

472 419 554 451 sacta
575 416 737 450 mentione
757 415 796 448 de
809 414 883 455 alia,
903 414 952 447 vel
971 413 1051 461 aliis,
1068 413 1211 457 expediri

470 481 574 515 posse.

517 526 533 566 ξ
554 523 584 556 5.
608 523 700 562 Quod
720 521 846 555 litterae
862 526 992 555 nostrae
1012 520 1209 561 huiusmodi,

473 583 508 611 ut
539 576 677 620 amplius
704 576 929 616 innotescant,
960 585 1025 608 non
1051 575 1155 608 solum
1182 574 1213 607 in

473 630 671 666 Cancellaria
688 629 884 673 Apostolica,
904 629 959 662 sed
981 629 1074 662 etiam
1097 629 1137 662 ad
1156 629 1215 662 val-

472 695 526 716 vas
550 683 704 717 Basilieae
734 682 893 726 Principis
919 683 1148 726 Apostolorum
1175 682 1214 715 de

472 737 568 777 Urbe,
593 742 623 769 et
643 736 711 769 acie
732 735 841 779 Campi
861 735 974 768 Florae
995 735 1215 779 publicentur,

474 799 651 833 earumque
669 789 816 833 exempla
833 789 865 821 in
884 788 1003 822 eisdem
1023 788 1102 821 loeis
1123 787 1215 820 affixa

474 843 687 883 dimittantur,
712 853 748 875 ac
769 852 882 875 omnes
903 846 934 875 et
953 841 1114 883 singulos,
1135 851 1216 885 quos

474 896 529 929 ilia
549 901 762 935 concernunt,
787 906 803 928 a
824 896 875 929 die
901 895 1130 939 publicationis
1150 894 1212 927 hu-

474 950 626 990 iusmodi,
646 949 781 993 perinde
803 954 938 989 arctent,
962 959 999 982 ae
1016 948 1042 981 si
1063 948 1122 992 ipsi
1143 958 1216 991 per-

476 1004 631 1038 sonaliter
658 1003 822 1036 intimatae
854 1003 1004 1043 fuissent,
1032 1001 1216 1035 huiusmodi

477 1068 608 1102 quoque
628 1057 794 1100 exemplis,
813 1057 908 1089 etiam
927 1056 1103 1100 impressis,
1120 1066 1217 1088 manu

478 1111 615 1144 alicuius
634 1110 753 1143 notarii
774 1109 894 1153 publici
913 1108 1102 1152 subscriptis
1120 1113 1150 1141 et
1171 1108 1218 1141 di-

478 1169 546 1197 ctae
573 1163 789 1197 Cancellariae
820 1162 960 1205 regentis
986 1172 1044 1205 pro
1074 1167 1220 1204 tempore

478 1217 653 1255 existentis,
676 1217 725 1249 vel
746 1217 880 1249 alterius
900 1216 1035 1260 praelati
1057 1215 1220 1248 Romanae

477 1270 601 1310 Curiae,
627 1281 683 1303 seu
704 1280 861 1314 personae
883 1269 915 1302 in
940 1268 1095 1311 dignitate
1113 1268 1217 1301 eccle-

476 1324 605 1357 siastiea
629 1324 823 1356 constitutae
856 1323 962 1364 sigillo
989 1322 1142 1362 munitis,
1167 1331 1220 1355 ea-

477 1379 550 1412 dem
576 1389 708 1422 prorsus
740 1378 820 1411 fides
840 1377 961 1421 ubique
990 1376 1021 1409 in
1050 1376 1170 1410 iudicio
1191 1382 1222 1409 et

478 1438 565 1466 extra
587 1432 666 1465 illud
687 1432 891 1479 adhibeatur,
916 1441 998 1474 quae
1016 1430 1135 1463 eisdem
1159 1430 1222 1463 ori-

478 1486 629 1529 ginaliter
657 1485 775 1518 nostris
804 1484 918 1518 litteris
947 1484 1168 1523 adhiberetur,
1196 1484 1221 1517 si

479 1540 587 1573 forent
605 1539 766 1572 exhibitae
779 1539 828 1571 vel
847 1544 1009 1571 ostensae:
1032 1538 1222 1571 mandantes

481 1593 551 1626 illas
577 1593 608 1626 in
634 1593 754 1625 librum
785 1591 993 1636 quinternuin
1024 1592 1220 1635 appellatum

483 1646 625 1680 eiusdem
648 1645 865 1680 Cancellariae
883 1644 1084 1689 Apostolicae
1099 1645 1137 1677 ad
1153 1655 1223 1688 per-

481 1705 612 1743 petuam
629 1699 674 1731 rei
690 1698 882 1731 memoriam
900 1697 1012 1731 referri
1028 1703 1057 1730 et
1074 1697 1223 1738 describi,

482 1762 520 1785 ae
540 1752 571 1785 in
593 1752 706 1785 litteris
726 1751 923 1795 apostolicis,
944 1762 1027 1795 quae
1049 1762 1148 1795 super
1169 1751 1220 1784 di-

482 1811 606 1839 ctarum
621 1806 897 1847 suffraganearum
912 1805 1151 1848 provisionibus
1164 1816 1223 1848 pro

482 1865 628 1903 tempore
647 1859 734 1900 fient,
752 1858 981 1892 inviolabiliter
999 1859 1175 1892 observari.

525 1913 639 1946 Datum
668 1913 788 1946 Romae
817 1913 876 1946 sub
908 1913 1028 1946 annulo
1055 1912 1224 1946 piscatoris

483 1967 534 2001 dte
551 1968 603 2001 xiv
625 1967 806 2000 decembris
823 1976 938 2007 MDCIV,
960 1977 1045 2000 anno
1063 1977 1131 2000 xiii.

519 2029 575 2057 Dat.
598 2029 641 2057 die
660 2029 694 2056 14
714 2028 867 2056 decembris
884 2029 961 2063 1604,
979 2028 1071 2065 pontis.
1090 2037 1132 2056 an.
1151 2035 1206 2056 xm.

778 2190 931 2225 CCCLXV⁴

484 2291 667 2324 Declaratio
679 2289 766 2334 quod
779 2288 987 2322 ecclesiastici
999 2287 1094 2331 ream*
1109 2287 1228 2322 Castel-

530 2346 579 2378 Iae
597 2348 768 2378 teneantur
784 2343 986 2375 contribuere
1009 2342 1155 2385 {labellae
1173 2352 1229 2374 seu

529 2398 607 2431 sitae
627 2397 798 2441 impositae
816 2407 876 2440 pro
892 2395 1101 2439 praestandis
1118 2406 1229 2438 super-
1244 2410 1246 2422 ι

530 2451 792 2484 additionalibas
816 2450 958 2482 servitiis
982 2449 1052 2492 reqi
1072 2449 1230 2481 catholico

531 2505 649 2538 oblatis
669 2515 690 2537 a
713 2503 824 2546 reginis
854 2502 1012 2537 castellae
1038 2503 1226 2546 praedictis,

530 2560 627 2591 iuxta
647 2557 903 2591 declarationem
923 2557 959 2589 in
983 2556 1112 2588 ultimis
1131 2557 1228 2589 comi-

534 2612 589 2645 tiis
611 2613 755 2655 factam,
785 2614 1019 2655 praeterquam
1047 2608 1151 2653 quoad
1180 2620 1227 2650 aa,

533 2676 617 2709 quae
626 2675 686 2709 pro
699 2665 809 2698 usibus
820 2664 966 2708 propriis
979 2667 1228 2702 consumatum,-

1049 311 1233 336 BULLARIUM
1253 311 1406 336 Romnum

534 2723 562 2751 et
576 2719 765 2762 proroqatio
782 2718 929 2752 sexennii
952 2716 994 2751 ad
1014 2717 1109 2750 alz'ud
1130 2717 1230 2750 trien-

1994 308 2085 336 An.C.
2109 309 2177 337 160⁴

1289 359 1395 398 itiam,
1418 359 1510 391 intra
1529 357 1615 401 qnod
1633 361 1753 398 tamen,
1773 359 1801 391 si
1819 362 1884 391 tota
1896 368 1985 391 sam-

1290 422 1345 445 ma
1362 415 1509 455 conqesta
1525 410 1635 453 faerit,
1659 420 1693 443 eo
1713 411 1783 454 ipso
1803 411 1915 454 qratia
1931 421 1984 444 ea:-

1288 467 1375 509 piret
1389 464 1407 497 ¹.

1248 544 1429 573 charissimo
1445 543 1476 571 in
1493 543 1612 571 christo
1633 543 1708 571 fiilio
1730 546 1834 571 nostro
1850 543 1988 578 Philippo

1389 597 1601 632 Hispaniarum
1615 598 1678 633 regi
1694 597 1845 626 catholieo

1430 660 1585 691 Clemens
1605 661 1698 702 Papa
1720 660 1810 691 vm.

1276 724 1456 752 charissime
1470 725 1502 752 in
1519 724 1637 752 Christo
1652 725 1696 752 fili
1709 728 1823 758 noster,
1839 726 1968 754 saluteni

1365 781 1395 806 et
1411 778 1608 813 apostolicam
1623 779 1874 807 benedictionem.

1295 842 1309 885 g
1325 840 1350 873 l.
1363 841 1459 882 Alias,
1473 851 1546 874 cum
1561 841 1795 885 accepissemus
1807 851 1907 884 regna
1918 846 1991 876 tuae
2032 848 2121 870 comitia
2131 850 2189 880 renai

1251 906 1389 930 coronae
1409 895 1563 929 Castellae
1584 894 1615 927 in
1637 894 1775 928 comitiis
1799 905 1855 928 seu
1879 894 1977 928 curiis
2006 876 2189 925 dCiJii'iz‘iteiiiiffii

1979 922 1987 936 ’
2007 929 2104 954 Philippo
2146 929 2210 957 regi·

1251 956 1327 983 tunc
1347 948 1521 982 novissime
1547 948 1676 989 habitis,
1700 948 1992 981 animadvertentes
2007 956 2132 977 obtulerant-

1253 1003 1450 1036 maiestatem
1471 1007 1558 1035 tuam
1576 1012 1636 1046 pro
1661 1001 1840 1035 catholicae
1863 1001 1993 1044 religio-

1253 1057 1301 1090 nis
1326 1056 1532 1097 defensione,
1560 1060 1591 1089 et
1615 1055 1819 1089 obedientiae
1839 1055 1868 1089 S.
1897 1055 1933 1089 R.
1956 1055 1990 1089 E.

1254 1109 1498 1143 conservatione
1516 1108 1547 1141 in
1561 1108 1623 1142 tuis
1637 1120 1673 1142 ae
1691 1109 1807 1142 exteris
1821 1108 1996 1148 ditionibus

1254 1169 1283 1196 et
1301 1163 1419 1206 regnis,
1441 1162 1636 1205 gravissimis
1654 1162 1798 1206 quotidie
1815 1161 1997 1206 sumptibus

1254 1217 1375 1259 urgeri,
1404 1216 1447 1249 ita
1473 1222 1508 1249 ut
1528 1215 1661 1249 aerariis
1686 1216 1792 1249 clarae
1819 1215 1998 1249 memoriae

1255 1270 1392 1314 Philippi
1417 1270 1442 1304 ΙΙ
1472 1269 1698 1313 Hispaniarum
1730 1269 1814 1312 regis
1847 1269 1997 1303 catholici

1255 1323 1410 1366 genitoris
1428 1323 1484 1363 tui,
1508 1333 1545 1356 ae
1566 1322 1627 1356 tuis
1647 1323 1713 1356 fere
1731 1322 1940 1367 consumptis,
1963 1328 1997 1356 tu

1255 1378 1338 1417 illos,
1358 1376 1418 1410 nisi
1444 1376 1552 1420 aliquo
1577 1376 1721 1410 subsidio
1742 1387 1759 1410 a
1779 1375 1842 1410 tuis
1861 1376 1997 1410 subditis

1255 1431 1452 1472 subleveris,
1481 1430 1617 1464 ulterius
1652 1430 1737 1463 ferre
1770 1440 1835 1463 non
1867 1439 1993 1473 posses:

1256 1490 1427 1529 propterea
1467 1484 1625 1528 quaedam
1662 1483 1971 1527 superadditionalia
1989 1482 2000 1500 ²

1256 1538 1384 1572 servitia
1407 1538 1471 1571 sive
1493 1537 1634 1571 subsidia
1659 1537 1699 1570 ad
1725 1536 1912 1570 sexennium
1939 1536 1998 1570 du-

1257 1597 1366 1624 ratura
1395 1601 1492 1634 super
1518 1590 1592 1623 vino
1619 1596 1650 1624 et
1675 1590 1738 1623 alio
1766 1589 1798 1622 in
1827 1589 2001 1634 praedietis

1257 1644 1364 1687 regnis
1386 1643 1575 1685 colligendis
1600 1648 1631 1676 et
1655 1642 1884 1677 consumendis
1903 1653 1998 1687 prae-

1257 1705 1341 1732 stare
1361 1698 1500 1731 libenter
1520 1697 1691 1738 obtulisse,
1903 1710 1905 1712 ·

1302 1754 1318 1795 ἓ
1336 1751 1366 1785 Ξ.
1390 1752 1454 1785 Nos
1474 1757 1647 1795 propterea
1672 1750 1863 1784 eorumdem
1884 1760 2000 1794 regno·

2223 1643 2224 1650 t

2224 1707 2227 1714 ι

2027 1753 2123 1784 ,ῐιὶυλᾱνεὼ
2132 1753 2200 1784 eccles
2222 1757 2227 1774 i

2014 1782 2108 1801 siasticis
2135 1782 2227 1809 aliam„r

1259 1817 1330 1839 rum
1353 1811 1383 1839 et
1403 1805 1608 1839 subditorum
1640 1810 1770 1838 tuorum
1795 1804 1827 1837 in
1853 1803 2000 1837 maiesta-
2013 1806 2223 1830 wadiuvfflfflw

1258 1865 1321 1893 tem
1344 1864 1431 1892 tuam
1453 1858 1650 1891 voluntatem
1673 1862 1705 1890 et
1724 1856 1928 1890 devotionern
1942 1859 1959 1898 ,'
1971 1862 2002 1890 et

1259 1913 1346 1958 quod
1367 1912 1466 1946 alacri
1491 1911 1599 1944 animo
1621 1911 1768 1955 proprias
1789 1911 1954 1944 facultates
1971 1914 2002 1944 et

1259 1966 1454 2000 substantias
1471 1975 1530 2009 pro
1545 1964 1723 1998 catholicae
1743 1964 1908 2008 religionis
1926 1974 2003 1998 con-

1259 2019 1440 2054 servatione
1465 2018 1613 2052 eonserre
1637 2017 1900 2062 proposuissent,
1928 2023 2008 2061 tunc,

1260 2083 1468 2117 summopere
1494 2072 1779 2112 commendantes,
1807 2077 1946 2115 tuaeque
1971 2071 2004 2104 in

1260 2126 1445 2172 praemissis
1466 2125 1672 2166 attestationi,
1689 2130 1723 2158 ut
1740 2135 1798 2168 par
1811 2130 1888 2164 erat,
1905 2123 2003 2158 fidem

1261 2182 1462 2221 adhibentes,
1483 2191 1542 2225 pro
1564 2179 1700 2213 faciliori
1720 2179 1924 2213 servitiorum
1947 2189 2004 2213 seu

1261 2236 1479 2269 subsidiorum
1500 2233 1688 2268 huiusmodi
1702 2233 1930 2278 praestatione,
1950 2233 2005 2266 illa

1262 2300 1319 2334 per
1339 2288 1571 2323 ecclesiasticas
1585 2287 1681 2321 etiam
1703 2297 1857 2331 personas
1874 2285 2004 2320 coadiu-

1263 2344 1365 2377 vanda
1386 2353 1454 2376 esse
1472 2341 1668 2375 censuimus.

2015 1839 2073 1855 ruens
2085 1833 2187 1861 permisit.

1307 2398 1323 2439 g
1345 2395 1374 2429 3.
1400 2397 1443 2430 Ac
1461 2401 1633 2439 propterea
1647 2399 1737 2428 motu
1750 2393 1895 2438 proprio,
1911 2403 1948 2427 ac
1965 2393 2005 2427 de
2019 2396 2094 2449 pfflab
2107 2395 2200 2420 ⁰m⁰ib=³
2225 2406 2227 2411 ·

2035 2423 2119 2447 ersolvi,
2137 2421 2201 2449 quoa*
2218 2430 2225 2440 n

2019 2449 2068 2470 <lam
2115 2446 2202 2475 vocitat
2217 2450 2227 2479 ς’,

1264 2449 1459 2494 apostolicae
1478 2448 1644 2493 potestatis
1664 2446 1875 2491 plenitudine,
1893 2456 2005 2480 omnes

1264 2509 1295 2537 et
1322 2503 1464 2545 singulas
1492 2501 1723 2535 ecclesiasticas
1751 2510 1917 2544 personas,
1940 2505 2003 2533 tam

1263 2557 1444 2591 saeculares
1454 2566 1550 2600 quam
1563 2554 1812 2596 cuiusvis,etiam
1825 2553 1965 2598 exempti
1975 2558 2007 2587 et
2021 2530 2085 2551 dffl'

1301 2637 1311 2663 1
1335 2635 1372 2663 Ex
1388 2635 1496 2673 Regest.
1513 2634 1540 2661 in
1556 2634 1657 2661 Secret.
1675 2632 1753 2660 Brev.

1299 2680 1314 2707 2
1330 2680 1450 2708 Erronee
1468 2678 1531 2707 edit.
1548 2678 1626 2706 Mein.
1646 2677 1728 2705 habet
1743 2676 2008 2713 super-additionum

1263 2725 1305 2760 (n.
1326 2726 1373 2759 r).

2019 2476 2062 2506 tiae
2085 2475 2112 2506 de
2138 2478 2220 2505 annu,

2021 2504 2200 2529 impositumman·
2217 2508 2223 2543 ἶ
