2227 3241
64 277 114 303 An.-
131 276 159 303 C.
179 276 247 303 1608
907 278 1028 303 Partus
1051 280 1067 302 v
1088 280 1138 303 Pr.
1687 269 1750 301 „maz

264 325 433 369 episcopis,
445 325 614 369 episcopis,
625 336 661 358 ac
671 326 794 359 dilectis
807 326 879 359 filiis
892 326 1010 359 nostris
1028 332 1031 378 t

1798 279 1846 304 Αι.Δ
1870 280 1897 304 c.
1920 279 1984 304 nzos

1362 328 1472 361 [LXXV.

91 1728 202 1749 Contraria
213 1728 250 1748 tol-

64 1755 135 1776 luutur
155 1756 176 1775 et
195 1756 251 1775 tran-

64 1781 152 1807 sumptis
167 1781 252 1802 additur

63 1808 122 1830 fides.

263 383 294 411 et
307 378 511 422 ,apostolicae
525 378 615 412 Sedis
636 379 762 412 nunciis
782 390 839 423 per
860 390 1009 423 praesen-

263 437 309 464 tes
327 432 528 473 mandamus,
546 437 703 475 quatenus
722 431 799 475 ipsi,
821 443 878 475 per
894 443 938 473 se,
961 433 1007 466 vel

264 484 374 526 alium,
398 496 452 518 seu
472 485 563 526 alios,
582 490 768 529 praesentes
786 485 909 518 litteras
928 491 958 518 et
977 486 1015 518 in*

263 538 308 572 eis
326 544 476 572 contenta
494 549 731 582 quaecumque,
753 538 807 571 ubi
830 543 859 571 ct
877 539 1008 582 quando

263 602 344 635 opus
364 591 471 631 suerit,
493 597 523 625 et
544 591 669 635 quoties
686 602 746 635 pro
764 598 853 635 parte
872 592 1006 625 fratrum

262 644 542 689 Cappuccinorum
560 645 801 689 praedictorum
820 645 940 678 suerint
959 656 1008 679 re-

262 697 372 742 quisiti
388 725 396 740 ‚
419 698 609 732 solemniter
632 698 854 743 publicantes,
879 698 1007 743 illisque

262 752 295 785 in
316 753 502 796 praemissis
527 753 665 786 efficacis
691 753 887 786 defensionis
907 764 1003 797 prae-

262 805 345 840 sidio
365 806 547 840 assistentes
561 834 569 848 ‚
593 806 710 839 faciant
735 806 926 840 auctoritate
947 817 1005 839 no-

262 860 328 893 stra
349 869 403 893 eos
421 858 608 903 praemissis
633 858 784 892 omnibus
806 864 836 892 et
858 859 1002 902 singulis,

263 911 348 945 iuxta
372 912 590 956 praesentium
610 911 841 946 continentiam
864 917 895 945 et
916 917 1006 945 teno-

263 975 349 1006 rem,
373 964 507 1009 pacifice
526 964 587 998 frui
610 971 641 998 et¹
661 965 821 1008 gaudere:
850 976 914 999 non
935 976 1006 1009 per-

263 1019 427 1053 mittentes
447 1029 502 1053 eos
520 1019 660 1063 desuper
677 1030 694 1052 a
711 1029 876 1063 quoquam
895 1019 1006 1063 quavis

263 1072 455 1106 auctoritate
476 1072 723 1117 quomodolibet
742 1072 885 1106 indebite
906 1073 1006 1106 mole-

263 1126 358 1167 stari;
375 1126 629 1160 contradictores
643 1126 804 1170 quoslibet
822 1132 853 1159 et
869 1126 1006 1160 rebelles

264 1190 300 1213 ac
317 1179 501 1224 praemissis
525 1190 590 1213 non
618 1185 768 1224 parentes
795 1190 853 1223 per
877 1185 1005 1213 senten-

265 1233 345 1274 tias,
374 1243 524 1267 censuras
550 1239 579 1266 et
605 1243 725 1277 poenas
750 1233 1002 1274 ecclesiasticas,

264 1286 390 1331 aliaque
408 1283 591 1331 spportuna
610 1287 687 1320 iuris
708 1293 736 1320 ct
759 1287 828 1320 sacti
849 1287 1002 1328 remedia,

263 1341 482 1386 appellatione
514 1342 688 1385 postposita
709 1369 714 1381 ,
745 1343 1001 1385 compescendo:

264 1406 402 1436 necnon,
418 1395 571 1438 legitimis
589 1406 685 1439 super
702 1395 750 1428 his
769 1396 924 1429 habendis
942 1406 1006 1429 scr-

264 1450 342 1484 vatis
362 1449 587 1494 processibus,
612 1449 682 1482 illos
702 1450 895 1490 sententias,
925 1460 1002 1483 cen-

264 1514 377 1545 suras,
411 1509 442 1537 et
470 1500 590 1546 poenas
625 1503 807 1547 praedictas
834 1504 1005 1537 incurrisse

265 1557 460 1592 declarando
474 1584 481 1598 ,
510 1557 646 1601 illasque
666 1557 790 1593 iteratis
806 1558 929 1592 vicibus
951 1570 1005 1601 ag-

265 1611 439 1655 gravando,
456 1611 604 1645 invocato
622 1611 718 1644 etiam
737 1612 777 1645 ad
795 1612 866 1655 hoc,
882 1613 907 1645 si
926 1623 1006 1657 opus

265 1665 377 1706 suerit,
400 1665 519 1699 auxilio
540 1665 664 1698 brachii
686 1665 869 1699 saecularis.

312 1721 328 1762 ἓ
354 1719 384 1753 6,
412 1720 480 1753 Non
509 1719 710 1754 obstantibus
736 1719 942 1764 praemissis,
971 1731 1006 1754 ac

268 1773 551 1814 constitutionibus
579 1779 609 1807 et
638 1773 896 1807 ordinationibus
923 1784 1003 1818 alio-

267 1827 410 1868 stolicis,
442 1827 641 1872 caeterisque
670 1827 840 1861 contrariis
868 1828 1003 1871 quibus-

266 1891 418 1926 cumque.
444 1881 599 1915 Volumus
621 1887 739 1921 autern,
764 1887 794 1915 et
815 1881 1007 1915 auctoritate

265 1935 431 1979 praedicta
464 1935 668 1969 decernimus
683 1963 690 1976 ,
721 1941 754 1968 ut
787 1935 1006 1979 praesentium

266 1982 488 2033 transumptis,
514 1989 608 2022 ctiam
631 1989 806 2033 impressis,
832 1999 928 2022 manu
949 1989 1006 2022 ali-

265 2042 356 2077 cuius
376 2043 493 2077 notarii
512 2042 632 2087 publici
647 2043 844 2087 subscriptis,
859 2048 889 2076 ct
903 2043 1006 2085 sigillo

265 2107 424 2141 personae
450 2097 481 2129 in
507 2096 663 2139 dignitate
685 2096 899 2131 ecclesiastica
925 2107 1003 2130 con-

265 2149 394 2184 stitutae
415 2149 566 2190 munitis,
591 2151 703 2184 eadem
724 2160 856 2194 prorsus
879 2150 957 2184 fides
976 2151 1006 2183 in

265 2203 386 2238 iudicio
407 2210 438 2237 et
462 2209 549 2237 extra
574 2203 788 2245 adhibeatur,
813 2215 895 2248 quac
916 2215 1007 2248 prae-

265 2257 411 2291 sentibus
431 2257 650 2298 adhiberetur,
675 2258 700 2291 si
721 2259 825 2292 forent
848 2258 1007 2292 exhibitae

266 2311 314 2344 vel
336 2317 493 2345 ostensae.

308 2364 423 2398 Datum
450 2365 571 2399 Romae
597 2365 683 2409 apud
704 2366 733 2399 S.
759 2366 920 2406 Marcum,
949 2366 1007 2399 sub

265 2418 385 2452 annulo
403 2418 572 2452 Piscatoris
594 2418 645 2451 die
665 2429 705 2452 xv
725 2418 865 2452 octobris
883 2429 1007 2452 iincvm

265 2471 471 2515 pontificatus
491 2471 591 2505 nostri
613 2482 698 2504 anno
720 2482 760 2505 ir.

301 2533 359 2562 Dat.
381 2533 424 2562 die
445 2534 476 2562 15
496 2534 614 2562 octobris
632 2534 709 2568 1608,
726 2534 820 2570 pontis.
843 2543 885 2562 an.
904 2541 939 2562 lv.

321 2748 400 2779 Ball.
416 2748 500 2778 Rom.
521 2749 580 2778 Vol.
598 2749 647 2778 XI.
847 2750 880 2778 70

1044 434 1237 467 Conceditur
1250 434 1404 466 sccundus
1418 434 1592 467 instantia-³*
1611 446 1783 467 t‘ttttsatrttm

1088 487 1231 519 militnm
1259 487 1459 519 Jlt'litz'arnm
1486 489 1592 520 sancti
1620 488 1725 521 [awti
1749 488 1787 521 de

1086 539 1223 581 Spcttlict,
1244 539 1282 570 de.
1297 539 1471 573 Calulrara
1486 546 1513 572 ct
1535 541 1572 573 de
1587 542 1610 574 ,t
1621 542 1782 581 lavatura,

1086 603 1105 624 a
1123 602 1194 635 rrgyc
1212 592 1369 624 catholico
1387 604 1498 625 earnm
1515 594 1786 627 <alminis-(rasore

1086 646 1246 678 committi
1261 656 1352 689 posse
1368 646 1493 679 duobus
1508 643 1786 681 militibus'dicta-

1086 711 1159 732 rnm
1171 700 1373 733 ,lIilitz'arnm
1385 701 1486 733 locum
1505 702 1536 733 in
1552 702 1686 734 consilio
1699 703 1785 746 rein

1087 754 1280 787 habentibus
1291 753 1309 787 ¹,

1041 859 1220 886 Charissimo
1241 859 1271 886 in
1301 859 1415 887 Christo
1440 859 1501 887 filio
1525 863 1627 888 nostro
1648 861 1784 896 Philippo

1178 913 1389 947 Hispaniarum
1409 913 1471 948 regi
1493 914 1643 942 catholico

1275 986 1388 1013 Paulus
1410 986 1488 1019 Papa
1509 987 1540 1012 V.

1058 1083 1238 1112 charissime
1256 1083 1286 1110 in
1303 1083 1421 1110 Christo
1441 1083 1484 1110 fili
1505 1086 1620 1117 noster,
1638 1084 1767 1112 salutem

1161 1140 1192 1165 et
1205 1137 1401 1171 apostolicam
1414 1137 1663 1165 benedictionem.

1086 1237 1112 1277 ξ.
1136 1235 1160 1267 1.
1183 1234 1352 1268 Maiestatis
1375 1240 1446 1268 tuae
1465 1235 1596 1267 nominc}
1615 1235 1707 1268 nobis
1726 1246 1782 1268 nu-

1042 1350 1105 1384 tuu,
1123 1353 1181 1387 pro
1204 1342 1392 1376 dirimendis
1407 1343 1572 1375 nonnullis
1594 1343 1782 1377 t‘litt‘ercntiis

1042 1452 1119 1483 laria
1147 1457 1177 1484 et
1210 1451 1379 1483 consilinm
1412 1450 1568 1483 Ordinum
1597 1451 1782 1484 Militiarum

1040 1505 1138 1538 sancti
1169 1504 1274 1537 lacobi
1297 1504 1336 1537 de
1368 1504 1486 1548 Spatha
1506 1505 1563 1537 sub
1589 1505 1689 1538 sancti
1712 1507 1779 1539 Au-

1040 1558 1157 1600 gustini
1174 1586 1181 1598 ,
1206 1569 1241 1591 ac
1263 1558 1301 1591 dc
1323 1558 1465 1591 Caltrava
1484 1565 1511 1591 ct
1531 1559 1703 1592 Alc-antara
1724 1560 1782 1593 sub

1040 1612 1240 1645 Ciste1·‹;·icnsi
1273 1612 1413 1654 regulis,
1446 1622 1583 1656 quarum
1611 1619 1641 1646 tu
1667 1624 1782 1658 perpe-

1043 1672 1113 1699 tuus
1135 1665 1378 1699 administrator
1395 1666 1572 1710 apostolica
1594 1667 1783 1701 auctoritate

1042 1721 1212 1764 deputatus
1234 1720 1358 1760 existis,
1382 1731 1480 1764 super
1501 1721 1598 1754 modo
1625 1727 1652 1754 et
1680 1723 1784 1755 torma

1042 1773 1258 1817 cognos‹·encli
1285 1779 1314 1806 et
1344 1773 1501 1806 tractandi
1528 1785 1640 1807 causas
1669 1775 1780 1807 crimi—

1042 1828 1130 1861 nales
1159 1834 1188 1861 ct
1216 1827 1330 1860 mixtas
1360 1827 1497 1860 militum
1526 1828 1683 1861 dictarum
1705 1829 1784 1862 Mili-

1043 1882 1157 1915 tiarum
1180 1881 1383 1925 vigentibus,
1405 1881 1515 1914 statuit
1540 1887 1569 1914 et
1596 1882 1780 1921 ordinarit,

1041 1942 1073 1968 ut
1094 1936 1132 1969 de
1151 1941 1278 1969 caetero
1293 1945 1407 1969 causae
1424 1935 1608 1968 criminales
1623 1940 1652 1968 et
1667 1935 1783 1969 mixtae

1042 1990 1180 2022 militum
1202 1999 1487 2033 quorumcumque
1516 1989 1675 2022 dictarum
1696 1989 1780 2022 Mi1i÷

1042 2044 1180 2084 tiarum,
1204 2043 1258 2087 qui
1282 2049 1444 2087 tamquam
1468 2043 1692 2087 delinquentes
1713 2055 1782 2077 car-

1042 2097 1168 2130 ceribus
1192 2096 1364 2140 mancipati
1391 2102 1506 2136 essent,
1534 2107 1551 2129 a
1575 2096 1783 2140 qnilmseum-

1042 2162 1104 2195 que
1122 2150 1190 2184 aliis
1212 2150 1372 2183 iudicibus
1395 2150 1513 2183 remitti
1536 2150 1701 2191 deberent,
1726 2162 1784 2183 nec

1043 2205 1101 2249 ipsi
1121 2204 1241 2238 iudices
1261 2204 1291 2236 in
1311 2204 1453 2248 ipsorum
1474 2203 1611 2237 militum
1631 2205 1733 2237 causis
1751 2214 1782 2238 se

1044 2258 1255 2291 intromittere
1277 2257 1416 2302 possint:
1442 2257 1595 2301 quodque
1617 2269 1634 2290 a
1654 2264 1782 2291 sentcn-

1044 2312 1103 2352 tiis,
1128 2323 1186 2356 per
1207 2312 1327 2345 dictum
1356 2311 1527 2345 consilinm
1550 2322 1646 2355 super
1671 2311 1783 2345 huius-

1043 2366 1129 2399 modi
1157 2366 1258 2399 causis
1284 2365 1506 2398 criminalibus
1536 2371 1565 2398 et
1600 2365 1704 2398 mixtis
1734 2366 1780 2398 fc-

1044 2420 1173 2461 rcndis,
1204 2421 1241 2453 ad
1276 2420 1473 2453 maiestatem
1504 2425 1588 2452 tuam
1621 2426 1783 2463 tamqnam

1042 2473 1223 2507 Militiuium
1236 2473 1475 2518 praedictarum
1490 2473 1783 2507 admInistratorcm

1042 2527 1196 2572 appellari
1218 2533 1345 2572 posset:
1371 2538 1406 2561 ac
1429 2528 1539 2561 cadem
1562 2527 1708 2561 maiestas
1732 2533 1784 2560 tua

1042 2592 1153 2616 causas
1182 2582 1434 2627 appellationum
1466 2581 1652 2615 huiusmodi
1680 2581 1711 2614 in
1736 2593 1784 2616 se—

1078 2699 1088 2725 1
1110 2698 1146 2725 Ex
1160 2697 1267 2734 Regest.
1286 2699 1312 2726 in
1329 2698 1429 2726 Secret.
1448 2698 1526 2726 Brev.

1827 1238 1984 1263 l'litlipp·1<‚p1

1799 1265 1897 1284 nuntietur
1909 1268 1986 1285 statne-

1041 1300 1097 1332 μοι·
1117 1289 1296 1332 expositum
1317 1289 1392 1329 suit,
1416 1289 1502 1332 quod
1529 1289 1607 1321 alias
1635 1289 1783 1322 maiestas
1798 1294 1984 1343 25¹2151¹ffi>gfi¹===0113

1798 1351 1868 1365 causis
1878 1345 1984 1365 bniusnm-

1798 1372 1818 1392 di
1847 1372 1986 1394 Minucii-mn,

1041 1403 1069 1430 ct
1100 1396 1325 1430 mutrorersiis
1352 1396 1436 1429 inter
1470 1396 1642 1429 tribunalia
1665 1407 1780 1430 saeru-
1798 1398 1985 1449 33¹j·1¹¹'¹¹¹¹²⁶h¹⁰¹¹-
