2227 3241
894 275 989 300 INDEX
1015 275 1118 300 nannai
1667 265 1732 300 689

330 327 467 362 militum
496 338 514 361 a
545 338 660 372 magno
692 331 843 371 magistro
868 329 1019 362 committi
1044 331 1176 372 possunt
1200 327 1324 361 duobus
1350 327 1524 369 militibuS‚
1552 329 1608 373 qui
1634 330 1663 362 in
1689 331 1779 371 regio

297 404 300 407 ·
329 380 462 414 consilio
486 380 590 415 locum
615 380 770 423 habeant,
792 382 855 414 553
881 381 896 413 b
920 391 980 425 seq.
1001 380 1212 415 Seminarium
1238 392 1294 424 pro
1309 382 1396 424 ipsis
1417 382 1601 417 instituitur,
1628 391 1699 426 pag.
1715 382 1776 415 ⁶217

330 436 361 467 et
377 433 451 466 659.
1690 451 1694 454 ⁴
1781 472 1783 474 ,

241 485 352 520 Militia
377 486 423 519 Ss.
449 485 587 520 Mauritii
613 490 643 520 et
666 486 774 535 Lazari
799 486 957 531 quomodo
988 496 1027 520 ex
1060 486 1184 521 duabus
1210 488 1305 521 unitis
1330 489 1464 522 conflata
1490 489 1563 529 l'uit,
1595 488 1634 522 33
1660 488 1685 521 b.
1712 488 1778 523 Pri-

330 538 446 582 vilegia
478 541 720 581 confirmantur,
746 539 785 572 33
815 539 830 570 b
857 550 918 583 seq.
947 539 1062 574 Milites
1099 542 1261 584 coniugati
1297 551 1358 574 non
1396 546 1527 585 possunt
1564 542 1624 576 frui
1652 544 1778 586 pensio-

330 591 424 626 nibus
457 593 497 626 de
521 592 613 626 bonis
637 592 877 635 ecclesiasticis⁷
899 593 940 626 34
965 603 994 626 a.
1019 592 1168 627 Nonnulli
1194 596 1351 636 prioratus
1381 594 1513 629 ducatus
1545 594 1724 630 sabaudiae
1749 598 1778 630 ci

331 645 498 687 uniuntur,
520 646 561 679 84
581 645 597 679 b
622 650 649 678 e!
673 656 735 689 seq.

241 697 380 731 Millinus
404 697 585 732 cardinalis:
616 697 686 731 ride
710 697 844 732 Ioannes
870 698 1008 733 Garzias.

240 750 442 785 MinImorum
456 750 561 793 Ordo,
576 751 637 784 229
655 750 681 783 Ι).
700 750 879 795 Capitulum
900 752 1049 795 generale
1071 753 1213 797 quolibet
1233 755 1387 787 sexennio
1408 753 1646 796 celebrandum,
1670 755 1731 787 230
1749 766 1777 788 a.

330 803 545 847 Correctoris,
582 808 613 838 et
648 806 863 848 procuratoris
900 805 1060 848 generaIIs
1096 806 1201 840 osticia
1238 806 1350 840 eodem
1376 810 1518 851 tempore
1543 807 1774 848 concludenda,

330 856 407 891 ibid.
434 856 681 892 ProvinciaIIum
707 859 860 898 triennio,
888 858 950 891 230
976 858 1001 891 Ι).
1027 857 1248 893 Correctoruni
1279 859 1443 893 domorum
1470 869 1570 901 anno,
1598 859 1674 893 ibid.
1701 860 1778 894 Con-

332 915 446 945 ventus
483 911 708 945 Sanctissimae
745 910 907 945 Trinitatis
931 912 963 944 in
987 914 1093 945 monte
1120 903 1227 949 Pflcie
1255 913 1373 946 nationi
1400 911 1581 947 Gallicanae
1606 912 1778 954 addicitur,

331 965 393 999 333
418 975 448 998 a.
475 964 539 999 Soli
564 965 735 998 correctori
754 965 897 1008 generali
923 963 1108 1007 subiicitur,
1135 965 1197 999 334
1216 977 1244 998 a.
1569 1005 1572 1009 .

241 1018 415 1059 Minoritae,
432 1026 490 1051 seu
507 1016 594 1052 Ordo
611 1017 766 1051 Minerum
781 1017 810 1050 S.
826 1017 994 1060 Francisci,
1011 1017 1049 1050 23
1064 1029 1092 1051 a.
1108 1017 1169 1059 Qui
1183 1017 1265 1052 bona
1280 1018 1318 1052 ad
1333 1022 1507 1053 conventus
1522 1021 1661 1063 ipsorum
1673 1019 1779 1054 Refor-

330 1073 486 1104 matorum
503 1071 679 1114 spectantia
697 1069 816 1111 celant,
834 1071 945 1113 poenis
970 1070 1157 1113 coercendi,
1178 1071 1252 1105 ibid.
1271 1071 1378 1106 Onera
1395 1073 1564 1106 missarum
1589 1082 1629 1106 ex
1654 1074 1779 1116 piorum

330 1123 543 1167 eleemosynis
561 1122 690 1157 tundata
711 1124 742 1156 in
761 1123 907 1157 ecclesiis
922 1123 1105 1157 monialium
1120 1123 1159 1157 de
1173 1124 1403 1167 Obserxaiitia,
1422 1125 1460 1159 ad
1479 1125 1630 1159 ecclesias
1646 1125 1779 1159 fratrum

333 1176 479 1210 eiusdem
512 1176 643 1212 Ordinis
681 1176 846 1217 translata,
873 1176 913 1209 38
938 1187 966 1209 a.
1003 1176 1154 1211 Moniales
1189 1187 1264 1211 vero
1301 1188 1363 1211 non
1397 1181 1543 1212 tenentur
1567 1178 1692 1212 solvere
1718 1180 1779 1213 nisi

330 1230 567 1273 eleemosynam
603 1229 801 1269 manualem,
831 1229 907 1262 ibid.
947 1230 1036 1270 Quae
1073 1231 1171 1264 forma
1208 1231 1366 1265 servanda
1402 1233 1442 1266 sit
1478 1241 1495 1265 a
1528 1231 1718 1266 Reformatis
1745 1234 1776 1265 in

330 1284 519 1317 novitiorum
556 1284 760 1326 receptione,
787 1284 827 1316 60
852 1293 880 1316 α.
906 1283 1041 1318 Ministri
1065 1284 1224 1328 generalis
1255 1286 1424 1319 auctoritas
1449 1295 1545 1329 supra
1570 1286 1777 1328 Reformatos,

331 1338 393 1371 376
419 1337 435 1369 b
460 1342 572 1381 etseq.
610 1337 824 1371 Commissarii
860 1336 1038 1380 generalis,
1076 1338 1138 1371 378
1176 1350 1205 1370 rt.
1243 1338 1367 1372 Fratres
1404 1339 1500 1373 Tertii
1525 1339 1655 1374 Ordinis
1687 1343 1778 1384 regui

331 1391 481 1424 Franciae
519 1394 592 1424 sunt
627 1390 686 1424 sub
723 1389 906 1425 obedientia
942 1393 1084 1434 magistri
1120 1391 1279 1435 generalis
1305 1392 1436 1427 Ordinis
1471 1393 1644 1435 Minorum,
1678 1394 1718 1427 49
1748 1399 1779 1429 et.

329 1444 391 1478 546
418 1455 438 1476 a
461 1454 522 1489 seq.
549 1448 579 1478 et
604 1444 668 1477 640
691 1455 751 1488 seq.
778 1443 929 1478 Habitum
958 1444 1072 1479 coloris
1097 1455 1114 1479 a
1138 1445 1276 1479 Minimis
1300 1446 1450 1489 „distincti
1481 1451 1608 1490 gestare
1642 1447 1778 1490 debent,

330 1497 393 1531 630
413 1508 442 1530 a.
468 1497 631 1541 Suumque
656 1497 776 1540 eligere
801 1490 1046 1540 provincialem,
1073 1499 1131 1532 641
1161 1511 1189 1532 ιι.
1215 1498 1391 1534 Cardinalis
1422 1502 1609 1544 protectoris
1647 1501 1777 1537 Ordinis

329 1550 494 1585 facultates
526 1559 608 1595 quae
640 1552 723 1592 sint,
750 1552 813 1585 550
839 1562 857 1584 a
882 1556 909 1584 et
933 1562 995 1596 seq.

240 1603 366 1638 Missale
400 1604 577 1638 Romanum
601 1613 619 1638 a
644 1604 698 1638 Pio
724 1604 748 1637 V
774 1604 996 1647 emendatum,
1022 1606 1063 1639 88
1088 1617 1116 1637 u.
1144 1606 1169 1639 A
1193 1605 1356 1640 Clemente
1381 1606 1449 1640 VIII
1482 1609 1680 1650 restitutum,
1713 1609 1778 1643 iin-

329 1668 561 1704 pressumquc,
588 1659 629 1692 88
655 1658 680 1692 b.

240 1711 384 1747 Monachi
420 1711 685 1756 Congregationis
721 1712 836 1747 Beatac
872 1713 988 1747 Mariae
1024 1712 1196 1755 Fuliensis‚
1224 1714 1263 1746 63
1290 1724 1319 1746 a.
1355 1714 1387 1748 Si
1424 1714 1462 1748 ad
1500 1715 1597 1749 alium
1622 1715 1777 1750 Ordinem

329 1767 530 1807 transierint,
555 1765 594 1800 ad
620 1775 710 1800 suam
735 1766 1022 1810 Congregationem
1050 1766 1154 1800 redire
1180 1771 1359 1811 nequeunt,
1385 1769 1564 1806 inconsulta
1589 1769 1670 1803 Sede
1694 1770 1777 1814 Apo·
1825 1793 1831 1798 -

328 1818 456 1861 stolica,
478 1818 573 1853 ibid:
600 1819 669 1853 vide
693 1819 725 1853 B.
751 1819 878 1854 Mariae.

239 1873 430 1908 Monasteria
453 1873 635 1907 monalIum.
653 1873 778 1914 Quibus
804 1873 844 1907 de
869 1874 975 1907 causis
999 1873 1093 1908 liccat
1116 1873 1318 1918 regularibus
1343 1875 1381 1909 ad
1407 1875 1485 1909 haec
1510 1878 1702 1911 monasteria
1727 1887 1779 1911 ae⁴

330 1927 463 1969 cedere,
484 1927 526 1960 59
552 1937 580 1960 a.

239 1981 402 2016 Moniales.
438 1980 473 2014 In
509 1979 669 2014 nonnullis
705 1979 916 2023 portugalliae
951 1983 1153 2016 monasteriis
1178 1982 1319 2016 nondum
1345 1991 1454 2017 earum
1479 1993 1630 2017 numerus
1657 1985 1778 2027 praeti-

329 2036 430 2077 nitus,
456 2034 474 2067 3
500 2045 528 2067 a.
566 2034 719 2068 Statuitur
754 2033 881 2067 deliniri
916 2035 1003 2068 iuxta
1040 2035 1167 2070 decreta
1193 2036 1325 2071 Concilii
1358 2037 1550 2079 Tridentini,
1582 2037 1657 2070 ibid.
1684 2038 1775 2079 Quod

328 2088 557 2133 perficiendum
593 2089 799 2122 committitur
830 2087 971 2121 locorum
1007 2087 1195 2131 Ordinariis,
1235 2094 1393 2135 tamquam
1426 2091 1582 2135 delegatis
1608 2092 1637 2124 S.
1663 2091 1775 2133 Sedis,

330 2143 348 2176 3
373 2142 399 2175 b.
436 2142 585 2176 Mulieres
619 2140 786 2175 abutentes
822 2141 961 2176 licentiis
993 2142 1196 2185 ingrediendi
1221 2146 1414 2178 monasteria
1446 2145 1617 2179 monalium
1643 2144 1777 2179 subsunt

328 2197 492 2237 censuris,
518 2196 581 2229 548
607 2206 637 2228 α.
671 2194 823 2230 Moniales
859 2195 1088 2230 confessarium
1113 2206 1152 2230 ex
1179 2197 1348 2241 pririlegio
1373 2197 1538 2233 Cruciatae
1569 2198 1690 2242 eligere
1714 2198 1775 2232 sibi

330 2252 509 2294 nequeunt,
535 2249 598 2282 559
623 2259 642 2281 a
666 2258 727 2292 seq.

240 2303 370 2346 Monroy
396 2301 461 2346 (de)
488 2301 686 2346 Alphonsus:
714 2301 784 2335 vide
807 2301 999 2346 Alphonsus.

239 2355 408 2391 Montaltus
432 2355 624 2390 Cardinalis:
651 2356 722 2389 ride
746 2356 939 2390 Alexander.

240 2409 344 2444 Monte
369 2409 477 2443 Pincio
503 2410 560 2453 (in)
587 2414 761 2443 conventus
786 2410 837 2443 SS.
863 2410 1022 2444 Trinitatis
1047 2409 1178 2445 Ordinis
1204 2412 1356 2446 Minoruin
1382 2412 1540 2446 addicitur
1565 2413 1683 2446 nationi
1704 2412 1774 2446 Gal-

328 2463 470 2503 licanae,
496 2464 559 2497 333
584 2475 613 2497 (ι.
640 2463 703 2497 Soli
728 2465 897 2497 correctori
923 2464 1065 2508 generali
1089 2465 1220 2499 Ordinis
1245 2465 1430 2507 subiicitur,
1458 2466 1518 2498 :334
1545 2476 1574 2497 a.

240 2516 353 2552 Montis
379 2516 516 2561 Vtrginis
541 2517 751 2561 Congregatio
773 2516 904 2553 Ordinis
930 2518 959 2552 S.
984 2518 1166 2554 Benedicti:
1197 2519 1267 2553 ride
1291 2520 1320 2552 S.
1346 2518 1519 2552 Benedicti.

241 2571 384 2607 Morisei:
408 2571 480 2606 vide
502 2571 612 2606 Mauri.

383 2694 460 2723 Bull.
476 2694 559 2723 Rom.
585 2695 646 2724 Vol.
663 2695 711 2723 XI.
893 2696 926 2723 87
