2227 3241
38 280 85 308 Ans
101 279 130 307 G.
146 276 214 306 1606

72 1475 156 1508 &haus
166 1484 227 1505 gene·

48 1503 96 1527 ulls
112 1507 226 1526 auctor-itus

49 1532 90 1555 [qn
114 1531 134 1552 in
167 1532 227 1554 ltalia

122 1558 143 1578 in
161 1558 226 1580 Gallia

82 1583 159 1612 ubique
172 1586 227 1606 loco-

51 1614 94 1640 11111
103 1613 228 1634 monasteria

51 1635 150 1660 wimundi.

890 270 1008 296 PAULUS
1029 271 1046 294 V
1067 271 1117 295 1³1³.

1654 261 1713 295 311
1764 271 1816 298 An.
1838 271 1953 299 0160ss

232 322 365 359 Coneilii
379 323 556 356 Tridentini
575 322 722 363 decretis,
743 331 869 355 necnon
883 331 977 363 regu·
1011 320 1050 352 ad
1065 329 1139 352 suos
1152 319 1347 364 superiores,
1362 326 1459 364 prout
1473 319 1592 353 remitti
1608 320 1756 362 debeant,

232 375 355 409 laribus
375 375 479 408 dictae
499 372 763 417 Congregatio'nis
785 372 935 406 institutis
961 383 977 405 a

232 428 314 462 Sede
344 428 528 472 Apostolica
555 427 754 471 approbatis,
779 436 844 460 non
866 427 978 460 adver-

233 488 367 523 sentur,
395 493 432 515 ac
459 487 607 515 revocata
635 491 700 514 non
725 480 807 520 sint,
834 490 894 514 nee
919 479 977 513 sub

233 535 396 579 aliquibus
427 534 688 568 revocationibus
719 534 974 578 comprehensa,

234 588 409 633 apostolica
441 587 654 628 auctoritate,
682 593 795 620 tenore
826 597 979 631 praesen-

235 641 326 682 tium,
350 645 506 685 perpetuo
521 640 752 674 confirmamus
769 646 800 674 et
818 641 980 684 approba-

234 706 323 737 mus,
355 695 482 739 illisque
514 701 690 739 perpetuae
720 701 751 728 et
784 695 979 728 inviolabilis

234 749 429 794 apostolicae
442 749 606 782 firmitatis
622 749 722 782 robur
743 748 925 789 adimimus,
943 759 979 782 ae

235 814 347 837 omnes
367 809 397 837 et
418 803 572 846 singulos,
592 809 654 836 tam
677 802 755 836 iuris
776 813 873 847 quam
891 803 975 844 sacti,

235 863 266 891 et
285 857 537 897 solemnitatum,
562 857 658 890 etiam
680 857 719 890 de
745 856 815 890 iure
835 866 980 890 necessa·

235 911 368 952 riarum,
385 916 441 944 aut
459 910 536 944 alias
550 910 796 955 quomodolibet
808 910 980 954 requisita-

236 976 320 1007 rum,
336 966 445 999 forsan
464 965 668 1006 omissarum,
686 970 716 998 ct
731 965 810 998 alios
822 965 976 1005 defectus,
996 972 997 992 ³

235 1019 260 1054 si
275 1019 329 1064 qui
343 1018 577 1053 intervenerint
590 1018 622 1052 ia
636 1018 768 1060 eisdem,
781 1018 979 1062 supplemus,
996 1011 997 1042 ἶ

237 1073 372 1118 illasque
384 1079 413 1107 et
429 1073 483 1106 illa
503 1071 977 1117 Congregationi⁴praedictae,
996 1067 997 1096 ἶ
1015 1084 1077 1118 que
1103 1074 1247 1115 iudices,
1271 1074 1504 1118 cuiuscumque
1534 1074 1700 1117 dignitatis
1728 1081 1759 1109 et

236 1127 414 1169 monachis,
425 1127 620 1160 monialibus
635 1133 663 1160 et
678 1126 802 1168 oblatis,
813 1126 909 1160 etiam
924 1136 982 1170 per
996 1120 999 1157 1

237 1182 369 1216 modum
393 1181 699 1215 communicationis
726 1187 757 1215 et
785 1180 999 1214 extensionis

236 1236 436 1277 huiusmodi,
460 1235 641 1279 suffragari,
666 1246 786 1279 eosque
811 1234 874 1268 illis
905 1234 978 1275 frui,

237 1289 284 1324 uti
309 1295 340 1323 et
365 1290 528 1333 gaudere,
553 1289 620 1330 ubi,
645 1289 774 1333 quando
799 1294 829 1322 et
855 1287 982 1332 quoties

237 1352 319 1386 opus
339 1341 444 1382 suerit,
468 1351 562 1386 posse
589 1347 619 1375 et
641 1341 757 1374 debere
780 1339 811 1372 in
830 1339 981 1373 omnibus

238 1401 270 1430 et
288 1406 347 1440 per
365 1395 474 1429 omnia
495 1394 711 1429 decernimus.

283 1448 346 1493 52.
370 1449 539 1482 Praeterea
560 1454 661 1488 motu,
682 1447 813 1481 scientia
836 1453 866 1480 et
886 1452 977 1490 pote-

240 1502 331 1537 statis
355 1502 556 1547 plenitudine
581 1501 740 1535 similibus
767 1501 915 1534 volumus
951 1505 982 1533 et

242 1556 554 1600 declaramus,qttod
568 1555 667 1588 abbas
688 1554 848 1598 generalis
867 1554 983 1587 debeat

243 1609 328 1653 eligi,
351 1616 448 1655 prout
468 1610 623 1644 hactenus
644 1610 762 1643 factum
783 1608 850 1649 suit,
873 1618 909 1642 ac
926 1618 981 1652 pa-

241 1664 320 1698 riter
331 1665 418 1709 quod
441 1665 507 1710 ipse
527 1665 626 1699 abbas
646 1663 804 1707 generalis
825 1673 883 1707 pro
903 1668 982 1695 tem-

240 1729 321 1763 pore
353 1718 490 1753 existens
519 1719 618 1764 possit
650 1724 680 1751 et
712 1718 828 1751 debeat
855 1716 982 1750 visitare

241 1783 467 1817 quaecumque
495 1783 571 1807 suae
597 1770 860 1815 Congregationis
888 1780 982 1814 prae-

242 1826 346 1860 dictae
365 1826 570 1867 monasteria,
588 1826 697 1860 tamin
717 1826 805 1859 ltalia
827 1835 924 1869 quam
953 1825 981 1858 in

241 1879 343 1914 Gallia
375 1886 406 1914 et
445 1881 566 1925 ubique
606 1881 751 1914 locorum
791 1879 980 1920 existentia,

242 1989 329 2024 nulla
354 1988 542 2023 visitationis
568 1988 771 2021 intimatione
795 1998 850 2021 seu
873 1987 981 2021 notifi-

243 2043 367 2076 catione
394 2042 630 2087 praecedente,
656 2052 726 2075 cum
759 2041 983 2075 observatione

243 2097 372 2140 regulae
393 2107 429 2130 ac
454 2095 719 2130 constitutionum
743 2095 885 2128 eiusdem
904 2085 1001 2129 Con-⁴

243 2151 448 2194 gregationis.
465 2151 646 2190 Praeterea,
665 2150 750 2194 quod
765 2149 930 2183 venientes
944 2151 982 2183 ad

243 2205 358 2239 Urbem
382 2215 416 2238 ex
439 2204 604 2249 provincia
627 2204 770 2245 Galliae,
795 2210 824 2237 et
845 2216 881 2237 ex
907 2210 983 2248 ‹pia-

244 2268 382 2303 cumque
392 2258 453 2292 alia
463 2258 639 2303 provincia,
657 2258 695 2292 ad
710 2258 813 2302 ipsum
833 2257 982 2291 abbatem

245 2313 426 2355 generalem
449 2312 570 2356 absque
591 2311 719 2345 lieentia
748 2318 774 2344 ct
802 2312 985 2345 obedientia

245 2375 375 2399 suorum
394 2365 640 2410 provincialium
663 2371 691 2398 et
713 2365 930 2409 superiorum,
955 2371 986 2398 et

245 2418 382 2453 maxime
411 2419 436 2453 si
471 2419 532 2452 sint
567 2423 753 2463 apostatae,
782 2418 908 2462 profugi
939 2419 984 2451 vel
1002 2408 1004 2418 '

245 2472 326 2515 vagi,
343 2472 368 2506 si
382 2472 540 2515 generalis
558 2473 743 2515 cognoverit
757 2472 877 2516 absque
891 2474 986 2505 causa
1003 2463 1004 2478 ³

246 2525 388 2568 legitima
402 2526 472 2560 illos
487 2526 619 2567 venisse,
630 2527 765 2560 debeant
780 2525 886 2570 puniri
902 2525 1005 2560 iuxta.

247 2579 382 2612 sormam
401 2579 680 2619 constitutionum,
698 2585 726 2612 et
742 2579 846 2612 statim
867 2578 985 2612 remitti
1004 2597 1005 2601 =

284 2651 294 2676 1
318 2649 392 2678 Fors.
423 2650 528 2687 legend.
558 2650 792 2685 Gon9›·eqaeiom·s
818 2650 989 2686 praedictae

248 2694 394 2721 tvvonachis
410 2699 462 2722 etc.
479 2696 519 2730 (u.
533 2696 580 2726 τᾸ.

1012 373 1036 406 si
1058 373 1225 414 venerint,
1256 373 1378 417 absque
1409 373 1594 407 huiusmodi
1624 384 1756 407 suorum

1014 426 1220 470 superiorum
1243 427 1372 460 licentia
1393 432 1423 461 et
1440 427 1636 469 obedientia,
1660 429 1755 461 etiam

1012 489 1072 524 pro
1090 490 1203 513 eorum
1220 481 1402 522 devotione,
1419 491 1511 515 secus
1532 488 1638 515 autem
1660 482 1685 515 si
1706 492 1758 515 ve-

1012 534 1071 566 lint
1100 534 1253 568 accedere
1287 535 1327 568 ad
1358 535 1498 577 Urbem,
1529 542 1691 580 tamquam
1717 537 1757 570 ad

1013 587 1230 632 Apostolicain
1246 588 1359 622 Sedem
1379 600 1438 634 pro
1453 590 1589 633 negotiis
1603 596 1633 624 et
1649 601 1758 624 recur-

1012 641 1101 674 sibus
1120 641 1288 683 habendis,
1311 649 1384 677 tune
1407 644 1492 676 enim
1514 644 1662 678 volumus
1680 644 1758 678 libe-

1014 706 1085 728 rum
1107 707 1175 744 esse
1201 696 1376 741 unicuique
1405 698 1444 731 ad
1471 708 1540 731 can]
1569 697 1753 739 confluere,

1014 760 1073 783 nec
1088 750 1184 784 licere
1202 751 1422 795 superioribus
1437 752 1554 796 cuique
1567 752 1752 796 prohibere.

1059 806 1075 846 g
1097 804 1126 837 3.
1150 804 1199 838 Ad
1219 805 1310 846 haec,
1336 806 1422 849 quod
1437 806 1544 839 nullus
1569 807 1752 850 praelatus,

1013 859 1231 903 provincialis,
1256 860 1366 900 abbas,
1387 860 1477 904 prior
1494 860 1542 894 vel
1564 860 1752 902 monachus,
1792 876 1958 897 remanum-

1771 902 1835 923 beudi
1850 909 1958 924 recursum

1013 918 1135 946 secrete
1156 913 1203 946 vel
1224 913 1343 957 palam,
1374 913 1493 947 directe
1510 914 1557 947 vel
1579 914 1752 954 indirecte,
1771 931 1832 960 „xtra
1859 929 1959 960 ominem

1014 977 1071 1010 per
1091 966 1232 1011 seipsum
1254 967 1302 1001 vel
1322 977 1380 1012 per
1393 967 1484 1009 alios,
1502 978 1536 1001 cx
1551 978 1756 1012 quacumque
1771 956 1962 1011 ἷὲηέἶξὲῗῦῗιαθι

1014 1022 1110 1053 eausa
1127 1021 1176 1054 vel
1194 1020 1373 1062 occasione,
1402 1020 1503 1065 possit
1521 1021 1560 1055 ad
1579 1031 1753 1064 quoscum-

1015 1127 1178 1171 qualitatis
1207 1127 1343 1168 suerint,
1367 1127 1488 1161 habere
1513 1137 1679 1161 recursum
1698 1138 1757 1173 pro

1015 1181 1152 1223 negotiis
1169 1181 1388 1226 spectantibus
1409 1181 1447 1215 ad
1468 1182 1757 1225 Congregationem

1016 1234 1148 1279 eiusque
1166 1235 1373 1276 monasteria,
1395 1235 1427 1268 in
1446 1246 1563 1278 genere
1581 1236 1628 1269 vel
1643 1236 1675 1269 in
1689 1247 1759 1281 spe-

1016 1288 1094 1329 cic',
1119 1289 1158 1322 ad
1190 1289 1402 1333 particulares
1422 1300 1598 1334 personas,
1628 1289 1687 1323 nisi
1720 1289 1759 1323 ad

998 1353 1109 1395 psuum
1132 1343 1280 1376 abbatem
1303 1343 1487 1386 generalem
1509 1343 1539 1376 in
1561 1343 1652 1376 Italia
1672 1344 1756 1377 exis-

1018 1403 1148 1438 tentem,
1167 1397 1215 1431 vel
1234 1397 1353 1442 ubique
1367 1398 1524 1439 locorum,
1543 1397 1596 1430 ubi
1615 1397 1693 1438 erit,
1711 1398 1759 1431 vel

1017 1451 1049 1484 in
1081 1461 1182 1494 regno
1212 1451 1332 1486 Galliae
1358 1451 1396 1485 ad
1423 1462 1497 1485 suos
1523 1451 1759 1496 provinciales,

997 1505 1064 1538 ivel
1085 1506 1124 1538 ad
1145 1505 1284 1550 capitula
1304 1505 1528 1549 provincialia:
1554 1505 1609 1549 qui
1631 1510 1758 1538 coutra-

1015 1559 1154 1600 venerit‚'
1170 1569 1307 1603 poenam
1328 1558 1670 1592 excommunicationis
1690 1559 1760 1602 ipso

1017 1613 1121 1646 tacto²
1151 1614 1261 1656 (atque
1289 1611 1520 1654 indignationis
1550 1613 1760 1655 nostrae),-a

1017 1674 1081 1709 qua
1100 1663 1228 1697 nonnisi
1243 1674 1261 1697 a
1277 1663 1423 1697 Romano
1437 1663 1593 1697 Pontifice
1607 1673 1667 1708 pro
1681 1669 1761 1696 tem-

1017 1729 1096 1763 pore
1122 1718 1299 1758 existente,
1323 1724 1551 1762 praeterquam
1584 1717 1616 1750 in
1649 1717 1761 1750 mortis

1018 1772 1165 1812 articulo,
1191 1772 1311 1806 absolvi
1332 1771 1444 1816 possit,
1468 1777 1499 1805 et
1518 1777 1676 1815 perpetuo
1697 1771 1761 1815 pri-

1018 1832 1107 1868 vatus
1127 1826 1325 1868 intelligatur
1341 1835 1550 1870 quocumque
1568 1825 1681 1868 gradu,
1705 1824 1762 1858 ho-

999 1902 1001 1930 3
1018 1891 1097 1914 nore
1115 1886 1142 1913 et
1158 1880 1313 1923 dignitate
1327 1879 1503 1921 religionis,
1520 1885 1547 1913 et
1564 1883 1669 1912 careat
1685 1888 1760 1911 voce

242 1934 371 1978 quando
401 1940 432 1967 et
459 1934 584 1978 quoties
616 1934 643 1967 ei
676 1933 836 1966 videbitur
850 1960 857 1974 ,
887 1933 981 1966 ctiam
999 1933 1002 1950 ²

1018 1934 1120 1968 activa
1141 1939 1173 1967 et
1191 1934 1325 1978 passiva.

1063 1990 1078 2030 ξ
1100 1988 1130 2020 4.
1154 1988 1334 2028 Postremo,
1351 1987 1438 2032 quod
1453 1986 1592 2031 capitula
1606 1997 1665 2030 pro
1679 1992 1760 2019 tem-

1018 2051 1095 2085 pore
1128 2040 1293 2081 facienda,
1327 2045 1389 2072 tam
1417 2039 1447 2071 in
1472 2039 1572 2073 Gallia
1606 2049 1702 2083 quam
1730 2038 1760 2071 iu
1799 2052 1962 2079 cui-«simma

1018 2094 1278 2138 quibuscumque
1305 2093 1376 2126 aliis
1404 2092 1597 2136 provinciis,
1623 2079 1962 2126 debeant{TI-‘22“¹¹‘'3'352222

1019 2147 1124 2180 vocari
1148 2147 1286 2191 capitula
1315 2145 1542 2190 provincialia,
1567 2155 1630 2179 nou
1653 2152 1758 2178 autem
1776 2134 1961 2179 l‘iss‘sfiss‘zffi'fflc'ic'

1019 2201 1191 2244 gencralia,
1217 2200 1260 2233 ita
1285 2206 1318 2233 ut
1338 2200 1516 2244 capitulum
1544 2199 1692 2242 generale
1712 2199 1760 2231 in-

1021 2256 1182 2298 telligatur
1212 2255 1289 2288 illud
1322 2255 1408 2299 quod
1442 2253 1659 2287 celebrabitur
1688 2264 1760 2286 cum

1019 2309 1198 2343 assistentia
1226 2309 1385 2352 generalis
1414 2314 1680 2351 caeterorumque
1701 2317 1759 2351 pa-

1021 2369 1105 2396 trum
1129 2363 1349 2396 definitorum

1066 2419 1081 2460 ξ
1094 2417 1123 2450 5.
1137 2418 1322 2450 Praesentes
1334 2427 1463 2460 quoque
1478 2414 1687 2448 litterasull0³
1698 2425 1764 2446 um-

1021 2482 1118 2516 quam
1138 2477 1284 2515 tempore
1306 2471 1344 2504 de
1365 2468 1583 2513 subreptionis
1603 2468 1650 2501 vel
1669 2468 1763 2500 obre-

1021 2525 1140 2570 ptionis
1160 2524 1248 2564 vitio,
1271 2535 1327 2557 seu
1353 2523 1538 2556 intentionis
1564 2527 1690 2555 nostrae
1715 2521 1761 2554 vel
1778 2512 1944 2533 '¹'³⁹'‘''“'''‘''‘

1852 2479 1963 2499 (tantulae

1060 2607 1068 2631 1
1094 2604 1195 2632 Forsan
1211 2603 1391 2639 supplendum
1408 2610 1498 2636 neque
1513 2603 1550 2628 acl
1566 2602 1641 2629 alias
1655 2608 1692 2634 m.
1704 2605 1752 2634 τ.).

1056 2650 1072 2676 2
1093 2648 1278 2685 Supplendum
1301 2649 1434 2676 {rictu-rat
1456 2648 1490 2682 (n.
1504 2649 1552 2679 τ.ζ,.

1058 2694 1072 2722 3
1093 2693 1142 2722 Seu
1159 2694 1248 2730 potius
1264 2693 1321 2729 lege
1337 2691 1416 2720 uallo
1434 2694 1471 2718 fa.
1488 2692 1535 2725 r).
