2227 3241
26 257 75 284 An.
93 256 120 285 C.
144 256 213 284 1610

225 304 313 338 vivae
338 304 413 339 fidei
440 305 560 338 donum
576 332 584 345 ,
609 305 695 348 quod
726 310 755 338 et
784 304 966 338 dilectionis

225 358 354 401 egregia
371 369 470 403 opera
487 351 517 392 et
535 358 701 392 doctrinae
722 358 838 392 veritas
856 369 892 392 ac
912 369 966 402 pu-

225 411 312 453 ritas,
336 422 432 456 quam
459 422 495 445 ex
520 411 588 445 eius
606 421 662 444 ore
689 411 829 445 Ecclesia
849 411 966 444 Medio-

224 464 363 499 lanensis
388 464 507 509 aliique
533 474 597 497 non
623 464 716 508 pauci
743 463 966 497 christifideles

226 522 272 551 tot
296 517 387 551 annis
407 517 601 557 hauserunt,
634 516 846 560 comprobant
878 517 962 550 satis.

270 573 286 614 g
309 570 361 604 ⁶25.
390 571 493 604 Pietas
512 576 681 616 praeterea
701 570 834 614 insignis
855 581 891 603 ac
914 571 967 604 dc-

226 624 321 666 votio‚
343 624 432 658 cuius
457 625 582 658 fervore
607 624 756 657 incensus
781 623 895 658 Christi
922 624 966 656 sa-

226 678 332 711 mulus
345 676 456 711 sacra¹
478 677 587 711 ltaliae
604 678 674 711 loca
695 676 851 710 orationis
873 680 966 711 causa

226 730 398 775 aliquando
433 731 565 771 obibat,
599 731 694 773 longa
724 736 753 763 et
779 730 966 763 difficillima

226 784 342 818 itinera
356 783 552 817 alienissimo
574 783 648 817 anni
669 789 815 828 tempore
833 783 967 827 pedibus

225 838 361 881 agendo.
379 837 446 877 Qua
460 837 491 871 in
511 848 556 879 re,
573 842 608 870 ut
625 838 714 871 nullo
726 838 798 871 loco
819 848 836 870 a
852 838 967 871 sanctis

225 891 377 935 operibus
402 896 558 932 cessaret,
588 896 714 935 tempus
741 901 848 925 rerum
883 891 964 924 divi-

225 955 340 978 narum
374 944 659 989 contemplatione,
689 950 742 978 aut
768 945 966 989 psalmorum

226 1003 255 1031 et
287 1002 469 1031 sanctarum
503 1008 635 1042 precum
668 998 880 1039 recitatione,
913 1004 968 1032 aut

225 1061 391 1085 sermones
408 1051 590 1095 spirituales
611 1062 683 1084 cum
703 1052 874 1085 comitibus
893 1063 967 1086 con-

227 1105 358 1139 serendo
381 1105 587 1148 transigebat.

52 1171 150 1202 otioque
166 1171 210 1192 neo
258 1160 274 1201 g
289 1158 499 1198 26.Quotidie
510 1158 703 1193 sacrificium
718 1159 783 1193 Deo
798 1159 964 1201 offerebat,

25 1197 211 1254 ῗέῗζιᾞῗὲἰωηεῖἷὲ
227 1212 362 1256 genibus
383 1212 470 1246 flexis
492 1212 587 1246 horas
605 1213 776 1246 canonicas
800 1213 964 1255 recitabat,
984 1230 986 1261 Ι

26 1251 212 1299 ῗῖἓζιῖιῗῖαεὴῖοῗῇῗ
228 1271 258 1299 et
283 1276 389 1299 sacras
413 1266 617 1299 scrutabatur
645 1266 838 1310 scripturas,
872 1267 968 1310 idque

26 1305 211 1361 iffisslusslffifililss
227 1319 390 1354 interdum
417 1320 491 1353 dum
525 1325 648 1353 secreto
681 1320 886 1354 refectionem
917 1332 986 1354 sum

23 1358 209 1406 ‘affilfflll'ssellle-V'
227 1378 329 1407 meret
354 1374 567 1417 corporalem.
600 1374 815 1414 Quamobrem
852 1376 967 1409 meruit

225 1428 324 1461 homo
348 1427 417 1468 Dei,
443 1427 474 1460 in
500 1428 684 1462 huiusmodi
703 1430 854 1473 operibus
875 1435 987 1479 occu-2

224 1486 328 1526 patus,
352 1491 417 1514 non
440 1481 647 1515 mediocriter
672 1493 689 1515 a
714 1483 850 1516 Domino
876 1484 967 1517 clari-

223 1535 322 1569 ficari.
344 1535 421 1568 Cum
451 1534 536 1567 enim
565 1546 599 1568 cx
627 1545 716 1569 more
741 1536 914 1580 aliquando
937 1538 967 1570 in

220 1588 343 1633 privato
361 1588 503 1622 oratorio
521 1599 652 1633 vespere
672 1600 744 1623 cum
760 1590 883 1623 familia
899 1601 968 1624 ora·
985 1608 986 1620 i

53 584 136 614 Rietate
147 587 166 606 et
175 585 209 605 de-

26 613 112 659 }t'ffiione
123 613 210 638 insigms

880 257 1001 281 PAULUS
1022 257 1040 280 V
1060 257 1109 282 Pr.

222 1648 280 1684 ret,
302 1648 332 1676 et
352 1642 436 1676 filius
454 1642 657 1686 perditionis,
677 1649 821 1687 apostata
836 1645 966 1688 quidam
984 1641 986 1657 ¹

222 1707 258 1729 ex
276 1695 393 1730 Ordine
418 1695 679 1738 llumiliatorum,
703 1708 799 1741 quem
821 1697 874 1730 alii
892 1707 986 1742 non-13

206 1750 300 1794 ,nulli
331 1749 474 1783 eiusdem
507 1748 638 1784 Ordinis
676 1750 799 1784 similes
832 1743 986 1802 ministri{

221 1802 356 1837 Satanae
376 1802 512 1847 pecunia
534 1802 564 1836 in
584 1814 695 1836 necem
723 1804 827 1838 Caroli
848 1805 964 1839 subor-
984 1807 985 1816 ¹

222 1863 386 1898 naverunt,
411 1857 496 1900 quod
519 1867 631 1890 eorum
653 1856 780 1891 Ordinis
806 1859 963 1892 reforma-

223 1909 352 1943 tionem'
362 1909 552 1953 auctoritate
573 1911 751 1954 apostolica
773 1918 912 1955 urgeret,
936 1913 965 1945 in
983 1906 985 1933 ἶ

222 1963 290 1996 cius
317 1969 440 2006 tergum
475 1963 636 2007 plumbeis
667 1964 807 2006 globulis
842 1964 961 1998 instru-

223 2023 308 2051 ctum
335 2018 479 2061 sclopum
510 2017 549 2049 ab
575 2017 706 2050 oratorii
736 2020 827 2061 porta
855 2013 984 2062 explo-'

223 2069 325 2111 sisset,
347 2069 450 2103 divina
470 2075 658 2114 protegente
677 2070 816 2112 dextera,
833 2072 965 2114 sagittae
981 2087 983 2114 3

224 2124 430 2167 parvulorum
466 2124 566 2156 sactae
593 2130 665 2157 sunt
690 2124 803 2168 plagae
829 2135 963 2168 corum,

225 2178 438 2221 ctgloborum
457 2188 530 2222 pars
551 2179 649 2211 sancti
665 2178 827 2223 pontificis
846 2180 967 2214 orantis

225 2237 325 2265 vestes
338 2242 402 2265 non
424 2232 612 2275 penetrarit,
637 2232 707 2265 licet
730 2232 793 2273 alii,
818 2232 966 2267 violentia

226 2286 316 2325 ictus,
332 2285 482 2330 utrinque
495 2285 613 2318 suerint
627 2285 658 2318 in
676 2286 842 2330 proximo²
856 2287 963 2323 delixi:

224 2332 439 2382 omnibusque
460 2339 498 2372 de
519 2339 663 2382 periculo
697 2350 731 2371 ac
758 2340 796 2373 de
825 2339 892 2373 cius
912 2351 963 2373 sa-

225 2393 289 2426 lute
316 2392 560 2437 trepidantibus,
586 2393 651 2437 ipse
672 2394 758 2427 solus
781 2400 887 2427 mente
910 2394 968 2427 im-

225 2453 329 2481 motus
348 2447 418 2480 illos
441 2447 470 2479 in
493 2447 637 2479 oratione
658 2447 812 2491 progredi
836 2448 967 2481 manda-

225 2501 278 2542 vit,
295 2506 325 2534 et
344 2505 418 2533 tunc
435 2500 537 2544 ipsum
559 2500 684 2534 Domini
708 2501 865 2535 monitum
889 2502 965 2535 illud

225 2554 298 2587 Non
320 2553 465 2586 turbetur
485 2564 536 2585 cor
556 2558 707 2595 restrum,
732 2565 833 2598 neque
853 2555 966 2597 formi-

264 2627 271 2651 ¹
297 2625 333 2652 Ex
354 2633 445 2652 errore
465 2625 530 2652 edit.
547 2625 628 2653 lllain.
646 2626 697 2652 fert
711 2635 810 2654 sacrae
826 2628 865 2661 (ιι.
883 2633 930 2661 τᾳ.

261 2669 276 2696 ⁶2
292 2670 474 2706 Supplendum
492 2670 595 2698 ridetur
611 2679 678 2704 asse,
701 2671 752 2706 vel,
770 2672 848 2706 liquo
864 2674 900 2706 (n.
918 2672 966 2706 T.).
983 2698 986 2702 ,

1209 282 1218 289 ,
1651 247 1714 282 647
1761 256 1809 284 An.
1832 256 1859 285 C.
1879 257 1945 286 1610

1000 304 1071 337 det*
1091 305 1225 345 cantari,
1248 315 1312 338 non
1339 305 1406 338 sine
1433 305 1538 339 divina
1560 305 1739 346 voluntate,

1001 358 1189 400 contigerat.

1046 413 1061 453 ξ
1077 411 1128 444 27.
1147 411 1204 451 Oui
1223 412 1318 454 igitur
1337 412 1384 445 sui
1399 412 1542 456 corporis
1556 413 1647 446 saluti
1662 423 1743 457 opus
1767 426 1946 459 aedanuseeeie-

1000 464 1054 498 Dei
1072 470 1192 498 tantum
1219 472 1441 510 anteponeret,
1465 466 1550 499 haud
1572 466 1700 507 mirum,
1717 467 1742 500 si
1759 456 1893 501 {5333}ssss
1908 460 1947 501 ⁹2}

1002 528 1109 551 rerum
1131 519 1225 551 etiam
1249 524 1279 552 et
1300 520 1459 553 honorum
1489 525 1675 564 contemptu
1696 507 1946 564 511-31‘5?⁶1¹,³t‘2xp35¹{3

1003 577 1050 604 ter
1074 572 1189 606 Christi
1221 583 1328 606 servos
1354 573 1503 607 enituerit
1528 573 1678 614 Carolus,
1713 579 1744 607 et
1758 560 1945 617 ἶὲἷῗξρθὲηιῖθὲζὲ

1003 626 1140 659 illuxerit
1156 626 1306 660 omnibus
1319 627 1372 670 qui
1389 627 1418 659 in
1439 627 1535 660 domo
1553 633 1635 660 sunt.
1652 627 1742 660 Post·
1758 613 1844 634 ‘mmm'

1003 690 1099 723 quam
1126 680 1210 713 enim
1234 681 1272 714 ad
1294 681 1469 714 Ecclesiam
1492 681 1664 723 regendam
1683 682 1745 714 Me-

1003 733 1233 774 diolanensem,
1251 741 1279 767 et
1295 734 1334 766 ad
1353 734 1557 766 christianam
1577 734 1746 778 perfectio-

1002 797 1075 819 nem
1090 787 1232 820 animum
1249 786 1384 831 appulit,
1409 793 1442 819 ut
1457 787 1635 831 expeditior
1653 798 1747 830 agere

1003 845 1107 883 posset
1130 841 1217 884 quod
1243 840 1405 882 agendum
1427 845 1623 884 susceperat,
1648 841 1749 874 maio-

1003 893 1045 926 ris
1069 893 1312 937 poenitentiarii
1342 893 1502 934 osficium,
1527 893 1748 938 archipresby-

1003 953 1140 980 teratum
1159 947 1311 981 basilicae
1337 952 1466 981 sanctae
1488 947 1605 980 Mariae
1622 946 1748 980 Maioris

1002 1000 1106 1040 Urbis,
1125 1000 1281 1035 Ordinum
1304 1001 1499 1044 regularium
1516 1000 1744 1044 complurium,

1004 1065 1177 1097 regnorum
1205 1060 1234 1088 et
1259 1055 1426 1088 nationum
1454 1054 1743 1088 honorificentissi-

1004 1118 1070 1140 mas
1085 1107 1247 1141 clientelas
1265 1119 1320 1141 seu
1338 1108 1568 1152 protectiones,
1593 1107 1746 1151 opulenta

1004 1171 1149 1199 munera,
1167 1162 1370 1206 grandesque
1389 1153 1620 1195 ecclesiasticos
1638 1167 1667 1194 et
1690 1172 1745 1205 pa-

1004 1214 1203 1247 trimoniales
1224 1215 1367 1248 redditus
1390 1221 1503 1259 sponte
1524 1217 1579 1248 sua
1601 1214 1739 1259 reliquit.

1048 1269 1063 1309 ξ
1086 1267 1138 1300 028.
1167 1268 1276 1312 Neque
1298 1268 1346 1300 liis
1369 1274 1490 1301 tantum
1517 1268 1651 1301 vinculis
1675 1279 1743 1302 sese

1003 1322 1232 1363 exsolvendum
1261 1322 1393 1363 censuit,
1416 1328 1449 1355 ut
1467 1322 1626 1355 Christum
1653 1323 1743 1366 sequi
1758 1312 1946 1363 ῗιὲἷῡξῖἒυῗᾏέιῗέξῖ

1004 1375 1135 1408 liberius
1160 1381 1277 1418 posset,
1305 1376 1372 1413 sed,
1401 1375 1486 1419 quod
1512 1376 1606 1418 longe
1632 1376 1744 1409 diffici-
1761 1363 1795 1384 ω’

1004 1429 1063 1461 lius
1089 1435 1145 1468 est,
1176 1439 1239 1472 quo
1266 1439 1382 1472 corpus
1407 1440 1498 1462 sumn
1526 1430 1681 1472 redigeret
1714 1431 1744 1463 in

1795 1280 1882 1301 Ieiuniis
1899 1286 1946 1301 cor-

985 1482 1186 1514 *serritutem
1217 1482 1415 1514 severissime
1442 1482 1625 1525 castigarit:
1659 1494 1741 1527 quo-

1005 1535 1127 1568 tidiano
1146 1535 1230 1568 enim
1253 1545 1316 1568 non
1336 1541 1505 1569 contentus
1527 1536 1658 1577 ieiunio,
1679 1548 1746 1570 car-

1006 1589 1107 1629 nium,
1129 1599 1274 1631 ovorum,
1297 1601 1333 1622 ac
1358 1589 1492 1633 piscium
1513 1601 1600 1622 esum
1623 1590 1682 1623 sibi
1701 1591 1747 1623 in-

1006 1642 1142 1678 terdixit,
1168 1642 1284 1675 deinde
1304 1648 1349 1675 ter
1370 1642 1508 1686 qualibet
1532 1642 1746 1685 hebdomada,

1004 1696 1164 1740 posthaec
1181 1698 1243 1728 tota
1261 1696 1510 1738 Quadragesima
1528 1707 1610 1740 pane
1626 1702 1747 1730 tantum

1004 1756 1034 1783 et
1051 1752 1131 1793 aqua
1153 1749 1314 1783 ieiunarit.
1333 1750 1376 1782 Ac
1391 1750 1535 1789 demum,
1552 1750 1629 1783 utin
1651 1752 1747 1784 corde

1004 1803 1101 1847 ipsius
1128 1804 1327 1848 disposuerat
1355 1804 1509 1837 Dominus
1530 1805 1743 1846 ascensiones,

1003 1858 1279 1901 quadragesimale
1293 1858 1446 1891 ieiunium
1464 1859 1578 1900 magna
1600 1869 1634 1891 cx
1655 1865 1746 1903 parte

1002 1911 1076 1944 solis
1102 1911 1169 1943 ficis
1195 1911 1305 1955 passis,
1331 1917 1381 1944 aut
1401 1911 1475 1944 solis
1502 1911 1646 1955 dactylis⁷
1674 1923 1745 1945 san-

1002 1971 1125 1998 ciorum
1159 1971 1300 1998 veterum
1329 1965 1534 1999 eremitarum
1564 1977 1663 2007 more,
1692 1979 1745 2012 pe-

1002 2019 1100 2061 regit:
1124 2019 1273 2063 demque,
1296 2025 1460 2063 postremo
1483 2020 1562 2053 vitae
1585 2026 1741 2065 tempore,

1002 2072 1204 2106 hebdomada
1242 2073 1362 2106 maiore
1400 2073 1474 2106 solis
1510 2074 1627 2118 lupinis
1661 2077 1744 2119 aqua

1003 2126 1132 2159 mollitis
1158 2127 1359 2169 languentem
1383 2127 1523 2160 animam
1543 2128 1739 2161 sustentavit.

1046 2181 1061 2221 ξ
1088 2179 1138 2212 20.
1176 2180 1275 2213 Vestis
1301 2180 1344 2213 illi
1372 2181 1505 2214 interior
1534 2182 1692 2222 cilicium,
1714 2188 1742 2216 ct
1759 2188 1944 2235 affligigffijmff}

1001 2244 1105 2266 crassa
1126 2244 1302 2278 asperaque
1321 2235 1438 2271 tunica·v
1456 2235 1594 2267 exterior
1607 2236 1738 2279 privata,
1758 2221 1942 2293 33115232333332

1002 2287 1092 2320 lanea
1114 2299 1149 2320 ac
1176 2288 1243 2320 rilis
1270 2294 1297 2321 ct
1325 2289 1449 2329 attrita,
1481 2289 1607 2333 publica
1633 2289 1737 2332 digni-
1758 2296 1828 2316 mbuss·
1869 2287 1872 2289 Α
1928 2287 1930 2289 ’

1002 2341 1072 2374 tatis
1087 2342 1236 2386 propria:
1260 2354 1356 2386 supcr
1378 2343 1495 2386 paleas,
1513 2348 1563 2375 aut
1586 2354 1742 2387 superas-

1001 2405 1048 2428 ses
1070 2395 1169 2438 palcis
1186 2395 1282 2439 pleno
1302 2396 1431 2439 pulvino
1450 2396 1545 2440 rapiti
1561 2397 1738 2440 supposito,

1001 2448 1164 2485 cubabat3
1198 2448 1380 2482 intcrdum⁹
1411 2460 1507 2493 super
1546 2449 1644 2493 ipsam
1677 2449 1738 2482 hu-

1038 2538 1045 2562 t
1072 2537 1127 2563 loli.
1146 2544 1197 2571 xlv,
1219 2538 1307 2572 2701.
1326 2546 1373 2568 vr.›.

1036 2582 1051 2608 2
1072 2582 1141 2608 Edit.
1158 2582 1235 2609 Illain.
1254 2583 1387 2609 diversam
1405 2583 1446 2608 tric
1466 2583 1578 2610 adhibet
1598 2583 1740 2618 interpun-

1002 2626 1131 2653 ctionem:
1151 2627 1268 2654 cubabat
1286 2628 1446 2659 interdum,
1468 2635 1554 2662 snper
1576 2628 1665 2662 ipsam
1687 2629 1739 2655 hu-

1003 2679 1078 2698 mum
1094 2674 1155 2703 een:
1173 2671 1252 2698 lectio
1269 2670 1385 2698 Cherub.
1405 2671 1498 2699 melior
1515 2671 1569 2701 visa
1585 2671 1634 2703 (uit
1646 2672 1737 2707 (um).
