2227 3241
65 243 114 270 An.
132 241 248 270 &1610

115 2019 198 2041 Causae
216 2020 246 2040 sa-

61 2046 131 2068 eieudi
146 2047 234 2068 decretu

919 237 1037 263 PAULUS
1058 237 1076 262 V
1096 238 1145 261 ΡΡ.

263 294 295 323 et
312 288 616 333 exprimererentur,
631 287 853 332 praesentibus
870 296 930 331 pro
943 286 1006 320 sus-

263 342 409 376 ficienter
433 341 589 386 expressis
620 347 651 375 et
675 341 802 375 insertis
827 341 1002 380 habentes,

263 396 325 429 illis
342 396 420 429 alias
438 395 470 429 in
487 405 546 429 suo
560 395 679 428 robore
697 394 929 438 permansuris,
946 393 1005 426 hac
1022 409 1023 440 3

1022 443 1023 455 ¹
1040 455 1109 477 rum
1124 445 1376 489 praedictarum,
1394 444 1432 477 de
1445 442 1630 476 huiusmodi
1647 441 1782 474 transitu

263 449 329 483 vice
349 450 516 483 dumtaxat
532 448 713 493 specialiter
733 453 763 481 et
783 458 932 491 expresse
952 448 1006 481 de-

263 513 426 547 rogamus,
450 503 650 546 caeterisque
679 501 848 536 contrariis
867 501 1002 545 quibus·
1021 532 1023 548 Α,

1022 557 1023 564 ’
1039 553 1111 587 liter
1125 553 1326 593 accederent,
1345 552 1488 595 alioquin
1508 552 1627 584 fructus
1640 550 1781 594 ipsarum

263 567 414 602 cumque:
432 562 486 590 aut
498 556 524 589 si
539 555 866 596 administratoribus,
879 555 1006 595 rectori,

263 611 486 654 collegialibus
511 615 543 644 et
566 609 712 654 personis
737 608 930 653 praedictis,
959 609 1004 642 rel

263 657 429 708 quibusiiis
446 663 528 704 aliis,
552 662 770 697 communiter
790 667 844 695 aut
865 662 1002 701 divisim,

263 718 302 752 ab
327 716 511 761 Apostolica
538 716 579 750 sit
609 716 690 750 Sede
715 715 894 756 indultum,
919 717 1004 760 quod

263 765 434 812 interfflci,
457 770 633 815 suspendi,
662 769 709 803 vel
735 769 1005 804 excommunicari

263 834 328 858 non
353 824 476 869 possint
502 835 561 869 per
580 824 702 858 litteras
723 823 915 868 apostolicas
940 834 1005 856 non

264 879 417 912 facientes
429 879 558 923 plenam
573 883 604 912 et
614 888 795 922 expressam
808 888 844 910 ac
858 877 897 911 de
908 878 1005 911 verbo

264 933 304 966 ad
329 932 463 966 verbum
489 932 528 965 de
553 931 679 966 indulto
704 931 890 965 huiusmodi
917 942 1005 965 men-

264 985 394 1019 tionem.

306 1039 421 1073 Datum
442 1039 563 1073 Romae
589 1039 674 1084 apud
705 1044 850 1073 sanctum
875 1040 1004 1073 Petrum

263 1092 322 1126 sub
347 1092 468 1125 annulo
492 1091 663 1126 Piscatoris
691 1092 743 1126 die
764 1103 799 1126 111
825 1093 1005 1126 decembris

263 1155 363 1187 uncx‚·
383 1144 590 1190 pontificatus
610 1146 712 1180 nostri
731 1156 816 1180 anno
837 1157 879 1180 vi.

299 1209 358 1237 Dat.
377 1209 420 1237 die
434 1209 450 1238 3
470 1209 622 1237 decembris
641 1209 718 1243 1610,
736 1209 830 1245 pontif.
850 1218 893 1238 an.
911 1218 946 1237 vr

569 1399 690 1433 CLXVI.

265 1525 358 1564 Quod
382 1525 618 1569 archiepiscopi
646 1529 675 1558 ei
695 1526 845 1569 episcopi,
870 1527 905 1558 in
919 1536 1000 1570 par-

308 1579 393 1612 tibus
413 1579 590 1612 Indiarum
615 1580 717 1613 maris
744 1579 864 1614 Oceani
880 1581 937 1613 suh
954 1581 1003 1613 cli-

307 1634 391 1667 tione
410 1635 495 1678 reyis
515 1634 669 1668 catholici
692 1635 914 1675 εωῖεῖεηίίὸιιε,
939 1646 1003 1669 non

301 1688 426 1731 possint
436 1689 596 1732 suscipere
609 1699 729 1722 munus
743 1690 1002 1731 consecrationis,

305 1742 369 1775 nisi
393 1742 429 1775 in
453 1742 550 1776 dictis
570 1743 725 1787 partibus
744 1738 919 1777 Indiarum
935 1744 953 1777 ¹.

505 1861 616 1888 Paulus
634 1861 713 1896 Papa
727 1861 760 1895 V,

385 1914 421 1941 ad
441 1917 615 1948 perpetuam
635 1914 881 1943 rei-memoriam.

309 2014 324 2056 ξ
347 2012 375 2045 Ἰ,
400 2012 602 2056 Accepimus,
619 2023 682 2046 non
701 2012 769 2045 sine
790 2012 887 2045 animi
902 2014 1001 2046 nostri

263 2066 391 2107 dolore,
423 2066 509 2110 quod
534 2065 627 2110 (licet
649 2065 747 2099 felicis
771 2066 1002 2100 recordationis

261 2119 435 2163 Gregorius
455 2120 541 2164 Papa
560 2120 625 2154 XIII
644 2120 874 2163 praedecessor
894 2125 1003 2153 noster

262 2183 319 2217 per
335 2184 407 2207 suas
429 2173 460 2206 in
480 2173 578 2206 simili
596 2174 697 2206 forma
715 2173 820 2207 Brevis
841 2174 1002 2217 expeditas

261 2227 383 2261 litteras
404 2227 415 2244 ²
451 2227 613 2261 monuerit
642 2232 671 2260 et
703 2232 821 2261 attente
857 2227 1003 2262 hortatus

261 2280 355 2314 fuerit
369 2291 481 2314 omnes
495 2286 523 2315 et
537 2281 679 2324 singulos
697 2281 955 2326 archiepiscopos
974 2287 1003 2315 et

261 2335 439 2380 episcopos,
457 2335 495 2369 de
520 2345 658 2379 quorum
680 2336 825 2379 personis
842 2342 1004 2380 metropo-

260 2389 365 2423 litanis
385 2400 441 2423 seu
459 2389 696 2423 cathedralibus
721 2389 863 2423 ecclesiis
884 2389 915 2422 in
930 2401 1002 2434 par-

260 2443 345 2478 tibus
362 2444 526 2478 Indiarum
546 2443 642 2477 maris
662 2443 778 2477 Oceani
800 2444 859 2477 sub
881 2444 1001 2478 ditione

260 2497 437 2531 charissimi
459 2497 490 2530 in
512 2498 636 2531 Christo
655 2497 710 2530 filii
738 2497 837 2531 nostri
863 2498 1000 2542 Philippi

260 2552 485 2596 Hispaniarum
508 2552 592 2595 regis
617 2551 765 2585 catholici
792 2551 1001 2586 existentibus

299 2624 307 2650 l
331 2623 368 2650 Ex
389 2623 494 2659 Regest.
516 2623 542 2650 iu
562 2623 662 2650 Secret.
686 2623 764 2649 Brev.

299 2668 307 2694 1
331 2666 400 2698 Quas
416 2676 468 2695 non
484 2671 548 2703 puto
559 2675 624 2695 esse
639 2667 665 2694 iu
683 2668 817 2696 Bullario
834 2672 868 2703 tn.
891 2668 940 2702 rs).

324 2720 402 2748 Bull.
422 2720 505 2749 Rom.
523 2737 557 2741 —
575 2721 634 2749 Vol.
655 2720 703 2748 XI.
884 2720 918 2747 83

1683 222 1747 257 657

1039 285 1200 330 provisum
1228 291 1297 318 erat
1317 290 1347 317 et
1372 294 1407 317 ex
1431 289 1504 317 tunc
1526 281 1640 316 suturis
1660 286 1784 326 tempo-

1040 339 1129 372 ribus
1159 339 1406 383 provideretur,
1442 343 1472 369 ut
1505 348 1539 369 ex
1574 334 1726 379 IIispania
1752 335 1783 368 in

1040 392 1144 437 primo
1171 392 1303 425 transitu
1329 390 1457 424 narium
1484 390 1524 423 ad
1544 396 1650 433 partes
1671 388 1779 422 ludia-

1040 498 1193 532 certiores
1211 498 1295 538 sacti,
1314 498 1352 531 ad
1375 496 1524 530 ecclesias
1542 507 1614 529 suas
1631 506 1783 540 persona-

1041 607 1249 640 ecclesiarum
1280 617 1381 650 usque
1407 606 1445 639 ad
1472 616 1583 639 eorum
1610 605 1782 638 adventum

1040 661 1079 694 ad
1094 660 1242 694 ecclesias
1260 660 1441 704 praedictas
1456 658 1674 692 decurrendos
1691 656 1783 690 amit-

1022 721 1023 731 *
1042 716 1165 756 terent)
1186 712 1399 746 nihilominus
1416 712 1555 756 promoti
1575 711 1614 744 ad
1633 710 1783 744 ecclesias

1040 766 1249 808 huiusmodi,
1273 777 1329 800 seu
1358 765 1449 799 multi
1482 775 1518 798 ex
1548 764 1633 805 illis,
1663 764 1783 808 absque

1040 820 1182 863 legitima
1203 821 1296 854 causa
1311 820 1351 853 ad
1368 829 1440 853 suas
1461 818 1610 852 ecclesias
1631 818 1783 851 accedere

1040 875 1205 915 differunt,
1230 880 1270 915 et,
1299 874 1331 907 in
1356 873 1506 918 Hispania
1531 878 1779 911 commorantes,

1040 929 1173 968 fructus,
1192 927 1335 961 redditus
1357 932 1388 961 et
1406 931 1581 971 proventus
1593 925 1781 958 earumdem

1040 981 1250 1015 ecclesiarum
1271 980 1412 1023 exigunt,
1429 990 1494 1013 non
1514 978 1581 1012 sine
1600 977 1780 1011 animarum

1039 1034 1099 1068 sibi
1120 1034 1366 1068 commissarum
1393 1032 1504 1067 salutis
1526 1031 1734 1066 detrimento.

1084 1090 1100 1131 ξ
1122 1087 1151 1121 2.
1176 1088 1280 1128 Quare
1300 1098 1375 1128 nos,
1404 1086 1478 1120 huic
1500 1086 1595 1126 malo,
1624 1090 1780 1129 quantum

1039 1152 1112 1175 cum
1136 1141 1273 1175 Domino
1297 1151 1480 1185 possumus,
1499 1139 1628 1173 obviare
1649 1138 1778 1182 cupien

1040 1201 1095 1236 tes,
1120 1195 1159 1229 de
1179 1194 1412 1228 venerabilium
1438 1194 1575 1227 fratrum
1596 1197 1781 1226 nostrorum

1038 1254 1166 1282 sanctae
1190 1248 1355 1281 Romanae
1379 1247 1538 1281 Ecclesiae
1568 1246 1781 1280 cardinalium

1039 1302 1120 1335 sacri
1139 1302 1270 1336 Concilii
1283 1301 1460 1335 Tridentini
1478 1301 1691 1344 interpretum
1707 1311 1783 1333 con-

1039 1356 1122 1397 silio,
1143 1356 1293 1389 omnibus
1319 1361 1350 1389 et
1374 1355 1508 1398 singulis
1532 1354 1782 1399 archiepiscopis

1039 1416 1069 1443 et
1093 1410 1263 1455 episcopis,
1288 1411 1327 1444 de
1347 1420 1485 1454 quorum
1504 1409 1650 1453 personis
1668 1414 1782 1442 metro-

1038 1466 1189 1509 politanis
1221 1476 1276 1499 seu
1310 1464 1548 1498 cathedralibus
1582 1463 1724 1498 ecclesiis
1749 1464 1780 1496 in

1038 1523 1183 1566 partibus
1208 1523 1371 1556 lndiarum
1399 1523 1495 1556 maris
1516 1522 1632 1557 Oceani
1654 1523 1713 1556 sub
1735 1523 1781 1556 di-

1039 1578 1124 1611 tione
1150 1577 1226 1611 dicti
1252 1577 1391 1621 Philippi
1417 1577 1500 1620 regis
1521 1577 1728 1610 existentibus
1746 1588 1782 1610 ex

1037 1643 1122 1665 nunc
1148 1633 1186 1665 de
1213 1638 1338 1665 caetero
1365 1631 1529 1676 perpetuis
1554 1631 1668 1665 suturis
1694 1638 1777 1664 tem-

1037 1687 1170 1732 poribus
1194 1686 1356 1731 provideri
1387 1686 1579 1729 contigerit,
1604 1697 1643 1719 ne
1665 1686 1727 1719 alio
1749 1686 1781 1720 in

1037 1743 1107 1775 loco
1126 1752 1222 1786 quam
1245 1742 1276 1774 in
1294 1741 1441 1786 partibus
1465 1740 1629 1774 Indiarum
1655 1741 1781 1785 praedi-

1037 1802 1160 1830 ctarum
1174 1806 1290 1829 munus
1311 1794 1562 1828 consecrationis
1582 1794 1755 1838 suscipiant
1771 1823 1791 1838 ,A

1037 1850 1213 1895 apostolica
1239 1849 1446 1889 auctoritate,
1482 1854 1592 1882 tenore
1621 1859 1776 1893 praesen-

1037 1904 1128 1944 tium,
1152 1909 1308 1947 perpetuo
1331 1902 1524 1936 inhibemus.

1081 1957 1138 2000 §3-
1153 1958 1189 1991 Et
1199 1958 1274 2001 quia
1288 1957 1348 1991 illis
1361 1957 1557 2001 impossibile
1570 1957 1652 1990 soret
1664 1968 1778 1992 munus

1037 2011 1288 2045 consecrationis
1302 2011 1382 2044 infra
1402 2017 1463 2044 tres
1483 2021 1616 2052 menses,
1632 2017 1726 2055 prout
1740 2012 1778 2045 de

1037 2066 1105 2099 iure
1122 2071 1281 2107 tenentur,
1295 2064 1376 2099 adio
1394 2066 1521 2099 illorum
1538 2065 1730 2109 provisionis
1749 2072 1779 2099 et

1036 2119 1242 2164 professionis
1256 2119 1440 2153 huiusmodi
1462 2120 1710 2164 computandos,
1732 2130 1781 2152 su·

1036 2173 1170 2217 scipcre‚
1185 2179 1214 2206 et
1229 2173 1417 2217 inpartibus
1431 2173 1592 2207 indiarum
1606 2173 1779 2217 praediCta-

1038 2238 1106 2260 rum
1122 2228 1231 2272 plures
1252 2227 1412 2272 episcopi,
1437 2228 1491 2272 qui
1514 2228 1656 2260 muneris
1670 2238 1780 2261 conse-

1037 2281 1189 2315 crationis
1205 2281 1390 2315 huiusmodi
1411 2280 1603 2325 impensioni
1619 2281 1777 2321 assistant,

1037 2334 1165 2368 difficile
1191 2345 1319 2379 semper
1340 2335 1510 2368 convenire
1543 2340 1697 2379 possunt,
1727 2334 1775 2367 id-

1037 2389 1122 2423 circo
1147 2389 1192 2423 sic
1216 2389 1373 2434 promoti-s
1407 2394 1533 2433 tempus
1561 2388 1654 2421 trIum
1684 2400 1776 2422 men-

1035 2445 1130 2485 sium,
1152 2444 1190 2477 ad
1212 2443 1452 2488 suscipiendum
1476 2454 1591 2475 munus
1612 2453 1778 2476 consecra-

1037 2497 1131 2531 tionis
1151 2497 1341 2541 praefixum,
1360 2507 1376 2528 a
1390 2496 1439 2529 die
1455 2506 1566 2529 rorum
1583 2497 1620 2529 ad
1636 2497 1777 2540 prinmm

1035 2557 1162 2595 portum
1190 2550 1366 2584 insularum
1393 2550 1456 2583 sive
1482 2550 1695 2591 continentis,
1725 2550 1778 2584 ubi

1035 2615 1147 2639 eorum
1170 2605 1305 2638 existunt
1327 2604 1479 2638 ecclesiae
1494 2605 1650 2638 dictarum
1673 2605 1776 2639 India—

1017 2670 1117 2701 ilum,
1147 2659 1298 2704 appulsus
1328 2669 1458 2692 currere
1484 2658 1601 2693 debere
1626 2659 1771 2694 declara-

1794 233 1844 259 An.
1867 232 1896 259 C.
1913 232 1983 259 1010

1828 1100 1940 1122 Decretum
1956 1101 1982 1122 de

1797 1133 1838 1154 quo
1854 1128 1874 1148 in
1889 1127 1981 1148 rubrica.

1799 1963 1927 1985 linluttorum
1938 1970 1979 1985 non

1794 1991 1897 2011 nullorum
1930 1997 1979 2011 con·

1794 2023 1862 2037 <59:510
1878 2022 1915 2043 {11¹0
1927 2018 1978 2038 suct-

1794 2045 1840 2065 Imri
1869 2050 1978 2070 episiopo⁴

1872 2078 1890 2091 [n
1915 2073 1978 2091 listins

1795 2099 1963 2119 rutisecratiuue,
