2227 3241
29 282 79 311 Αι.
95 280 125 309 C.
143 279 213 308 1605
522 306 526 309 .

55 343 109 365 nata
123 341 212 370 facum}
272 330 289 371 ξ
309 327 362 361 15.
379 327 537 371 Quodque
556 337 615 371 pro
636 326 720 360 felici
741 331 773 359 et
789 324 911 358 salubri
925 324 972 358 di-

29 368 212 424 ἷιιῗιξῧιοῖηὲῗῗιῗῗ
226 381 268 416 cti
282 381 410 422 banchi,
431 391 468 413 ac
483 379 568 413 illius
581 387 793 424 personarum
814 383 846 411 et
862 387 970 411 rerum

224 445 356 468 suarum
374 433 532 476 regimine
552 439 583 466 et
597 432 785 473 directione,
799 441 972 475 quaecum-

224 499 288 532 que
309 493 427 521 statuta
452 492 485 520 et
508 486 748 526 ordinationes,
772 485 915 529 capitula
939 490 972 518 et

224 542 366 581 decreta,
381 540 469 574 licita
488 547 595 573 tamen
613 545 644 572 et
661 539 797 572 honesta
814 548 852 571 ac
871 537 970 571 sacris

224 594 403 628 canonibus
424 599 456 627 et
475 592 610 627 Concilii
627 591 806 625 Tridentini
832 590 970 624 decretis

222 657 288 681 non
309 646 482 686 contraria,
506 645 658 686 condere,
690 650 735 683 et,
757 644 884 688 quoties
908 644 969 678 sibi

222 705 443 744 opportunum
469 698 650 739 videbitur,
674 697 804 731 condita
828 703 967 737 mutare,

222 754 361 787 alterare
386 759 417 786 et
440 752 619 792 declarare,
641 761 680 784 ac
699 761 758 795 pro
783 761 897 784 eorum
918 760 970 783 ar-

222 806 321 840 bitrio
341 805 447 840 edicta
468 805 647 849 publicare,
670 803 814 848 imprimi
833 809 864 837 et
883 802 970 845 affigi

222 860 339 901 facere,
350 870 387 892 ac
402 858 618 898 subscribere,
630 858 758 902 aliaque
768 857 801 890 in
814 856 970 901 praemis-

221 910 265 944 sis
282 916 314 944 et
330 910 416 943 circa
433 920 471 943 ea
487 909 668 943 necessaria
687 919 745 942 seu
765 907 971 952 quomodoli—

221 964 277 997 bet
300 969 487 1008 opportuna
513 963 629 1003 facere,
653 962 775 998 dicere„
803 971 916 1004 gerere
940 966 971 994 et

222 1017 338 1061 exequi
362 1017 487 1061 possint
507 1021 539 1049 et
562 1016 700 1056 valeant,
724 1015 873 1048 similiter
897 1024 970 1058 per-

221 1075 320 1114 petuo
340 1070 548 1103 concedimus
566 1075 597 1103 et
615 1068 832 1111 indulgemus.

267 1124 285 1166 g
307 1122 359 1155 16.
382 1124 599 1156 Decernentes
618 1127 806 1166 praesentes
823 1127 853 1154 et
875 1121 969 1154 desu-

221 1186 282 1220 per
299 1175 519 1210 conficiendas
539 1175 662 1209 litteras
682 1175 722 1208 de
750 1173 969 1219 subreptionis

221 1229 433 1274 obreptionis,
453 1235 509 1262 aut
521 1228 678 1262 nullitatis
690 1228 778 1269 vitio,
791 1233 846 1261 aut
865 1228 969 1262 inten-

222 1283 319 1317 tionis
345 1289 475 1317 nostrae
498 1282 547 1316 vel
572 1282 726 1326 quopiam
747 1281 811 1315 alio
841 1281 969 1315 defectu

221 1337 328 1371 notari
348 1347 407 1370 seu
426 1336 624 1381 impugnari,
648 1342 704 1369 aut
728 1335 806 1369 alias
832 1345 969 1380 quomo-

222 1390 346 1425 dolibet
360 1390 502 1433 infringi,
518 1390 567 1423 vel
586 1389 766 1430 retractari,
782 1399 840 1423 seu
856 1389 969 1423 invali-

222 1443 304 1487 dari,
315 1449 370 1477 aut
384 1443 426 1477 ad
438 1443 522 1477 viam
539 1448 571 1477 et
584 1443 741 1477 terminos
755 1442 834 1476 iuris
846 1442 969 1484 reduci,

221 1506 279 1531 seu
299 1496 333 1530 in
352 1496 402 1530 ius
421 1496 470 1530 vel
495 1495 750 1530 controversiam
770 1495 891 1536 vocari,
915 1502 970 1529 aut

221 1550 376 1584 adversus
400 1560 453 1583 eas
473 1549 716 1593 quodcumque,
734 1548 814 1582 iuris
830 1555 860 1582 et
880 1549 966 1589 facti,

221 1603 271 1637 vel
288 1602 427 1637 iustitiae
443 1609 499 1636 aut
517 1602 651 1646 gratiae,
665 1602 846 1635 remedium
867 1601 970 1635 inten-

223 1656 306 1697 tari,
331 1656 522 1701 impetrari,
547 1656 598 1690 vel
629 1655 764 1689 concedi
785 1655 969 1689 nullatenus

223 1719 381 1753 umquam
406 1719 512 1753 posse,
532 1709 590 1743 sed
615 1709 670 1742 illa
686 1718 816 1752 semper
835 1714 867 1742 et
889 1719 966 1753 per—

221 1769 322 1807 petuo
339 1763 461 1796 validas
482 1768 514 1796 et
530 1762 676 1796 efficaces
695 1763 764 1796 sore
782 1767 814 1795 et
831 1773 910 1802 esse,
933 1773 971 1795 ac

222 1816 264 1849 ab
284 1816 449 1857 omnibus,
467 1817 507 1850 ad
528 1826 609 1860 quos
629 1822 754 1860 spectat
774 1822 806 1849 et
830 1816 862 1849 in
887 1816 971 1850 sutu-

222 1880 296 1903 rum
307 1869 555 1913 quomodolibet
563 1869 730 1913 spectabit,
740 1869 970 1904 inviolabiliter

222 1922 388 1957 observari
409 1923 544 1963 debere,
567 1923 678 1966 sicque
698 1923 737 1955 ab
762 1923 914 1965 omnibus
939 1930 970 1957 et

222 1976 358 2019 singulis
383 1976 531 2019 censeri,
554 1982 585 2010 et
605 1976 648 2010 ita
665 1987 723 2020 per
745 1987 969 2022 quoscumque

222 2029 348 2063 iudices
376 2030 561 2063 ordinarios
591 2035 624 2063 et
655 2030 843 2073 delegatos,
871 2031 968 2064 etiam

223 2092 393 2116 causarum
414 2083 525 2117 Palatii
546 2083 721 2127 Apostolici
742 2084 917 2125 auditores,
933 2095 970 2118 ac

222 2141 353 2170 sanctae
390 2137 555 2170 Romanae
592 2137 753 2170 Ecclesiae
788 2138 969 2172 cardinales

224 2190 365 2233 (sublata
383 2190 426 2224 eis
448 2195 479 2223 et
495 2200 609 2223 eorum
628 2191 884 2234 cuilibetquavis
904 2192 965 2225 ali-

223 2248 273 2277 ter
289 2243 453 2277 iudicandi
468 2249 499 2276 ct
519 2243 752 2288 interpretandi
771 2245 921 2278 facultate
939 2251 970 2279 et

223 2296 429 2339 auctoritate)
449 2297 582 2330 iudicari
598 2303 629 2330 ct
642 2297 769 2330 definiri
784 2298 915 2339 debere,
933 2310 969 2332 ac

223 2349 351 2384 irritum
367 2356 398 2384 et
411 2351 506 2383 inane
521 2350 679 2394 quidquid
698 2361 791 2384 secus
811 2352 970 2395 superbis

223 2412 243 2435 a
255 2413 433 2447 quoquam,
445 2403 555 2447 quavis
565 2403 914 2444 auctoritate,scienter
921 2406 967 2438 vel

225 2455 424 2499 ignoranter,
448 2456 620 2497 contigerit
639 2457 799 2490 attentari.

270 2511 288 2553 g
309 2510 362 2544 17.
378 2511 448 2544 Non
462 2510 664 2543 obstantibus
682 2511 879 2554 praemissis,
896 2522 970 2545 nec-

226 2574 292 2598 non
313 2564 414 2598 selicis
434 2564 668 2598 recordationis
681 2565 771 2597 Pauli
789 2565 814 2598 II
835 2575 871 2597 ac
891 2565 970 2599 alio-

226 2627 299 2650 rum
315 2617 537 2651 Romanorum
558 2617 752 2651 Pontificum
773 2618 967 2661 praedeces-

53 1141 170 1164 clausulae.

82 2519 212 2543 Obstantium

32 2544 147 2573 derogatio.

23 2671 26 2709 l
226 2680 337 2705 sorum
355 2677 541 2706 nostrorum
560 2672 599 2706 de
616 2672 713 2706 rebus
726 2672 887 2706 Ecclesiae
904 2682 969 2706 non

870 277 993 302 PAULUS
1012 278 1032 301 V
1052 279 1103 302 1³1¹.

1650 268 1716 302 ⁶255
1763 277 1814 305 An.
1836 276 1865 305 c.
1889 277 1956 306 ¹⁵05

1007 325 1208 368 alienandis,
1236 331 1395 370 quatenus
1419 336 1501 371 opus
1525 326 1588 368 sit,
1615 326 1752 371 aliisque

1006 379 1291 413 constitutionibus
1304 385 1337 413 et
1349 380 1609 414 ordinationibus
1622 385 1753 423 aposto-

1005 428 1086 469 licis,
1103 439 1231 463 necnon
1252 430 1348 463 etiam
1369 431 1533 464 dictorum
1553 430 1753 474 archihospi-

1006 482 1077 516 talis
1094 489 1126 516 et
1141 483 1282 525 Ordinis,
1300 484 1397 518 etiam
1416 485 1612 526 iuramento,
1633 485 1754 519 confir-

1005 535 1149 569 matione
1169 537 1363 580 apostolica,
1387 538 1435 571 vel
1461 538 1573 582 quavis
1598 537 1753 571 firmitate

1004 589 1065 622 alia
1077 590 1249 631 roboratis,
1266 593 1391 624 statutis
1405 597 1436 625 et
1450 591 1753 630 consuetudinibus

1004 643 1181 687 privilegiis
1194 655 1336 689 quoque,
1354 645 1488 678 indultis
1502 652 1533 679 et
1545 645 1660 679 litteris
1673 655 1752 689 apo-

1004 696 1125 730 stolicis
1153 697 1275 731 eisdem
1300 698 1545 742 archibospitali
1563 705 1595 732 et
1613 698 1724 732 Ordini
1742 726 1749 738 ‚

1005 749 1140 794 eiusqffe
1163 751 1387 794 praeceptori,
1411 762 1447 785 ac
1471 751 1695 796 superioribus
1720 758 1753 784 et

1004 803 1165 847 personis,
1178 804 1239 837 sub
1253 804 1514 849 quibuscumque
1532 805 1699 838 tenoribus
1719 811 1748 838 et

1005 856 1128 897 formis,
1150 867 1187 890 ac
1208 868 1281 890 cum
1303 857 1468 901 quibusvis
1489 859 1586 892 etiarn
1607 858 1748 901 deroga-

1006 909 1164 943 toriarum
1185 910 1411 953 derogatoriis,
1435 911 1572 955 aliisque
1591 911 1751 944 efficacio-

1005 962 1094 996 ribus
1114 963 1278 1004 clausulis,
1295 974 1332 997 ac
1345 964 1548 998 irritantibus
1566 970 1598 997 et
1611 964 1682 998 aliis
1696 964 1751 997 de-

1004 1016 1110 1057 cretis,
1131 1017 1163 1050 in
1184 1017 1383 1051 contrarium
1404 1018 1656 1062 praemissorum
1675 1028 1752 1062 quo-

1005 1069 1184 1104 modolibet
1208 1070 1380 1111 concessis,
1409 1070 1609 1104 confirmatis
1633 1076 1664 1104 et
1687 1080 1748 1114 ap-

1003 1123 1159 1167 probatis.
1176 1123 1298 1163 Quibus
1312 1124 1464 1157 omnibus
1478 1130 1509 1158 et
1523 1124 1674 1167 singulis,
1698 1133 1753 1157 eo-

1002 1188 1074 1210 rum
1101 1182 1230 1211 tenores
1256 1178 1480 1222 praesentibus
1504 1188 1564 1222 pro
1589 1178 1747 1222 expressis

1003 1237 1034 1264 et
1053 1231 1093 1264 ad
1114 1231 1247 1265 verbum
1266 1231 1394 1265 insertis
1410 1231 1577 1272 habentes,
1596 1231 1659 1264 illis
1672 1231 1751 1264 alias

1003 1283 1035 1317 in
1052 1294 1111 1318 suo
1125 1284 1244 1318 robore
1264 1285 1496 1329 permansuris,
1509 1284 1569 1318 hac
1581 1284 1650 1318 vice
1663 1284 1754 1318 dum-

1003 1342 1088 1371 taxat
1111 1337 1295 1382 specialiter
1315 1343 1347 1372 et
1366 1348 1516 1382 expresse
1536 1338 1751 1380 derogamus,

1003 1391 1202 1435 caeterisque
1223 1391 1394 1425 contrariis
1411 1391 1684 1435 quibuscumque.

1048 1446 1065 1486 g
1089 1444 1140 1478 18.
1165 1445 1321 1478 Volumus
1341 1450 1450 1478 autem
1468 1450 1503 1478 ut
1528 1445 1749 1488 praesentium

1004 1498 1226 1542 transumptis,
1248 1499 1344 1531 etiam
1360 1497 1535 1541 impressis,
1555 1503 1586 1530 et
1600 1507 1698 1530 manu
1716 1508 1751 1531 a-

1003 1550 1118 1584 licuius
1141 1551 1261 1584 notarii
1285 1551 1405 1595 publici
1423 1551 1624 1594 subscriptis,
1644 1561 1682 1584 ac
1701 1551 1748 1584 si-

1003 1604 1081 1647 gillo
1098 1604 1234 1638 alicuius
1254 1614 1413 1648 personae
1427 1604 1459 1637 in
1477 1604 1633 1647 dignitate
1649 1604 1752 1638 eccle-

1002 1657 1130 1691 siastica
1145 1658 1338 1691 constitutae
1355 1658 1500 1698 munitis,
1519 1658 1633 1691 eadem
1649 1668 1746 1702 pror-

1003 1721 1056 1744 sus
1076 1710 1156 1745 fides
1177 1711 1381 1752 adhibeatur,
1401 1721 1485 1755 quae
1505 1711 1581 1755 ipsis
1598 1721 1752 1755 praesen-

1004 1764 1088 1798 tibus
1113 1765 1337 1805 adhiberetur,
1362 1765 1387 1798 si
1406 1765 1511 1798 sorent
1525 1764 1686 1798 exhibitae
1702 1764 1751 1798 vel

1004 1824 1164 1852 ostensae.

1047 1872 1163 1905 Datum
1181 1872 1302 1905 Romae
1316 1872 1402 1916 apud
1416 1872 1446 1905 S.
1468 1872 1610 1911 Petrum,
1622 1871 1681 1904 sub
1694 1881 1751 1904 an—

1004 1925 1082 1958 nulo
1103 1925 1274 1959 Piscatoris
1295 1926 1346 1959 die
1364 1935 1420 1959 x111
1446 1925 1627 1959 decembris
1645 1935 1742 1965 Μοον,

1003 1978 1118 2022 pontis.
1143 1979 1245 2012 nostri
1259 1989 1345 2012 anno
1370 1989 1392 2013 1.

1039 2042 1098 2069 Dat.
1120 2041 1163 2069 die
1185 2042 1217 2070 13
1237 2041 1392 2069 decembris
1413 2042 1492 2075 1605,
1513 2040 1609 2077 pontif.
1632 2048 1675 2068 an.
1697 2048 1717 2068 1.

1806 1447 1952 1473 Τηωεαωριις

1766 1474 1837 1495 danda
1845 1474 1905 1495 fides.

1316 2201 1426 2235 xxln.

1003 2299 1172 2332 Rerocatfo
1191 2299 1435 2343 exemptionum
1454 2300 1605 2332 omnium
1624 2309 1645 2332 a
1661 2299 1747 2332 solit-

1049 2353 1135 2385 tz'onc
1158 2363 1294 2385 onerum
1319 2354 1510 2386 reverendae
1532 2354 1686 2387 Gammae
1706 2364 1745 2386 a·

1044 2406 1221 2449 postolicae
1241 2407 1497 2450 quibuscumque
1510 2417 1744 2444 concessarum,

1048 2470 1122 2491 rum
1142 2460 1353 2492 innovatione
1370 2460 1641 2492 constitutiommt
1655 2459 1748 2493 ‹Iesu-

1044 2522 1105 2555 per
1123 2523 1144 2544 a
1157 2512 1455 2557 praedecessoribus
1472 2512 1635 2545 editarum
1647 2512 1665 2546 ¹.

1040 2592 1050 2618 1
1065 2592 1213 2627 Specialem
1225 2593 1425 2620 revocationem
1436 2594 1648 2628 exemptionum,
1658 2594 1748 2629 quoad

1003 2636 1164 2663 solutionem
1180 2637 1296 2664 subsidii
1313 2638 1462 2673 triennalis,
1484 2637 1569 2665 habes
1584 2642 1704 2665 notatam
1721 2639 1747 2666 in

1004 2680 1093 2708 Const.
1119 2688 1179 2708 xxix
1201 2682 1275 2709 Pauli
1309 2682 1350 2716 lv,
1373 2682 1538 2717 Cupientes,
1559 2685 1624 2710 tom.
1650 2689 1675 2710 vt
1698 2691 1746 2719 pa-
