2227 3241
263 295 311 322 An.
329 294 356 321 C.
380 293 446 322 1607

267 1312 440 1334 Iurisdictiocar-

255 1339 332 1360 dinalis
341 1339 361 1360 iu
370 1340 449 1361 causis

256 1372 439 1394 quarumcumque

261 1394 436 1415 communitatum

254 1420 318 1441 etiam
347 1421 440 1442 mediate

255 1446 278 1468 S.
293 1446 318 1468 R.
334 1447 359 1468 E.
369 1447 440 1469 subie-

254 1475 343 1495 ciarum.

284 1848 437 1875 Praetatosque

266 1876 425 1901 congregationi

252 1902 382 1928 adiungendi
418 1904 439 1923 ot

251 1928 390 1950 secretarium
403 1928 438 1950 de-

252 1956 347 1982 putandi.

493 284 557 318 452

460 448 699 482 Ecclesiasticae
711 448 842 490 editam,
856 449 981 482 debitae
993 451 1198 494 exequutioni

459 511 517 545 pro
536 501 724 534 earumdem
744 502 1013 536 communitatum
1031 509 1059 536 ct
1078 503 1201 537 univer-

458 554 587 588 sitatum
606 555 743 588 utilitate
761 555 961 597 demandari,
982 567 1018 590 ac
1037 557 1075 590 de
1093 557 1199 600 singu-

458 608 515 642 lari
535 608 609 649 fide,
630 608 801 652 prudentia
820 615 850 643 et
868 610 1050 653 integritate
1069 611 1200 644 dilccto-

457 673 529 696 rum
551 663 692 696 filiorum
708 670 892 697 nostrorum
908 665 1039 698 Mariani
1057 665 1103 700 Ss.
1121 666 1200 699 Mar-

457 716 564 749 cellini
581 723 612 750 et
629 716 711 750 Petri
731 717 770 750 de
791 717 970 758 Camerino,
991 718 1109 752 Octavii
1128 729 1199 751 san-

457 775 526 804 ctae
557 770 694 804 Sabinae
726 771 880 811 Bandini‚
910 772 1067 804 Dominiei
1098 773 1198 806 sancti

456 823 657 867 Ilonuphrii‚
690 824 799 864 Tusci,
830 824 986 857 Doininici
1015 825 1195 869 Gymnasii,

456 876 631 910 innocentii
659 876 920 917 sanetisl'bomae
946 877 976 910 in
1004 878 1138 911 Parione
1159 879 1198 911 ti-

458 929 599 963 tulorum
620 930 894 975 presbyterorum⁷
924 931 1046 971 Bubali,
1068 937 1097 965 et
1123 932 1198 965 Bar-

455 982 630 1016 tholomaei
651 989 778 1017 sanctae
802 984 919 1017 Mariae
933 984 963 1016 iu
978 984 1105 1018 Porticu
1125 985 1198 1017 dia-

455 1036 528 1069 coni
549 1037 588 1070 de
616 1036 720 1070 Caesis
749 1043 1010 1081 nuncupatorum
1040 1038 1069 1071 S.
1102 1038 1137 1072 R.
1160 1039 1194 1072 E.

455 1089 681 1132 cardinalium,
704 1090 881 1134 plurimum
909 1091 940 1123 in
961 1091 1096 1124 Domino
1122 1102 1198 1125 con-

455 1142 516 1184 fisi,
542 1143 663 1177 eisdem
684 1133 912 1185 cardinalibus,
938 1155 1019 1189 quos
1043 1155 1102 1188 pro
1128 1155 1198 1178 exe÷

456 1197 612 1240 quutione
637 1196 740 1231 dictae
757 1198 994 1232 constitutionis
1015 1198 1128 1231 barum
1150 1209 1198 1232 se-

455 1250 502 1283 rie
519 1251 711 1294 deputamus
722 1279 729 1293 ‚

500 1303 561 1347 §2-
580 1304 698 1339 Omnes
715 1311 745 1338 et
764 1316 985 1350 quascumque
1003 1316 1115 1340 causas
1133 1312 1195 1340 tam

456 1354 563 1389 civiles
577 1367 674 1400 quam
693 1356 876 1390 criminales
890 1363 920 1390 et
935 1357 1046 1391 mixtas
1059 1358 1098 1391 ad
1113 1368 1195 1391 coin

456 1409 628 1448 munitates
659 1415 690 1444 et
723 1410 944 1444 universitates
976 1422 1196 1456 quascumque

455 1463 562 1497 Status
582 1464 682 1498 nostri
708 1464 921 1498 Ecclesiastici
942 1465 1036 1498 nobis
1058 1466 1196 1499 mediate

454 1517 501 1551 vel
523 1517 706 1551 immediate
722 1518 881 1552 subiectas
901 1525 962 1551 tam
982 1519 1081 1552 active
1100 1530 1195 1563 quam

452 1571 576 1614 passive
600 1571 808 1615 pertinentes,
840 1583 898 1615 per
921 1583 954 1605 se
979 1572 1026 1605 vcl
1052 1572 1132 1606 alios
1156 1573 1195 1606 ab

453 1623 498 1657 eis
518 1624 788 1667 subdelegandos‚
808 1625 972 1666 audiendi,
993 1626 1194 1668 discutiendi⁷

453 1678 669 1719 examinandi,
695 1678 909 1720 terminandi,
933 1690 968 1712 ae
994 1679 1103 1712 omnia
1134 1680 1195 1713 alia

453 1736 485 1764 et
511 1731 636 1774 singula
661 1731 692 1764 in
722 1732 833 1765 eadem
859 1732 1087 1766 constitutione
1113 1743 1192 1766 con-

454 1789 540 1818 tenta
565 1785 771 1830 exequutioni
794 1786 1027 1827 demandandi;

498 1840 514 1881 ἓ
535 1837 565 1872 3.
589 1840 634 1873 Ae
654 1849 713 1883 pro
739 1840 874 1873 faciliori
901 1840 1110 1883 negociorum
1136 1841 1195 1875 hu-

453 1892 594 1926 iusmodi
626 1894 828 1938 expeditione
853 1894 978 1938 aliquos
1010 1895 1191 1938 praelatos,

454 1953 508 1981 aut
532 1947 610 1981 alias
634 1958 788 1991 personas
813 1948 890 1981 iuris
911 1948 1080 1992 prudentia
1107 1960 1196 1993 prae-

453 2001 544 2043 ditas,
557 2012 575 2034 a
587 2001 680 2034 nobis
693 2001 929 2046 approbandas,
943 2002 975 2035 in
992 2012 1104 2036 eorum
1119 2013 1195 2036 con-

451 2055 590 2089 sultores
615 2055 801 2096 adhibendi,
830 2066 889 2089 nec
910 2066 974 2089 non
996 2056 1136 2100 aliquem
1159 2067 1195 2090 ex

451 2109 525 2150 illis,
548 2114 603 2143 aut
627 2109 725 2143 alium
752 2109 905 2143 idoneum
928 2109 972 2143 eis
993 2110 1190 2151 benevisum,

452 2162 484 2196 in
503 2173 614 2196 eorum
633 2163 892 2205 congregationis
913 2163 1122 2197 secretarium
1141 2164 1194 2198 de-

450 2216 598 2260 putandi,
626 2222 657 2250 et
681 2226 792 2249 causas
817 2227 1037 2261 quascumque
1063 2228 1189 2251 reassu-

452 2269 560 2304 mendi
579 2275 610 2303 et
625 2269 799 2309 avocandi;
823 2280 881 2303 nec
900 2280 964 2303 non
982 2270 1193 2314 quibuscum-

451 2334 514 2367 que
535 2323 705 2364 iudicibus⁷
722 2329 752 2357 et
765 2324 834 2357 aliis
848 2323 1003 2368 personis,
1019 2324 1115 2358 etiam
1133 2324 1191 2357 sub

451 2375 594 2410 censuris
608 2381 639 2410 ct
654 2376 766 2420 poenis
784 2376 962 2417 inhibendi,
981 2382 1010 2410 ct
1024 2388 1193 2421 quoscum-

450 2438 513 2472 que
530 2428 647 2462 citandi
668 2429 761 2462 ctiam
781 2439 839 2474 per
856 2429 996 2463 edietum
1015 2430 1192 2474 publicum,

450 2482 587 2516 constito
618 2483 657 2516 de
685 2494 750 2517 non
777 2489 844 2517 tuto
869 2494 1019 2524 accessu,
1050 2489 1190 2517 caetera-

449 2546 512 2580 que
536 2536 646 2582 9mnia
675 2542 706 2570 et
735 2536 861 2579 singula
893 2537 924 2569 in
949 2537 1133 2581 praemissis
1161 2542 1193 2570 et

450 2588 535 2623 circa
559 2600 596 2623 ea
622 2590 870 2634 quomodolibet
889 2590 1070 2623 necessaria
1090 2595 1122 2623 et
1139 2600 1192 2634 op-

449 2649 590 2687 portuna
609 2643 766 2686 faciendi,
794 2643 939 2687 gerendi,
963 2643 1134 2678 ordinandi
1161 2650 1190 2677 et

451 2697 627 2741 exequendi
645 2697 657 2740 (
661 2697 702 2732 ita
715 2703 751 2732 ut
762 2697 930 2732 occasione
947 2707 1116 2732 causarum
1135 2696 1192 2731 cri-

1038 294 1221 320 BULLARIUM
1241 295 1395 320 ROMANUM

461 349 491 376 et
505 340 782 376 administratione
795 336 978 375 reddituum
994 344 1202 377 communita·
1236 344 1403 377 minalium
1428 354 1596 378 censuram
1629 345 1896 388 ecclesiasticam,
1920 353 1974 382 aut

461 403 527 429 tum
554 400 585 428 et
604 394 846 428 universitatum
862 395 993 429 ditionis
1015 398 1200 441 temporalis
1235 397 1482 440 irregularitatis
1502 404 1624 440 notam,
1645 399 1823 434 dummodo
1848 406 1975 434 senten-

1990 298 2039 327 An.
2054 297 2084 326 C.
2105 300 2176 327 {w

1235 450 1311 483 tiam
1333 450 1496 493 sanguinis
1517 462 1574 495 per
1599 463 1631 485 se
1661 452 1746 496 ipsos
1767 463 1831 496 non
1858 453 1971 495 terant,

1234 505 1367 538 minime
1394 504 1581 549 incurrant)
1606 506 1756 550 plenam,
1784 507 1918 541 liberam
1944 513 1975 541 et

1233 559 1372 602 amplam
1395 559 1631 600 auctoritatem,
1659 560 1841 594 facultatem
1863 566 1894 594 et
1916 571 1975 605 po-

1233 617 1377 645 testatem
1405 613 1613 646 concedimus
1633 618 1664 646 et
1683 613 1900 658 impertimur.

1279 667 1295 708 g
1317 665 1347 698 li.
1380 666 1447 699 Non
1470 665 1669 699 obstantibus
1693 665 1974 700 constitutionibus
2002 675 2181 707 nei-oannem

1235 724 1262 751 ct
1285 718 1542 752 ordinationibus
1568 718 1750 762 apostolicis
1771 729 1807 752 ac
1824 712 1974 753 omnibus
1989 705 2108 726 uariorum.
2157 716 2171 722 ”

1233 771 1306 811 illis,
1325 782 1408 815 quae
1423 772 1525 805 dictus
1539 771 1686 806 Clemens
1700 772 1929 816 praedecessor
1941 771 1974 806 in

1232 825 1343 858 eadem
1370 825 1600 858 constitutione
1626 825 1726 858 voluit
1746 836 1810 859 non
1831 825 1970 868 obstare,

1233 878 1431 922 caeterisque
1458 878 1627 912 contrariis
1651 878 1922 923 quibuscumque.

1277 931 1337 974 Ξῖ).
1359 933 1512 966 Volumus
1530 939 1648 973 autem,
1665 939 1697 966 ut
1713 943 1760 973 ea,
1775 943 1858 977 quae
1871 943 1888 967 a
1906 943 1974 967 ma-

1232 984 1290 1018 iori
1306 991 1395 1028 parte
1407 996 1519 1019 eorum
1538 986 1679 1019 resoluta
1696 985 1825 1027 suerint,
1845 985 1973 1030 plenam

1232 1038 1399 1071 obtineant
1423 1039 1623 1079 firmitatem,
1647 1044 1678 1072 et
1702 1039 1866 1083 plenariae
1895 1049 1971 1074 exe-²

1232 1092 1380 1135 quutioni
1407 1093 1597 1126 demandari
1618 1093 1766 1127 debeant.

1275 1145 1388 1178 Datum
1410 1146 1530 1180 Romae
1550 1147 1635 1190 apud
1659 1151 1804 1180 sanctum
1825 1147 1968 1188 Petrum,

1231 1198 1291 1231 sub
1305 1199 1425 1232 annulo
1448 1199 1618 1233 piscatoris
1643 1199 1694 1233 dic
1719 1210 1747 1233 iv
1774 1199 1852 1233 iunii
1876 1209 1974 1241 MDCV,

1230 1252 1436 1295 pontificatus
1461 1253 1560 1286 nostri
1587 1263 1671 1286 anno
1693 1253 1731 1287 1¹.

1268 1313 1325 1341 Dat.
1348 1314 1392 1342 die
1413 1315 1427 1341 4
1447 1314 1512 1342 iunii
1534 1315 1613 1350 1605,
1635 1315 1729 1351 pontis.
1753 1324 1797 1344 an.
1818 1323 1837 1343 1.

2042 942 2111 965 Maior
2129 952 2132 962 «
2171 949 2182 967 .·

1990 971 2056 1000 totam
2084 974 2173 1001 coum-og*

1990 999 2098 1023 gatianum
2138 1001 2171 1019 ro-

1989 1024 2120 1050 praesentat.
2167 1034 2171 1036 -

1230 1491 1386 1536 Sequitur
1404 1492 1580 1526 declaratio
1597 1493 1702 1526 dictae
1717 1494 1969 1528 constitutionis.

1465 1591 1578 1618 Paulus
1599 1591 1678 1624 Papa
1698 1591 1733 1624 V,

1377 1643 1412 1670 ad
1435 1644 1566 1671 futuram
1586 1644 1630 1671 rei
1651 1644 1830 1673 memoriam.

1272 1733 1337 1766 Iam
1363 1732 1487 1776 pridem
1515 1733 1680 1776 cupientes
1707 1733 1970 1768 constitutionem
2007 1742 2106 1774 *ne-iano
2119 1723 2170 1778 coir
2222 1729 2223 1742 ³

1229 1785 1359 1828 afelicis
1373 1786 1606 1820 recordationis
1626 1786 1788 1821 Clemente
1805 1787 1889 1832 Papa
1905 1787 1972 1822 VIII
1985 1771 2134 1818 ,emmam
2160 1794 2162 1798 ’

1229 1840 1476 1883 praedecessore
1508 1845 1619 1873 nostro
1645 1851 1742 1884 super
1768 1840 1855 1874 bono
1881 1841 1969 1885 regi-

1230 1893 1315 1926 mine
1333 1893 1438 1927 Status
1451 1893 1611 1927 Ecclesiae
1628 1894 1746 1927 editam
1761 1894 1970 1938 exequutioni

1229 1947 1429 1988 demandari,
1453 1947 1576 1982 dilectis
1597 1947 1672 1982 filiis
1692 1949 1809 1982 nostris
1826 1949 1856 1984 S.
1872 1949 1908 1983 R.
1932 1949 1967 1984 Ε.

1229 2001 1446 2035 cardinalibus
1474 2012 1533 2046 pro
1559 2001 1702 2036 eiusdem
1732 2002 1970 2038 constitutionis

1229 2054 1443 2098 exequutione
1463 2065 1481 2089 a
1501 2054 1593 2089 nobis
1615 2055 1773 2100 deputatis
1803 2066 1916 2091 omnes
1940 2061 1972 2091 et

1229 2118 1449 2152 quascumque
1467 2119 1578 2142 causas
1598 2114 1661 2142 tam
1680 2108 1787 2143 civiles
1800 2119 1898 2154 quam
1914 2109 1972 2143 cri-

1229 2161 1364 2196 minales
1385 2168 1415 2196 et
1445 2162 1576 2203 mixtas,
1608 2163 1646 2197 ad
1673 2163 1921 2198 communitates
1941 2163 1982 2198 e?

1265 2261 1274 2287 1
1290 2260 1370 2287 Bulla
1381 2259 1547 2295 praecedens
1567 2260 1594 2287 in
1610 2260 1676 2287 edit.
1692 2260 1775 2287 Main.
1791 2267 1854 2287 cum
1868 2260 1971 2296 duplici

1227 2304 1289 2330 data
1300 2304 1454 2338 subscripta
1466 2304 1614 2339 reperitur,
1626 2312 1724 2339 nempe
1735 2304 1763 2331 in
1773 2307 1847 2331 textu
1856 2304 1908 2331 sub
1927 2304 1971 2331 die

1227 2356 1253 2375 iv
1268 2348 1336 2375 iunii
1359 2354 1441 2379 noer,
1458 2347 1553 2382 pontif.
1570 2357 1614 2375 an.
1631 2355 1649 2383 1,
1665 2352 1693 2376 et
1706 2348 1740 2375 ad
1756 2356 1842 2383 marg.
1858 2347 1910 2375 suh
1925 2348 1971 2376 die

1226 2399 1251 2419 iv
1267 2393 1333 2420 iunii
1350 2399 1451 2425 uocvn,
1463 2393 1555 2428 pontif.
1567 2401 1612 2420 an.
1623 2400 1643 2420 11
1657 2393 1709 2428 (vel
1722 2392 1970 2428 potiuslegendum

1226 2441 1298 2464 esset
1313 2438 1361 2471 111);
1378 2446 1450 2472 quae
1466 2438 1598 2465 mendosa
1612 2437 1777 2472 ambiguitas
1793 2437 1860 2464 edit.
1882 2437 1967 2464 Main.

1227 2482 1304 2509 nobis
1325 2490 1434 2517 quoque
1449 2489 1529 2509 causa
1550 2481 1651 2509 erroris
1667 2481 1732 2515 suit;
1750 2489 1813 2508 nam
1827 2489 1890 2508 vere
1905 2481 1970 2508 data

1227 2526 1286 2554 suit.
1309 2529 1339 2552 ut
1354 2528 1427 2560 patet
1447 2533 1478 2553 ex
1502 2534 1561 2560 seq.
1586 2525 1782 2559 declaratione,
1800 2525 1844 2552 die
1858 2532 1885 2552 iv
1900 2525 1968 2552 iunii

1225 2579 1270 2597 an.
1285 2578 1375 2605 mccx,
1397 2571 1515 2605 ideoque
1534 2570 1674 2596 debuisset
1698 2569 1762 2605 poni
1783 2569 1834 2596 sub
1853 2577 1932 2596 num.
1948 2577 1970 2596 11

1226 2615 1260 2642 ad
1276 2623 1338 2650 pag.
1357 2614 1418 2642 196.
1439 2615 1541 2641 Errore
1565 2617 1656 2649 postea
1683 2613 1804 2646 detecto,
1822 2622 1883 2641 eam
1902 2622 1968 2642 cen-

1225 2659 1331 2686 suimus
1347 2659 1398 2686 boc
1413 2659 1473 2686 loco
1490 2658 1664 2686 retinendam
1680 2666 1756 2693 esse,
1782 2659 1855 2686 iuxta
1879 2659 1969 2687 datam

1224 2704 1365 2740 sequentis
1385 2703 1580 2732 declarationis
1595 2706 1632 2738 (a.
1650 2702 1698 2738 T,]:.
