2227 3241
88 213 144 241 An.
162 212 191 240 C.
211 212 279 240 1610

111 807 232 829 nectaratio
242 812 272 827 re·

89 834 216 856 servationis
237 834 273 854 be·

90 862 212 882 nesicioruin
237 866 274 886 pei·

95 887 267 914 assequutionein

47 930 50 931 γ
89 914 201 941 pacificam
213 920 272 934 vaca-

90 943 192 962 turoi-uin.

932 212 1055 239 PAt'Lt's
1080 214 1099 238 V
1124 214 1174 238 Pr.

287 260 445 305 plerique,
458 260 497 294 de
510 260 675 294 beneficiis
693 261 926 303 ecclesiasticis,
940 272 1028 306 prae-
1043 272 1045 305 ζ

287 313 397 347 sertim
419 325 528 348 curam
551 314 730 348 animarum
752 315 954 356 habentibus,
972 326 1027 349 seu

286 367 364 401 alias
383 368 587 412 personalem
608 368 815 402 residentiam
835 369 1028 413 requirenti-

286 421 357 462 bus,
379 422 455 455 dum
473 432 532 465 pro
551 427 696 466 tempore
715 428 836 463 vacant,
854 422 1046 467 apostoliea}

287 475 479 508 auctoritate
500 476 618 519 provisi
639 487 695 509 seu
719 468 930 520 providendi,
956 482 1047 519 antel

286 527 416 561 illorum
437 528 712 572 assequuhonem,
734 529 795 562 alia
814 540 886 562 cum
908 530 1027 563 eisdem

286 581 544 625 incompatibilia
561 581 720 615 beneficia
738 582 951 615 ecclesiastica
972 593 1030 627 per

288 644 342 667 eos
371 639 445 667 tune
474 634 605 668 obtenta
625 634 657 667 in
676 635 821 668 fraudem
840 635 1030 669 reservatio-

287 686 337 720 nis
362 692 392 720 et
416 687 536 721 decreti
561 688 802 732 praedictorum
824 686 1047 731 resignabant

288 751 344 774 seu
369 740 606 785 dimittebant),

344 795 360 837 S
385 794 415 828 ⁶2.
444 794 580 838 Cupiens
612 799 833 838 opportunum
859 806 956 839 super
981 794 1030 828 his

289 848 469 883 remedium
495 849 669 890 adhihere,
693 848 810 890 voluit,
835 849 977 883 decrevit
1001 854 1030 882 et

290 901 480 943 declaravit,
504 902 591 946 quod
611 901 823 946 imposterum
849 902 1030 947 [quibusvis

288 955 436 1000 personis
456 955 495 988 de
515 955 678 999 aliquibus
695 955 861 989 benefieiis
879 956 1028 989 ecclesia-

288 1008 374 1042 sticis
401 1014 476 1042 tunc
502 1008 689 1042 vacantibus
714 1020 770 1042 seu
796 1009 953 1043 vacaturis
973 1020 1031 1053 per

288 1061 496 1096 Sanctitatem
528 1062 624 1096 Suam
657 1068 712 1095 aut
742 1062 809 1096 eius
838 1063 1029 1096 auctoritate

287 1115 451 1159 provideri
467 1114 486 1156 ¹,
510 1115 662 1159 ipsosque
687 1116 831 1160 provisos
851 1126 907 1149 seu
924 1115 1029 1160 provi-

288 1168 412 1202 dendos
432 1168 543 1212 (intra
574 1169 748 1202 vacationis
779 1175 808 1202 et
838 1169 1031 1213 provisionis

287 1233 344 1255 seu
370 1222 609 1266 assequutionis
633 1223 824 1256 corumdem
850 1222 1031 1256 beneficio-

287 1286 359 1308 rum
394 1277 586 1320 [ειῃροι-ῑι)Ξ
617 1287 839 1320 quaecumque
870 1277 932 1309 alia
957 1288 1029 1309 eum

288 1331 351 1364 illis
376 1330 634 1374 incompatibilia
658 1330 815 1364 beneficia
840 1330 1031 1364 ecclesiasti-

289 1396 336 1426 ca,
356 1385 534 1419 saecularia
553 1386 600 1419 vel
621 1386 808 1429 quorumvis
822 1385 976 1420 Ordinum
995 1396 1031 1419 ac

289 1438 384 1472 etiam
402 1439 608 1483 hospitalium
627 1439 796 1481 regularia,
812 1449 869 1483 per
883 1449 937 1472 eos
956 1445 1030 1472 tune

288 1493 440 1534 obtenta,
473 1493 584 1536 (nulla
608 1493 738 1537 speciali
764 1498 793 1527 et
819 1496 966 1538 expressa
991 1495 1029 1527 de

289 1547 408 1580 eisdem
435 1547 467 1580 in
492 1546 730 1591 provisionibus
754 1547 927 1591 praedietis
948 1548 1029 1581 sacta

290 1600 467 1643 mentione>
487 1600 688 1644 simpliciter,
713 1601 760 1634 vel
782 1605 877 1635 causa
897 1613 1028 1645 permu-

288 1654 427 1695 tationis,
452 1664 488 1688 ac
513 1654 590 1688 alias
617 1654 878 1698 quomodolibet,
906 1655 970 1689 sive
997 1656 1027 1689 in

287 1707 468 1744 Sanctitatis
481 1708 574 1750 Suae,
593 1708 639 1742 vel
657 1708 788 1741 alterius
801 1709 937 1743 Romani
952 1710 1030 1743 Pon-

289 1761 381 1796 tificis
401 1772 460 1806 pro
479 1767 624 1806 tempore
643 1762 815 1804 existentis,
837 1768 890 1796 aut
908 1764 1028 1806 legato-

286 1826 358 1850 rum
375 1843 382 1857 ‚
407 1815 454 1849 rel
479 1815 672 1849 nunciorum
695 1815 798 1850 dictae
822 1817 934 1858 Sedis,
964 1817 1027 1851 sive

287 1869 555 1911 Ordinariorum,
591 1870 639 1903 vel
672 1869 809 1903 aliorum
836 1870 1026 1904 collatorum

288 1933 571 1968 quorumcumque
602 1923 750 1957 manibus
784 1924 947 1967 resignare
971 1936 1027 1959 seu

288 1976 460 2018 dimittere,
481 1982 534 2010 aut
561 1976 684 2010 iuribus
705 1977 764 2010 sibi
786 1977 816 2010 in
841 1977 900 2011 illis
919 1979 966 2011 vel
987 1979 1026 2012 ad

289 2031 342 2064 illa
360 2030 617 2075 competentibus
636 2031 750 2064 cedere
768 2031 950 2076 contigerit]
964 2042 1028 2065 om-

287 2095 345 2118 nes
365 2090 395 2118 et
411 2084 555 2128 singulae
573 2084 807 2125 eoncessiones,
826 2085 1023 2127 collationes,

287 2139 488 2184 provisiones
506 2144 536 2172 et
552 2138 682 2183 quaevis
703 2138 785 2171 aliae
803 2138 1027 2183 dispositiones

289 2193 328 2227 de
345 2192 510 2227 beneficiis
526 2203 581 2227 seu
602 2193 726 2227 iuribus
746 2193 790 2227 sic
813 2193 1024 2236 resignandis,

289 2247 489 2282 dimittendis
514 2253 544 2280 et
568 2247 718 2281 cedendis
739 2259 798 2292 pro
821 2254 964 2292 tempore
985 2249 1027 2281 sa-

289 2300 432 2342 ciendae,
456 2312 527 2334 cum
556 2301 628 2334 inde
653 2301 796 2345 sequutis
821 2301 1028 2345 quibuscum-

289 2365 362 2399 que,
391 2364 498 2387 cassae
519 2359 550 2388 et
571 2354 679 2387 irritae
700 2354 884 2398 nulliusque
904 2355 1028 2388 roboris

289 2408 337 2441 vel
363 2407 517 2441 momenti
539 2407 671 2441 existant
688 2435 695 2449 ‚
719 2418 778 2441 nec
796 2408 947 2452 cuiquam
966 2409 1028 2444 sus.-

326 2499 335 2524 ¹
359 2497 540 2532 Subintellige
566 2498 720 2530 contineri!
733 2520 739 2531 ,
768 2498 840 2533 quod
867 2502 958 2533 postea
985 2507 1028 2525 se-

289 2542 380 2577 quitur
394 2547 431 2574 (n.
443 2544 493 2575 τ.).
799 2546 807 2554 ·

324 2586 340 2612 2
351 2586 527 2621 Subintellige
538 2587 688 2621 contiyerit
704 2588 848 2621 resiqnure
863 2586 905 2614 reb
919 2589 1028 2621 cedere,

289 2629 361 2665 quod
381 2635 474 2666 postea
493 2630 616 2666 sequitur
631 2633 670 2666 (n.
685 2636 734 2663 r.).

356 2684 435 2713 Bulc.
457 2685 539 2714 Rom.
559 2701 594 2706 —
618 2686 676 2714 Vol.
698 2685 748 2713 XI.

949 2685 981 2713 78

1715 202 1778 237 617
1825 212 2009 241 An.c.1610

1061 261 1225 305 fragentur
1239 289 1246 303 ,
1263 262 1318 295 sed
1336 261 1493 295 beneficia
1517 267 1547 295 et
1566 262 1645 302 iura,
1663 268 1695 295 ut
1716 272 1810 306 prae-

1061 316 1170 355 fertur,
1190 315 1360 358 resignata,
1385 315 1515 349 dimissa
1529 321 1559 353 et
1573 326 1670 356 cessa,
1689 325 1726 348 eo
1740 315 1809 359 ipso

1062 374 1184 409 vacent,
1213 374 1241 401 ct
1268 378 1379 401 vacare
1405 379 1441 401 ac
1466 368 1524 401 sub
1546 367 1760 402 reservatione
1779 374 1811 402 et

1062 422 1161 466 priori
1188 423 1317 455 decreto
1343 422 1494 466 praefatis
1520 423 1622 466 (quae
1654 422 1810 456 Sanctitas

1063 476 1126 509 Sua
1144 475 1239 508 etiam
1257 476 1364 520 quoad
1384 475 1445 509 hoc
1467 475 1608 509 extendit
1626 481 1655 509 et
1673 476 1810 520 amplia-

1045 529 1118 571 xvit)
1145 529 1379 573 comprehensa
1404 534 1614 563 censeantur:
1649 529 1691 562 ita
1722 530 1809 573 quod

1064 582 1101 627 dre
1127 582 1188 615 illis
1214 593 1271 626 per
1295 582 1392 616 alium
1408 610 1416 623 ,
1441 592 1536 627 quam
1563 582 1709 615 eamdem
1735 582 1810 616 San-

1046 635 1205 679 ¹ctitatem
1237 636 1356 676 Suam,
1386 636 1433 668 vel
1462 645 1521 679 pro
1549 639 1693 679 tempore
1722 635 1805 669 exis-

1066 695 1183 722 tentem
1203 689 1384 722 Romanum
1407 688 1609 729 Pontificem,
1625 689 1808 722 nullatenus

1064 742 1190 786 disponi
1205 742 1322 786 possit,
1346 742 1377 775 in
1392 742 1542 776 omnibus
1560 748 1589 776 et
1606 753 1664 786 per
1685 742 1804 783 omnia,

1063 795 1196 839 perinde
1228 806 1263 828 ac
1292 795 1316 828 si
1337 806 1395 839 per
1416 795 1583 840 pacificam
1601 796 1804 840 assequutio-

1064 858 1136 880 nem
1179 847 1316 881 aliorum
1356 848 1587 882 beneficiorum
1622 848 1806 882 huiusmodi

1065 911 1137 934 vere
1158 906 1188 934 et
1213 901 1342 934 realiter
1367 901 1574 935 vacavissent.

1109 955 1125 996 ἕ
1146 954 1175 987 3.
1200 955 1414 988 Deeernentes
1435 955 1479 988 sic
1506 966 1564 999 per
1584 966 1806 1001 quoscumque
1822 961 1947 1011 fflaffglaugpp
1974 967 2007 982 w·

1064 1006 1196 1048 iudices,
1221 1008 1317 1041 etiam
1340 1019 1510 1042 causarum
1534 1009 1647 1042 Palatii
1668 1010 1805 1053 Aposto-
1879 1005 1883 1013 ’
1935 1004 1938 1007 ’

1064 1060 1116 1093 lici
1142 1060 1325 1102 auditores,
1357 1072 1393 1094 ac
1422 1060 1452 1095 S.
1481 1061 1516 1095 R.
1539 1061 1571 1094 E.
1601 1061 1801 1103 cardinales,

1064 1113 1232 1158 dictaeque
1253 1114 1342 1148 Sedis
1367 1115 1489 1158 legatos
1510 1120 1541 1148 et
1561 1114 1707 1156 nuncios,
1731 1115 1805 1149 sub-

1064 1168 1136 1208 lata,
1157 1171 1228 1208 etc„
1249 1167 1383 1201 iudicari
1402 1172 1432 1200 et
1453 1167 1581 1201 definiri
1603 1168 1731 1201 definiri
1750 1168 1805 1202 de-

1064 1221 1150 1262 bere,
1176 1221 1379 1266 irritumque,
1408 1226 1479 1263 ete,
1508 1222 1668 1255 attentari.

1108 1321 1230 1362 Placet,
1257 1321 1452 1365 publicetur,
1476 1326 1504 1354 el
1529 1321 1730 1354 describatur
1752 1322 1783 1356 C.

1841 1335 1912 1362 Papae
1923 1335 2004 1356 subscr.

1385 1531 1480 1564 CLlll.

1063 1656 1206 1691 Litterae
1217 1668 1382 1700 processus
1399 1656 1433 1690 ίη
1447 1656 1499 1690 die
1514 1657 1635 1692 Coenae
1648 1657 1805 1691 Domini‘.

1289 1775 1400 1802 Paulus
1416 1775 1579 1809 Episcopus

1249 1828 1357 1855 Servus
1379 1828 1538 1855 Servoium
1559 1828 1626 1862 Dei,

1185 1883 1221 1909 ad
1241 1884 1414 1917 perpetuam
1434 1881 1478 1909 rei
1499 1881 1679 1909 memoriam.

1107 1978 1276 2012 Pastor-ulis
1299 1978 1433 2012 Romani
1454 1978 1616 2013 Pontificis
1641 1979 1803 2022 vigilantia
1820 1977 2004 2025 Rfiss'g'ffi'ffl'ssss'ffssss

1062 2039 1092 2067 et
1115 2032 1317 2071 sollicitudo,
1347 2043 1418 2066 cum
1445 2032 1476 2065 in
1498 2032 1586 2066 omni
1607 2033 1803 2067 Christianae
1819 2030 2006 2078 22¹{ssfgfflffffissssss

1062 2086 1268 2130 Reipublicae
1290 2098 1367 2130 pace
1385 2092 1415 2119 et
1435 2087 1664 2131 tranquillitate
1685 2098 1802 2131 procu·
1820 2084 1883 2105 ΝΜ
1895 2090 1918 2104 ⁰¹
1935 2090 2005 2104 “¹¹³3

1063 2140 1161 2173 rand-tt
1200 2151 1259 2184 pro
1289 2140 1336 2173 sui
1363 2141 1505 2174 muneris
1537 2141 1645 2175 osticio
1678 2141 1805 2175 assidue

1064 2199 1225 2236 versatur,
1252 2200 1317 2227 tum
1344 2194 1545 2239 potissimum
1573 2195 1604 2228 in
1625 2195 1805 2230 Catholicae

1820 2112 1854 2131 hic
1870 2112 1982 2137 expressi<⁴

1100 2278 1110 2301 v1
1133 2275 1224 2306 Quoad
1252 2276 1342 2302 omnia
1369 2276 1445 2310 quasi
1472 2276 1588 2311 capitula
1609 2277 1688 2303 huius
1714 2278 1806 2305 huttae

1064 2320 1144 2355 (ultra
1164 2320 1387 2355 Extravagauteni
1408 2321 1423 2348 3
1446 2321 1519 2348 l'auli
1536 2321 1556 2347 ll
1579 2325 1604 2349 et
1625 2321 1805 2358 Exti-avagan-

1064 2369 1116 2392 tem
1136 2365 1151 2392 5
1172 2364 1234 2391 Sixti
1254 2365 1284 2391 tv
1305 2365 1331 2391 in
1353 2366 1393 2392 tit.
1411 2365 1443 2392 de
1462 2365 1611 2393 poenitent.
1628 2370 1654 2393 et
1670 2368 1807 2395 remissio—

1063 2409 1161 2444 nibus)
1190 2409 1272 2436 habos
1300 2409 1398 2437 Urbani
1430 2410 1448 2435 V
1469 2410 1580 2437 Constit⁴
1611 2417 1658 2444 itt,
1687 2412 1805 2446 Aposlo-

1063 2455 1147 2487 talus,
1169 2457 1233 2481 tom.
1252 2462 1278 2480 iv
1301 2463 1359 2489 pag.
1378 2454 1439 2485 5⁶2&
1463 2454 1518 2481 Iulii
1536 2455 1559 2481 ll
1575 2455 1718 2482 Constituit.
1741 2463 1804 2489 xxx,

1064 2499 1294 2529 Consueverunae,
1313 2502 1376 2525 tom.
1395 2506 1410 2524 v
1426 2507 1475 2534 pag
1503 2500 1565 2531 fflh
1590 2500 1661 2526 Pauli
1683 2500 1717 2527 ΙΙΙ
1734 2500 1806 2528 Con-

1062 2543 1199 2570 stitutione
1220 2550 1255 2577 λι,
1274 2543 1495 2577 Consueverwzt,
1513 2547 1575 2571 tom.
1589 2551 1612 2571 vt
1625 2553 1684 2579 pag.
1702 2545 1763 2578 2¹83
1780 2550 1807 2573 et

1064 2588 1186 2623 Gregorii
1210 2588 1267 2614 Xltl
1288 2588 1430 2615 tlonstitut.
1459 2595 1544 2616 cxcvii
1573 2589 1803 2624 Consum-erunt,

1066 2636 1128 2660 tom.
1147 2639 1192 2660 viii
1210 2640 1270 2668 pag.
1294 2633 1348 2660 tta.
