2227 3241
70 250 117 278 An.
141 250 170 277 C.
188 249 254 277 1608

127 952 250 978 rerumque

65 984 112 999 eam
139 979 248 999 Pontificia

65 1006 192 1026 auctoritate
219 1011 250 1027 ro-

64 1031 143 1053 notari.

107 1911 185 1932 Paulus
199 1917 243 1933 rem

58 1937 137 1958 Nun-:io
159 1941 242 1964 aposto-

58 1964 98 1985 lico
113 1965 232 1986 committit.

917 250 1035 274 PAULUS
1057 252 1073 274 V
1099 250 1148 276 ΡΙ).

270 297 433 331 Bernardo
464 296 573 331 abbati
598 308 654 331 seu
685 297 790 331 eidem
816 297 1013 331 monasterio

268 351 298 385 S.
312 350 393 385 Galli
411 350 595 385 universum
609 351 789 385 dominium
799 350 1011 385 Novoramen¹

268 403 423 448 Sperga'm
438 404 640 448 praedictum
659 414 733 438 cum
752 404 875 438 iuribus
893 410 923 438 et
940 415 1012 448 per-

269 456 410 490 tinentiis
430 456 495 490 suis
512 457 773 502 quibuscumque
786 456 807 498 ‘³3
830 457 1012 493 Bernardus

266 519 343 544 vero
372 510 471 543 abbas
502 510 685 554 praedictus
714 510 834 554 oppido
863 509 1010 553 Wangen

266 573 323 597 seu
343 562 426 596 illius
443 562 630 596 consulibus
650 569 681 596 et
700 563 901 605 magistratui
916 573 1011 607 prae-

266 615 359 649 dictis
387 625 487 648 unum
515 620 547 649 et
577 615 688 659 viginti
718 616 806 649 mille
831 626 867 650 ac
895 616 1010 650 nonin-

266 674 378 712 gentos
406 670 546 702 florenos
565 679 718 703 romanos
743 680 780 703 ex
799 669 902 714 pretio
932 671 1009 704 alias

267 725 399 764 accepto
430 720 598 754 restituere
627 726 810 761 teneretur,
846 727 941 764 prout
976 722 1008 754 in

267 773 440 807 concordia
460 784 517 807 seu
539 774 753 815 transactione
772 774 958 807 huiusmodi
973 786 1009 809 ac

266 827 432 872 scripturis
448 827 585 872 publicis
606 828 744 873 desuper
761 828 913 862 confectis
931 829 1007 863 diei-

268 887 320 914 tur
336 880 505 915 contineri.

311 937 328 978 5
345 935 376 969 3.
395 936 472 969 Cum
491 941 610 977 autem,
627 936 712 970 sicut·
722 937 834 971 eadem
852 937 1008 982 expositio

266 989 506 1032 subiungebat,
537 991 712 1024 concordia
746 1001 803 1024 seu
837 991 1008 1025 transactio

266 1042 465 1084 huiusmodi,
488 1053 554 1077 non
571 1044 675 1077 solum
696 1055 756 1088 pro
774 1045 1008 1089 componendis

265 1095 321 1130 lite
348 1102 378 1130 et
405 1098 500 1130 causa
526 1097 721 1141 praedictis,
745 1099 802 1132 sed
832 1099 927 1132 etiam
949 1110 1007 1143 pro

264 1149 403 1184 evidenti
421 1151 498 1184 dicti
519 1152 706 1185 monasterii
728 1152 828 1186 sancti
846 1153 926 1187 Galli
948 1154 1007 1187 uti-

263 1206 353 1240 litate
373 1206 451 1239 inita
469 1216 536 1240 esse
552 1206 771 1250 dignoscatur,
792 1208 889 1252 idque
907 1220 944 1243 ex
960 1209 1008 1242 in-

262 1261 456 1295 formatione
472 1264 534 1303 tua,
550 1263 589 1296 de
610 1264 762 1297 mandato
783 1270 893 1298 nostro
910 1276 1007 1310 super

262 1315 447 1358 praemissis
468 1316 640 1359 diligenter
662 1323 693 1350 et
713 1324 863 1353 accurate
880 1320 961 1353 facta
977 1327 1007 1354 et

261 1369 302 1402 ad
321 1379 380 1403 nos
408 1370 613 1412 transmissa,
637 1372 731 1415 plene
752 1378 783 1406 et
809 1373 1006 1408 sufficienter

263 1429 406 1464 constet,
430 1434 489 1468 pro
517 1431 608 1469 parte
639 1427 794 1460 Bernardi
821 1428 944 1461 abbatis
969 1441 1004 1462 ac

265 1479 434 1512 consulum
465 1484 496 1512 et
527 1480 731 1522 magistratus
764 1482 1003 1524 praedictorum

261 1531 355 1565 nobis
375 1531 436 1566 suit
455 1532 619 1567 humiliter
639 1534 868 1578 supplicatum,
892 1542 1003 1579 quate-

259 1595 320 1619 nus
345 1586 537 1620 concordiae
566 1598 622 1620 seu
655 1588 861 1622 transactioni
891 1589 1001 1623 huius-

259 1639 370 1680 modi,
394 1635 453 1683 prd
478 1640 615 1674 firmiori
640 1641 725 1675 illius
746 1642 950 1677 subsistentia
971 1650 1002 1677 et

259 1693 482 1727 observatione
508 1694 696 1735 inviolabili,
722 1696 822 1730 robur
845 1698 1000 1741 apostoli-

259 1754 315 1778 cae
339 1744 595 1779 confirmationis
624 1747 784 1788 adiicere,
808 1748 950 1792 aliasque
967 1749 1000 1782 in

258 1798 442 1842 praemissis
467 1805 651 1844 opportune
678 1802 849 1845 providere
878 1803 917 1836 de
943 1803 999 1838 be-

258 1851 416 1894 nignitate
437 1853 613 1897 apostolica
634 1854 853 1897 dignaremur.

303 1907 319 1949 5
340 1905 370 1939 4.
395 1906 457 1941 Nos
482 1907 581 1950 igitur
607 1915 725 1942 certam
753 1909 791 1943 de
816 1911 999 1954 praemissis

257 1959 429 1993 notitiam³
446 1961 621 2003 habentes,
646 1973 682 1996 ac
714 1964 914 1998 Bernardum
941 1965 997 1998 ab·

257 2013 363 2047 batem
379 2042 386 2056 ,
406 2024 532 2049 necnon
554 2017 702 2050 consules
724 2023 753 2050 et
774 2018 997 2060 magistratum

256 2067 451 2111 praedictos,
476 2079 512 2102 ac
538 2080 649 2103 eorum
679 2071 856 2114 quemlibet
882 2083 898 2104 a
927 2073 997 2116 qui-

255 2121 363 2155 busvis
391 2123 754 2167 excommunicationis,
779 2126 998 2170 suspensionis

256 2180 287 2208 et
310 2175 486 2217 interdicti,
510 2178 645 2223 aliisque
673 2180 896 2214 ecclesiasticis
924 2192 996 2214 sen-

256 2228 372 2270 tentiis,
396 2231 539 2265 censuris
563 2237 594 2265 et
616 2233 739 2276 poenis,
761 2244 778 2266 a
803 2234 872 2267 iure
893 2235 940 2268 vel
958 2235 997 2268 ab

255 2282 397 2325 homine,
414 2285 525 2329 quavis
537 2285 707 2320 occasione
727 2287 775 2320 vel
797 2290 892 2321 causa
911 2289 993 2330 latis,

292 2392 303 2419 1
325 2389 367 2418 Sic
395 2390 493 2427 legitur
517 2391 569 2419 hoc
591 2392 669 2426 loco;
692 2393 772 2428 paulo
800 2394 924 2430 superius
948 2394 997 2423 ha-

254 2436 371 2464 bebatur
390 2445 461 2465 novo
484 2438 602 2466 nomine
619 2439 771 2475 'Sper-qam
800 2443 997 2476 nuncupatum

266 2488 294 2508 a.
306 2487 330 2508 T.
349 2502 354 2508 .

253 2481 264 2515 (
288 2525 304 2552 2
329 2482 504 2563 gubintettige
531 2528 682 2557 restituere
703 2531 896 2565 tenerentur,
922 2531 994 2566 quod

253 2569 332 2606 paulo
352 2575 412 2607 post
426 2572 549 2608 sequitur
563 2575 600 2608 (n.
619 2573 665 2608 τ.),

1048 298 1072 331 si
1104 299 1220 342 quibus
1252 300 1498 344 quomodolibet
1531 301 1676 336 innodati
1708 302 1786 336 exis-

1047 357 1127 391 tunt,
1149 353 1189 385 ad
1210 353 1357 386 effectum
1379 355 1597 398 praesentium
1623 355 1789 390 dumtaxat

1046 406 1321 448 consequendum,
1345 407 1459 440 harum
1481 408 1563 441 serie
1588 408 1788 443 absolventes

1045 462 1076 491 et
1096 458 1259 492 absolutos
1273 460 1341 493 sore
1353 467 1530 502 censentes,
1547 471 1672 495 necnon
1686 462 1788 496 bono-

1044 520 1115 544 rum
1133 517 1163 544 et
1177 511 1312 545 dominii
1328 514 1567 556 praedictorum
1583 514 1783 558 situationes,

1045 565 1198 605 contines,
1216 566 1383 607 vocabula,
1405 568 1693 611 denominationes,
1713 581 1787 614 qua·

1044 617 1159 659 litates,
1183 620 1400 663 quantitates,
1425 631 1461 654 ac
1486 632 1578 655 veros
1603 628 1634 655 et
1661 633 1786 657 annuos

1044 671 1166 705 valores
1183 674 1405 716 praesentibus
1426 685 1484 718 pro
1499 675 1653 718 expressis
1665 676 1786 710 liaben-

1044 729 1101 765 tes,
1118 724 1303 759 huiusmodi
1322 726 1611 770 supplicationibus
1626 728 1781 770 inclinati,

1043 777 1229 811 discretioni
1262 785 1334 812 tuac
1372 791 1429 824 per
1460 781 1636 825 apostolica
1666 782 1785 826 scripta

1043 832 1251 873 mandamus,
1283 839 1440 876 quatenus
1462 834 1509 877 (si
1537 839 1568 868 et
1598 841 1780 879 postquam,

1042 885 1159 918 voeatis
1174 885 1226 929 qui
1241 886 1360 919 suerint
1381 887 1546 928 evocandi,
1563 898 1599 921 ac
1619 888 1784 932 specifica-

1043 937 1082 971 tis
1100 938 1189 981 prius
1210 949 1318 972 coram
1339 946 1367 973 te
1382 940 1473 974 bonis
1491 946 1521 974 et
1535 941 1677 975 dominio
1692 952 1784 986 prae-

1043 991 1145 1032 dictis,
1167 1002 1226 1026 nec
1247 1002 1311 1026 non
1333 996 1455 1027 servata
1476 994 1579 1027 forma
1604 995 1782 1029 litterarum

1042 1045 1298 1088 praedecessoris
1323 1046 1520 1090 huiusmodi,
1547 1048 1585 1081 de
1610 1050 1783 1083 concordia

1041 1109 1097 1132 scu
1124 1100 1337 1133 transactione
1364 1100 1550 1134 huiusmodi
1576 1107 1605 1135 et
1637 1103 1725 1146 quod
1750 1103 1781 1137 in

1042 1152 1221 1186 evidentem
1249 1153 1325 1187 dicti
1352 1155 1538 1188 monasterii
1558 1155 1588 1189 S.
1612 1156 1692 1189 Galli
1713 1167 1781 1190 ces-

1040 1206 1117 1239 serit
1137 1211 1168 1239 et
1189 1207 1280 1240 cedat
1304 1207 1492 1249 utilitatem,
1516 1214 1551 1242 ut
1578 1210 1778 1253 praefertur,

1042 1261 1182 1303 legitime
1192 1263 1383 1307 constiterit)
1393 1265 1598 1298 concordiam
1613 1276 1668 1299 seu
1685 1272 1782 1301 trans-

1039 1316 1199 1349 actionem
1234 1318 1414 1361 praedictas
1450 1321 1639 1354 auctoritate
1672 1325 1781 1356 nostra

1040 1376 1196 1414 perpetuo
1217 1372 1376 1415 approbes
1397 1379 1427 1406 et
1455 1373 1645 1415 confirmes,
1669 1375 1780 1420 illique

1040 1431 1214 1467 perpetuae
1236 1430 1266 1458 et
1287 1426 1478 1460 inviolabilis
1504 1429 1697 1471 apostolicae
1719 1431 1777 1463 lir-

1039 1477 1157 1511 iuitatis
1178 1478 1277 1511 robur
1295 1479 1445 1521 adimas,
1468 1491 1504 1513 ac
1525 1491 1638 1515 omnes
1659 1489 1690 1516 et
1713 1484 1779 1517 sin-

1038 1531 1141 1572 gulos,
1167 1538 1229 1564 tani
1257 1532 1334 1565 iuris
1360 1544 1457 1577 quani
1477 1535 1549 1568 l'acti
1571 1540 1601 1569 et
1620 1537 1776 1571 solemni-

1039 1589 1137 1616 tatum
1168 1585 1207 1618 dc
1229 1597 1298 1626 usu,
1323 1586 1392 1619 iure
1414 1593 1444 1620 et
1464 1590 1697 1624 consuetudine
1725 1597 1780 1624 aut

1037 1638 1114 1670 alias
1139 1639 1384 1681 quomodolibet
1403 1641 1631 1684 requisitaruni
1650 1644 1698 1677 vel
1717 1655 1775 1678 ne-

1037 1692 1247 1725 cessariarum
1268 1720 1275 1733 ‚
1310 1704 1346 1726 ac
1383 1695 1512 1738 quosvis
1543 1696 1647 1738 alios,
1682 1698 1778 1731 etiam

1036 1747 1241 1789 quantumvis
1258 1747 1492 1790 substantiales,
1507 1750 1660 1791 desectus,
1680 1751 1705 1785 si
1723 1752 1779 1796 qui

1036 1799 1173 1843 desuper
1206 1801 1452 1844 quomodolibet
1483 1802 1716 1838 intervenerint
1746 1805 1778 1839 in

1036 1852 1169 1894 eisdem,
1193 1854 1363 1897 suppleas,
1388 1856 1593 1890 decernendo
1608 1884 1616 1898 ,
1637 1868 1775 1892 concor-

1035 1905 1132 1946 diam,
1154 1917 1209 1940 seu
1232 1908 1479 1942 transactionem
1498 1909 1684 1945 huiusmodi
1705 1922 1777 1956 per-

1034 1965 1131 2003 petuo
1149 1961 1286 1994 validam
1313 1967 1343 1995 et
1368 1962 1532 1996 el'ticacem
1558 1974 1625 1998 esse
1644 1971 1674 1998 ct
1694 1966 1773 2006 sore,

1033 2024 1172 2057 suosque
1194 2015 1355 2058 plenarios
1369 2022 1398 2049 et
1412 2016 1552 2059 integros
1565 2018 1696 2052 effeetus
1709 2030 1777 2053 sor-

1035 2067 1085 2099 tiri
1108 2073 1138 2100 ct
1159 2068 1316 2109 obtinere,
1335 2080 1370 2103 ac
1386 2076 1447 2103 tam
1467 2071 1506 2104 ab
1521 2072 1596 2115 ipsis
1612 2073 1776 2108 Bernardo

1033 2120 1147 2154 abbate
1168 2128 1198 2155 et
1219 2123 1404 2157 consulibus
1418 2129 1448 2157 et
1463 2125 1661 2167 magistratu,
1678 2137 1774 2171 quam

1034 2185 1145 2208 eorum
1166 2177 1404 2211 successoribus
1419 2184 1449 2211 et
1462 2179 1626 2223 quibusvis
1637 2181 1718 2222 aliis,
1736 2183 1775 2215 ad

1033 2239 1113 2272 quos
1138 2240 1223 2263 nunc
1248 2231 1495 2275 quomodolibet
1518 2238 1639 2277 spectat
1657 2239 1688 2267 et
1705 2245 1775 2279 spe-

1032 2287 1119 2317 ctare
1140 2285 1258 2327 poterit
1278 2284 1309 2318 in
1328 2286 1483 2327 futurum,
1503 2294 1660 2331 perpetuo
1674 2288 1775 2322 firmi-

1033 2341 1081 2369 ter
1113 2343 1143 2370 et
1168 2337 1397 2373 inviolabiliter
1423 2339 1584 2373 observari
1610 2347 1641 2374 et
1665 2342 1770 2374 adim-

1030 2389 1111 2433 pleri
1137 2390 1267 2432 debere,
1291 2402 1351 2426 nec
1375 2392 1414 2425 ab
1440 2392 1501 2426 illis
1526 2394 1592 2426 ullo
1618 2404 1772 2438 umquam

1032 2448 1189 2488 tempore,
1205 2445 1318 2489 quovis
1332 2451 1508 2489 praetextu,
1529 2447 1638 2480 colore
1660 2447 1707 2481 vel
1725 2447 1773 2481 in-

1030 2498 1138 2540 genio,
1162 2499 1278 2532 resiliri
1300 2500 1347 2532 vel
1369 2500 1475 2534 recedi
1496 2510 1600 2543 posse,
1624 2512 1660 2535 ac
1680 2512 1772 2545 prae-

1030 2556 1137 2584 sentes
1158 2552 1280 2586 litteras
1295 2563 1421 2597 semper
1436 2559 1466 2586 ct
1478 2559 1634 2597 perpetuo
1653 2554 1772 2588 validas

281 2614 305 2653 ⁴3
324 2614 391 2643 Heic
406 2616 470 2644 edit.
487 2616 565 2645 Μαίη.
586 2617 638 2646 sert
657 2618 814 2654 particulam
834 2627 892 2648 non
914 2629 993 2657 quam
1030 2609 1060 2637 ⁰2
1074 2604 1220 2639 efficaces
1241 2616 1308 2639 ⁰55ss
1329 2612 1357 2639 el
1376 2606 1454 2645 sore}
1475 2606 1585 2651 Sic(lue
1599 2617 1656 2652 Pffl'
1676 2618 1771 2652 ‘1⁰0⁵'

253 2669 302 2689 nos
316 2660 477 2689 abolendam
494 2670 553 2691 csse
569 2663 774 2699 censuimusm.
790 2666 837 2698 τ.).

1030 2668 1168 2703 cumque
1191 2659 1312 2694 iudices
1337 2666 1366 2694 et
1387 2660 1636 2703 commissarios,
1661 2663 1771 2707 quavis

1692 244 1755 278 543
1802 256 1851 281 An.
1873 256 1900 283 c.
1921 253 1986 284 teos
