2227 3241
251 285 300 312 Αη,
318 285 345 311 C.
370 285 434 312 1607

265 347 378 373 berngario
387 353 435 368 tnn-

250 376 369 395 trnnorum.

280 1116 413 1137 preamium.

289 2073 372 2094 Erat-¹10
383 2074 445 2094 hirrus

260 2100 448 2126 hospitalisrccrn-

261 2129 325 2148 setur.

482 277 546 310 ‚400

496 334 562 376 §tt
599 335 630 367 ln
664 334 859 367 contrarium
889 335 1096 376 facientibus,
1124 345 1188 369 non

450 388 652 420 obstantibus
669 387 939 433 quibuscumque.

494 441 605 474 Datum
632 442 752 475 Itomae
778 443 863 486 apud
883 448 1027 475 sanctum
1049 443 1188 475 Marcum

449 493 507 526 sub
539 494 660 527 annulo
691 494 860 528 Piscatoris
895 495 947 529 die
977 506 1052 529 xxiv
1081 495 1191 540 aprilis

450 557 558 588 uberi,
576 548 784 592 pontificatus
801 549 901 582 nostri
922 559 1007 583 anno
1025 559 1059 583 11.

487 600 544 627 Dat.
567 600 610 628 die
629 600 662 627 at
679 601 772 637 aprilis
788 602 872 635 1607,
890 602 984 638 pontif.
1001 610 1045 629 au.
1064 609 1092 629 11.

753 718 888 752 LXXlll.

454 789 666 831 Confirmatio
683 789 937 833 pri'rz‘lesn'orum
956 790 1112 834 hospitali
1133 794 1193 823 ler-

495 845 662 875 centorum
685 853 853 875 caecorum
875 843 1020 876 Parisiis
1050 847 1149 876 erecto
1174 854 1193 876 (ι

497 894 641 927 Summis
660 895 874 938 Pontificibus
894 906 1113 929 concessorum
1126 894 1144 929 ⁴.

686 975 798 1002 Paulus
824 975 903 1010 Papa
926 976 948 1002 V

578 1022 612 1047 ad
629 1023 808 1054 perpetuam
827 1021 873 1048 rei
892 1020 1072 1048 memoriam.

499 1082 584 1115 Inter
599 1088 724 1116 caetera
741 1082 934 1116 christianae
948 1082 1075 1127 pietatis
1089 1082 1195 1116 officia

455 1134 533 1168 illud
557 1146 751 1180 magnopere
780 1136 907 1180 placere
926 1136 1063 1170 Domino
1084 1141 1195 1169 nostro

454 1189 522 1222 lesu
543 1188 667 1222 Christo
685 1195 807 1222 certum
827 1195 884 1230 est,
905 1189 992 1233 quod
1013 1189 1098 1222 circa
1117 1198 1195 1232 pau-

455 1253 566 1286 perum
581 1242 823 1283 miserabilium,
838 1243 949 1287 quales
962 1242 1109 1287 profecto
1123 1248 1194 1275 sunt

454 1306 611 1340 pauperes
632 1297 800 1330 oculorum
826 1296 948 1330 lumine
973 1295 1095 1336 orbati,
1119 1295 1195 1329 sub-

454 1350 635 1384 ventionem
651 1356 680 1384 et
692 1350 877 1384 alimoniam
893 1355 1046 1384 versatur.
1060 1349 1197 1383 Proinde

454 1415 512 1438 nos
533 1404 616 1438 illius
630 1404 724 1446 vices,
742 1415 938 1448 quamquam
954 1404 1117 1445 immeriti,
1142 1414 1197 1447 ge-

456 1464 561 1491 rentes
590 1458 620 1491 in
656 1458 766 1499 terris,
787 1463 818 1491 et
844 1458 912 1491 eius
939 1458 1047 1491 divino
1069 1457 1197 1502 eloquio

456 1512 571 1553 edocti,
596 1512 649 1556 qui
672 1517 838 1556 tantopere
858 1522 1016 1556 pauperes
1034 1522 1199 1545 commcn-

457 1566 521 1605 dat,
551 1576 586 1599 ea
614 1576 696 1610 quae
721 1576 780 1609 pro
808 1565 995 1599 eorumdem
1017 1576 1196 1610 pauperum

458 1629 627 1652 caecorum
661 1618 892 1652 sustentatione
925 1629 961 1652 ex
996 1619 1198 1663 Apostolieae

457 1673 548 1706 Sedis
580 1672 776 1715 benignitate
808 1684 844 1705 ac
875 1673 1001 1716 piorum
1031 1683 1141 1715 regum
1169 1678 1199 1705 et,

458 1726 639 1770 principum
663 1726 883 1758 munificentia
915 1721 1091 1759 liberaliter
1117 1736 1196 1759 con-

458 1782 545 1812 cessa
570 1785 600 1812 et
621 1777 796 1822 approbati}
818 1778 1041 1822 reperiuntur,
1066 1785 1100 1812 ut
1119 1790 1196 1823 pcr-

458 1840 555 1877 petuo
569 1833 713 1866 firmiora
727 1832 911 1873 subsistant,
935 1832 1129 1876 apostolicae
1147 1832 1200 1865 lir-

460 1887 578 1921 niitatis
615 1887 732 1921 robore
763 1887 901 1920 libenter
936 1887 1176 1920 communimus
1190 1914 1197 1927 ,

460 1947 554 1985 prout
581 1941 611 1974 in
637 1940 772 1974 Domino
793 1940 966 1974 salubriter
986 1940 1202 1985 conspicimus

461 1994 621 2038 expedire.

507 2050 522 2091 ξ
549 2048 574 2080 l.
599 2048 682 2081 Alias
699 2048 871 2092 siquidem,
888 2054 985 2092 prout
1003 2047 1199 2092 accepimus,

464 2108 524 2135 tam
541 2101 696 2134 carissimi
709 2101 739 2134 in
752 2101 874 2135 Christo
890 2101 944 2133 [ilii
961 2101 1060 2134 nostri
1074 2101 1203 2134 IIenrici

463 2156 658 2188 Francorum
695 2154 778 2197 regis
809 2154 1076 2195 christianissimi,
1106 2165 1202 2198 quam

464 2214 537 2242 tunc
551 2208 752 2242 existentium
771 2208 989 2252 syndicorum,
1010 2207 1204 2250 gubernato-

464 2274 533 2296 rum
550 2268 577 2295 et
593 2261 892 2295 administratorum
908 2261 1074 2305 hospitalis
1085 2266 1206 2295 trecen-

463 2323 567 2350 torum
587 2326 766 2360 pauperum
789 2326 958 2348 caecorum
980 2315 1079 2349 sancti
1101 2315 1206 2349 Remi-

463 2370 505 2412 gii
519 2368 706 2403 Parisiensis
721 2368 917 2409 nominibus,
935 2369 1035 2402 felicis
1056 2369 1207 2402 recorda-

465 2423 560 2457 tionis
578 2423 733 2457 Clementi
756 2424 859 2466 Papae
873 2423 949 2463 VIII,
965 2423 1206 2467 praedecessori

465 2484 585 2518 nostro,
599 2476 764 2520 exposito‘2:
782 2476 872 2516 Quod
887 2476 976 2518 olim,
994 2487 1066 2510 cum
1080 2482 1208 2510 sanctus

505 2568 512 2593 l
538 2566 573 2593 Ex
592 2566 699 2600 Regem.
716 2565 742 2592 in
758 2565 860 2592 Secret.
878 2564 956 2592 Brev.

501 2611 518 2637 2
537 2611 606 2638 Tota
620 2618 738 2646 sequens
753 2609 883 2646 expositio
894 2609 1036 2645 desumpta
1051 2613 1091 2637 est
1107 2609 1162 2637 sere
1177 2609 1209 2636 ad

469 2655 581 2682 verbum
609 2663 640 2682 ex
667 2650 781 2682 Constit.
807 2660 857 2681 ccv
881 2653 1025 2681 Clementis
1051 2653 1106 2680 Vlll
1130 2661 1209 2689 quam

468 2698 551 2727 habes
566 2699 591 2726 in
609 2702 674 2726 tom.
690 2706 706 2726 x
717 2707 777 2735 pag.
792 2698 841 2726 499
856 2701 884 2726 et
898 2706 955 2734 seq.
972 2698 1008 2733 (R.
1027 2698 1076 2731 T.).

1022 287 1201 311 nt'nLt*1.tt„tt
1226 287 1378 311 ROMANUM

1223 334 1400 368 [udovicus
1408 335 1595 368 eorumdem
1607 335 1802 368 Francorum
1816 346 1880 375 rex,
1890 341 1964 368 tunc

1225 388 1255 422 in
1276 388 1425 422 humanis
1439 399 1547 431 agens,
1563 391 1677 431 magna
1697 388 1833 422 militum
1856 394 1886 422 et
1906 399 1960 422 ar-

1225 442 1423 484 migerorum
1456 442 1661 475 multitudine
1699 441 1871 475 comitante
1884 468 1892 482 ‚
1925 443 1965 476 ad

1224 501 1333 539 partes
1356 494 1603 535 infidelium,·ut
1623 495 1662 528 ab
1683 504 1795 528 eorum
1818 495 1966 538 manibus

1224 549 1501 582 Terramsanetam
1522 549 1680 592 eriperet,
1694 558 1727 581 se
1742 547 1963 591 transtulisset,

1226 602 1351 646 ipsique
1373 602 1518 635 infideles
1545 602 1694 635 trecentis
1719 612 1755 635 ex
1780 600 1856 645 ipsis
1876 600 1964 634 mili-

1228 655 1311 688 tibus
1329 655 1461 699 captivis
1478 656 1588 689 oculos
1603 654 1772 695 eruissent,
1789 654 1893 688 dictus
1905 653 1967 687 Lu-

1227 709 1358 742 dovicus
1378 719 1443 749 reX,
1468 709 1499 741 in
1521 719 1615 742 suum
1647 718 1783 751 regnum
1812 706 1967 740 Franciae

1228 772 1382 803 reversus,
1392 763 1430 795 ad
1445 762 1695 806 praemissorum
1708 767 1899 805 perpetuam
1912 760 1968 793 ha-

1227 814 1415 848 bitationem
1436 815 1466 848 in
1482 815 1607 848 civitate
1618 813 1789 848 Parisiensi
1810 812 1969 857 hospitale

1227 869 1427 912 praedictum
1450 869 1640 902 fundaverat
1663 873 1694 902 et
1712 867 1904 908 instituerat,
1932 876 1970 900 ae

1228 921 1413 955 huiusmodi
1434 922 1584 956 trecentis
1597 920 1794 966 pauperihus
1811 919 1915 954 caecis
1934 919 1968 953 in

1228 974 1342 1007 eodem
1364 974 1513 1018 hospitali
1534 984 1593 1019 pro
1614 979 1760 1018 tempore
1780 971 1970 1016 degentibus

1228 1027 1354 1070 signum
1370 1027 1425 1060 lilii
1448 1027 1479 1061 in
1499 1033 1630 1072 pectore
1650 1026 1827 1067 deserendi,
1843 1035 1970 1060 necnon

1229 1090 1287 1124 pro
1306 1090 1418 1113 eorum
1437 1080 1520 1114 vitae
1541 1080 1691 1114 subsidiis
1704 1089 1762 1123 per
1775 1078 1897 1112 dictum
1918 1087 1970 1111 re-

1229 1143 1326 1176 gnum
1349 1134 1577 1178 perquirendis
1594 1133 1724 1167 nuntios
1738 1139 1769 1167 et
1784 1137 1971 1177 quaestores

1230 1187 1403 1232 deputandi
1431 1187 1594 1221 licentiam
1619 1191 1841 1227 concesserat,
1864 1184 1970 1219 archi-

1230 1241 1389 1285 episcopis
1403 1251 1544 1285 quoque,
1562 1240 1721 1285 episcopis
1739 1246 1769 1274 et
1789 1238 1859 1273 aliis
1877 1248 1972 1283 prae·

1231 1291 1302 1325 latis
1322 1292 1464 1325 eiusdem
1487 1291 1587 1334 regni,
1610 1297 1646 1324 ut
1663 1291 1793 1325 nuntios
1805 1296 1836 1324 et
1855 1300 1971 1334 quaes-

1232 1351 1318 1379 tores
1344 1346 1529 1380 huiusmodi
1556 1344 1972 1389 admitterent,‚apostolica

1231 1400 1421 1433 auctoritate
1436 1399 1580 1433 mandari
1595 1399 1790 1441 obtinuerat,
1802 1399 1973 1444 ipsumque

1232 1453 1389 1497 hospitale
1412 1453 1559 1497 pluribus
1591 1452 1781 1497 privilegiis,
1808 1452 1919 1496 gratiis
1943 1458 1975 1486 et

1233 1508 1490 1541 immunitatibus
1508 1514 1538 1541 et
1559 1507 1761 1541 libertatibus
1780 1518 1838 1552 per
1857 1507 1972 1541 Sedem

1232 1561 1448 1606 Apostolicam
1470 1561 1656 1606 approbatis
1677 1561 1823 1604 insigniri
1845 1570 1975 1595 curave-

1235 1621 1298 1656 rat;
1322 1616 1376 1662 sed
1407 1621 1510 1648 morte
1536 1620 1727 1659 praeventus
1752 1614 1831 1648 illud
1846 1641 1854 1656 ,
1876 1620 1975 1659 prout

1233 1669 1499 1710 decebat,dotare
1509 1679 1571 1702 non
1587 1674 1745 1713 potuerat:
1763 1668 1972 1702 Postmodum

1234 1733 1309 1757 vero
1329 1723 1428 1756 felicis
1447 1722 1679 1756 recordationis
1696 1722 1801 1756 Sixtus
1819 1722 1903 1766 Papa
1920 1721 1971 1763 lv,

1234 1777 1463 1821 praedecessor
1482 1774 1601 1809 noster¹
1621 1776 1668 1818 (ut
1681 1785 1851 1820 pauperes,
1872 1775 1904 1809 in
1921 1785 1975 1810 eo-

1235 1830 1306 1863 dem
1326 1829 1425 1863 sancti
1451 1828 1587 1871 Remigii
1608 1838 1645 1862 ac
1677 1828 1723 1861 illi
1749 1828 1848 1862 unitis
1867 1828 1974 1862 Sancti

1235 1883 1371 1928 Spiritus
1384 1893 1485 1927 prope
1498 1882 1656 1916 civitatem
1682 1882 1974 1925 Rothomagensem

1236 1943 1267 1971 et
1283 1937 1384 1971 saneti
1405 1936 1566 1970 Michaelis
1582 1936 1795 1980 hospitalibus
1809 1936 1972 1979 degentes,

1237 1990 1379 2024 fidelium
1398 1989 1608 2035 eleemosynis
1628 1989 1766 2033 amplius
1787 1989 1976 2022 adiuvaren-

1239 2045 1306 2087 tur)
1333 2043 1514 2087 magistris,
1542 2042 1874 2084 adn'rinistratoribus‚
1904 2042 1991 2076 ser-'⁷

1238 2098 1405 2138 vitoribus‚
1430 2108 1466 2131 ac
1490 2097 1560 2131 aliis
1584 2096 1730 2141 personis
1754 2106 1812 2140 pro
1831 2101 1978 2140 tempore

1239 2151 1446 2185 existentibus
1459 2150 1480 2191 ²,
1506 2155 1568 2184 tam
1597 2149 1697 2184 sancti
1723 2149 1859 2193 Remigii
1881 2160 1976 2194 quam

1240 2204 1284 2237 illi
1305 2204 1471 2237 unitorum
1492 2203 1699 2247 hospitalium
1722 2203 1976 2247 praedictorum,

1240 2259 1369 2292 illorum
1385 2259 1516 2301 fruetus,
1530 2258 1683 2299 redditus,
1699 2263 1884 2302 proventus,
1897 2257 1980 2291 elee—

1242 2322 1400 2356 mosynas,
1417 2317 1567 2356 quaestus
1585 2317 1616 2345 et
1632 2311 1812 2345 oblationes
1828 2321 1886 2355 pro
1904 2310 1981 2354 ipsis

1241 2366 1463 2410 hospitalibus,
1480 2375 1657 2409 eorumque
1675 2364 1982 2408 servitoribus,pau-

1242 2419 1372 2464 peribus
1407 2425 1436 2453 et
1469 2418 1622 2453 ministris
1653 2417 1868 2461 elargiendas,
1895 2417 1978 2451 reci-

1281 2517 1288 2543 1
1313 2517 1375 2543 Acta
1396 2523 1465 2552 qnae
1485 2515 1545 2542 heic
1560 2518 1587 2542 et
1607 2518 1702 2550 postea
1721 2514 1838 2541 citantur
1853 2514 1919 2541 Sixti
1937 2514 1981 2548 lV,

1243 2560 1386 2589 Alexandri
1401 2560 1444 2593 VI,
1461 2560 1522 2587 Iulii
1541 2560 1563 2587 ll
1576 2581 1581 2593 ‚
1597 2559 1693 2587 Leonis
1704 2559 1723 2587 X
1740 2564 1767 2587 et
1781 2559 1928 2587 Clementis
1939 2558 1983 2587 vlt

1243 2606 1270 2633 in
1286 2606 1364 2634 Bicll.
1383 2613 1416 2632 ne
1432 2604 1555 2640 requiras
1570 2605 1664 2638 (nm).

1278 2651 1294 2678 2
1314 2650 1444 2683 Erronee,
1461 2652 1578 2685 utputo,
1601 2648 1666 2677 edit.
1695 2648 1775 2676 Main.
1797 2648 1880 2677 habet
1898 2657 1982 2678 exer-

1243 2695 1371 2724 centibus
1385 2697 1425 2730 (n.
1437 2698 1472 2728 T).

1976 286 2025 312 An.
2047 284 2163 314 Crfflo'l‘

2025 1730 2172 1759 concessaque

1989 1757 2166 1810 ‘s‘utt‘i‘ssffiv
