2227 3241
255 331 440 361 An.C.1605

280 1138 400 1159 clausulae.

291 2588 387 2609 tnvectus
398 2588 449 2607 :ibu-

264 2621 299 2635 sus
309 2615 405 2640 exigendi
414 2614 449 2635 du-

265 2645 299 2669 plu
313 2645 358 2670 plus
374 2644 399 2664 ab
416 2645 447 2669 iis,

487 322 550 356 196

452 379 641 414 auctoritate
656 377 831 422 apostolica
844 376 1048 411 decernimus
1064 382 1099 410 ut
1113 377 1190 410 illud

453 430 537 463 idem
555 429 666 470 robur,
683 428 898 471 eamdemque
911 427 973 461 vim
992 433 1023 460 et.
1040 428 1189 461 eumdem

452 484 595 525 vigorem
616 482 720 516 dictus
742 486 834 515 tenor
851 482 883 514 in
901 481 1051 515 omnibus
1076 488 1107 515 et
1134 492 1192 526 per

452 536 561 570 omnia
574 536 700 577 habeat,
717 546 799 580 quae
816 535 974 569 haberent
991 535 1114 569 litterae
1128 535 1191 568 ori-

452 590 573 632 ginales
586 589 801 633 supradictae,
818 595 849 623 et
862 589 973 623 eadem
987 600 1118 633 prorsus
1132 588 1190 632 ipsi

453 643 555 677 tenori
573 643 653 677 fides
670 643 863 677 adhibeatur
875 643 1147 687 quandocumque
1161 648 1193 676 et

452 697 660 741 ubicumque,
681 697 745 730 sive
766 696 799 730 in
817 696 935 730 iudicio
951 696 1016 730 sive
1033 696 1121 737 alibi,
1136 696 1191 729 ubi

453 749 549 783 fuerit
566 749 726 783 exhibitus
744 755 775 783 et
795 756 952 792 ostensus,
972 755 1003 783 et
1022 749 1126 783 eidem
1149 755 1193 782 te-

452 803 524 836 nori
555 809 657 837 stetur
685 803 822 837 firmiter
852 803 884 836 in
909 803 1060 837 omnibus
1081 808 1112 836 et
1135 813 1193 846 per

451 867 509 900 per
529 857 648 898 omnia,
672 856 755 890 sicut
775 857 895 890 eisdem
915 856 1029 890 litteris
1050 856 1192 899 origina-

451 910 535 943 libus
554 915 705 951 staretur‚
733 910 758 944 si
780 911 886 944 forent
906 911 1066 945 exhibitae
1086 911 1135 944 vel
1159 920 1193 943 o-

451 968 587 997 stensae.
615 963 675 996 Per
694 963 756 998 hoc
783 969 892 997 autem
917 964 1042 997 nullum
1076 964 1124 997 ius
1154 963 1192 996 de

451 1026 534 1050 novo
560 1016 711 1061 cuiquam
736 1017 860 1062 acquiri
884 1017 1045 1059 volumus,
1065 1017 1120 1051 scd
1138 1027 1193 1050 an-

453 1070 578 1114 tiquum
603 1071 829 1105 tantummodo
851 1071 1046 1105 conservari.

499 1126 515 1166 3
536 1123 566 1157 3
591 1125 675 1158 Nulli
703 1135 779 1168 ergo
807 1125 941 1158 omnino
966 1125 1136 1158 hominum
1157 1124 1194 1157 li-

454 1183 524 1211 ceat
547 1178 630 1212 hanc
653 1178 805 1222 paginam
826 1178 928 1212 nostri
950 1178 1070 1212 decreti
1091 1184 1121 1211 et
1141 1189 1194 1212 vo-

453 1231 583 1265 luntatis
600 1231 786 1275 infringere,
806 1232 855 1265 vel
875 1232 902 1266 ei
921 1243 1000 1265 ausu
1021 1232 1194 1265 temerario

453 1283 630 1317 contraire:
659 1284 684 1318 si
714 1284 786 1329 quis
815 1290 921 1318 autem
951 1285 1012 1318 hoc
1037 1290 1195 1318 attentare

452 1337 724 1382 praesumpserit,
753 1337 1010 1381 indignationem
1037 1337 1191 1381 omnipo-

456 1391 550 1424 tentis
578 1391 655 1433 Dei,
684 1402 721 1425 ac
745 1392 914 1426 beatorum
941 1391 1026 1425 Petri
1051 1397 1082 1424 et
1106 1391 1193 1424 Pauli

455 1445 676 1488 apostolorum
692 1444 772 1486 eius,
788 1455 821 1479 se
833 1444 959 1479 noverit
973 1444 1191 1478 incursurum.

498 1498 613 1531 Datum
636 1499 758 1532 Romae
783 1499 869 1543 apud
885 1503 1032 1532 sanctum
1051 1499 1192 1540 Petrum,

456 1561 540 1584 anno
552 1552 785 1586 Incarnationis
793 1551 981 1586 Dominieae
990 1562 1072 1585 Mncv
1081 1558 1196 1596 quarto

456 1605 609 1639 kalendas
623 1605 713 1647 iunii,
729 1606 937 1650 pontificatus
958 1605 1059 1639 nostri
1076 1616 1160 1639 anno
1176 1616 1195 1639 1.

492 1667 548 1695 Dat.
571 1667 615 1695 die
634 1668 669 1696 29
683 1667 746 1695 maii
766 1668 846 1702 1605,
867 1667 964 1703 pontif.
986 1675 1056 1696 anno
1077 1674 1094 1695 1.

804 1796 840 1829 ll.

456 1876 521 1909 Sub
535 1886 642 1920 poena
655 1878 1002 1911 emcommuniectionis
1020 1877 1107 1910 latae
1120 1886 1198 1911 sen-

502 1931 622 1964 tentiae
641 1934 771 1964 cavetur
789 1931 966 1974 ,quominus
987 1935 1122 1964 rectores
1139 1942 1198 1974 pa-

501 1983 698 2017 rochialium
721 1983 929 2017 ecclesiarum
949 1984 1120 2017 Indiarum
1141 1984 1198 2019 Oc-

503 2037 715 2071 cidentalium
729 2037 938 2081 imposterum
955 2039 1112 2071 maiorem
1126 2037 1199 2071 elee-

501 2099 671 2134 mosynam
684 2090 786 2131 abiis,
799 2092 856 2134 qui
865 2091 901 2124 in
912 2090 1051 2124 ecclesiis
1066 2090 1199 2125 Ordinis

502 2143 726 2177 Eremilarum
752 2144 859 2177 sancti
886 2144 1073 2187 Augyustim,
1102 2154 1199 2188 quam

503 2197 542 2230 ab
559 2197 611 2237 iis,
630 2198 734 2241 quiin
750 2197 996 2240 parochialibus
1015 2198 1200 2232 huiusmodi

503 2251 711 2295 sepeliuntur,
738 2249 897 2295 avissent&

695 2340 806 2368 Paulus
827 2340 906 2374 Papa
925 2341 964 2373 V,

598 2395 634 2421 ad
653 2393 788 2421 futuram
807 2394 853 2421 rei
873 2393 1052 2421 memoriam.

506 2467 523 2508 g
547 2464 577 2498 l.
601 2465 788 2509 Expositum
817 2464 911 2498 nobis
935 2474 1040 2509 nuper
1061 2464 1119 2498 l'uit
1143 2475 1201 2509 pro

462 2524 552 2563 parte
582 2519 775 2553 dilectorum
807 2518 950 2552 filiorum
984 2518 1134 2563 Gasparis
1164 2519 1202 2552 de

463 2573 580 2607 Chaves
604 2572 840 2617 procuratoris,
864 2582 990 2606 necnon
1015 2572 1200 2616 provincia--

464 2626 542 2660 lium
568 2626 666 2661 totius
683 2625 811 2661 Ordinis
831 2626 966 2660 fratrum
987 2626 1201 2660 Eremitarum

502 2743 512 2769 1
537 2742 573 2770 Ex
595 2743 701 2779 Regest.
723 2742 749 2770 in
769 2742 873 2772 Secret.
891 2742 971 2770 Brcv.

1035 329 1218 354 BULLARlUM
1238 329 1392 353 ROMANUM

1225 377 1323 410 sancti
1339 375 1507 419 Augustini
1522 375 1683 408 Indiarum
1698 374 1963 416 Occidentalium,
1979 387 2015 417 qui
2031 393 2054 408 se
2071 387 2160 417 nituntur

1225 431 1311 474 quod
1329 436 1470 463 rectores
1495 428 1728 472 parochialium
1754 427 1962 462 ecclesiarum
1979 419 2052 461 {311ssoe
2062 414 2161 470 23¹3ssanss

1225 483 1388 516 Indiarum
1404 482 1644 526 praedictarum
1658 481 1721 514 iam
1738 481 1863 526 pridem
1877 481 1963 516 hunc
1979 468 2109 520 {giifflniffnffl
2121 467 2162 488 Μ’

1226 537 1362 570 abusum
1384 536 1656 577 introduxerunt,
1679 535 1848 577 videlicet,
1876 535 1964 579 quod

1226 590 1444 633 eleemosynas
1462 589 1561 633 duplo
1580 588 1719 622 maiores
1737 589 1776 622 ab
1798 584 1847 630 ii's,
1864 589 1919 632 qui
1933 589 1964 622 in

1226 642 1368 676 eeclesiis
1389 642 1560 675 domorum
1582 641 1726 675 eiusdem
1747 641 1873 675 Ordinis
1890 641 1966 675 Ere-

1227 697 1377 729 mitarum
1398 696 1500 729 sancti
1521 695 1707 739 Augustini,
1731 706 1827 740 quam
1853 695 1907 740 qui
1933 695 1965 728 in

1227 749 1466 793 parochialibus
1479 749 1664 783 huiusmodi
1678 749 1889 793 sepeliuntur,
1906 747 1967 782 exi-

1227 813 1301 844 gere
1327 808 1623 847 praesumpserunt,
1652 809 1692 844 et,
1716 807 1751 836 ut
1780 801 1907 843 dicitur,
1934 801 1966 834 in

1228 856 1288 889 hoc
1312 856 1556 889 Ordinariorum
1578 848 1733 897 suorum',
1763 856 1818 900 qui
1843 861 1966 900 partem

1228 909 1506 954 eleemosynarum
1541 909 1727 943 huiusmodi
1759 908 1964 953 percipiunt,

1228 962 1364 996 consilio
1389 968 1420 996 et
1445 963 1587 996 assensui
1608 963 1765 996 nituntur.

1273 1017 1287 1060 g
1308 1016 1338 1049 ⁶2.
1363 1016 1442 1050 Cum
1463 1022 1581 1057 autem,
1606 1016 1688 1050 sicut
1708 1016 1820 1050 eadem
1843 1016 1968 1061 exposi-

1230 1069 1273 1103 tio
1298 1069 1534 1112 subiungebat,
1566 1070 1713 1114 plerique
1745 1069 1968 1104 christifideles

1229 1123 1261 1156 in
1282 1123 1440 1156 dictarum
1467 1123 1639 1157 domorum
1664 1123 1817 1165 ecclesiis,
1845 1123 1887 1157 ob
1907 1123 1967 1156 dif-

1231 1177 1404 1211 tieultatem
1437 1178 1484 1211 ius
1516 1177 1597 1211 adeo
1629 1187 1803 1211 onerosum
1837 1178 1964 1222 persol-

1229 1231 1344 1271 vendi,
1365 1231 1501 1274 ’sepeliri
1532 1241 1565 1264 se
1598 1231 1702 1264 facere
1726 1241 1792 1265 non
1819 1231 1965 1275 possint,

1229 1295 1293 1329 quo
1324 1284 1359 1317 fit
1383 1290 1418 1318 ut
1442 1285 1596 1318 ecclesiae
1617 1284 1802 1318 huiusmodi
1825 1290 1966 1318 mortuo·
2017 1298 2026 1305 ·

1229 1349 1300 1371 rum
1325 1338 1499 1382 sepulturis
1520 1344 1550 1371 et
1574 1343 1811 1382 consequenter
1831 1338 1970 1372 eleemo-

1228 1391 1312 1436 synis
1331 1391 1362 1424 in
1381 1391 1447 1425 dies
1466 1391 1535 1425 fieri
1554 1392 1715 1425 consuetis
1732 1392 1969 1436 propemodum

1229 1446 1413 1489 priventur:
1443 1445 1563 1479 idcirco
1583 1456 1642 1489 pro
1667 1452 1757 1490 parte
1778 1445 1968 1479 eorumdem

1228 1499 1378 1543 Gasparis
1409 1499 1628 1543 procuratoris
1659 1505 1690 1533 et
1719 1499 1968 1544 provincialium

1229 1552 1322 1586 nobis
1346 1553 1512 1586 humiliter
1532 1552 1748 1596 supplicatum
1774 1552 1852 1591 suit,
1878 1559 1914 1586 ut
1938 1553 1970 1586 in

1230 1606 1415 1650 praemissis
1433 1612 1614 1650 opportune
1634 1607 1805 1651 providere
1825 1607 1864 1640 de
1879 1607 1971 1640 beni-

1230 1659 1351 1702 gnitate
1371 1659 1547 1704 apostolica
1567 1659 1788 1702 dignaremur.

1275 1714 1291 1754 ἓ
1312 1711 1342 1745 3.
1362 1713 1425 1746 Nos
1443 1712 1540 1755 igitur
1556 1712 1744 1746 huiusmodi
1761 1713 1880 1747 abusus
1900 1723 1970 1748 om-

1231 1766 1307 1799 nino
1327 1766 1450 1807 tollere,
1471 1777 1507 1799 ac
1524 1766 1599 1799 dicti
1617 1766 1744 1800 Ordinis
1761 1767 1972 1802 commodita-

1233 1820 1316 1854 tibus
1337 1826 1367 1854 et
1386 1820 1623 1865 propagationi,
1645 1825 1801 1864 quantum
1820 1831 1891 1854 eum
1909 1821 1970 1855 Do·
2068 1858 2072 1862 ,
2203 1837 2206 1866 ς

1232 1873 1320 1907 mino
1340 1884 1513 1918 possumus
1527 1901 1534 1915 ,
1562 1874 1749 1920 prospicere
1780 1873 1945 1918 cupientes
1959 1901 1967 1916 ,
1985 1857 2179 1915 lelllssnssllgl,
2202 1870 2206 1932 1

1232 1927 1417 1960 huiusmodi
1442 1927 1729 1971 supplicationibus
1754 1927 1909 1970 inclinati,
1933 1938 1970 1962 ex
1985 1911 2169 1971 {gffuiiffrssiss'giiff
2205 1955 2207 1957 .

1232 1987 1304 2015 voto
1340 1981 1572 2014 venerabilium
1613 1981 1747 2014 fratrum
1782 1986 1968 2016 nostrorum
1985 1964 2170 2022 giiidssnobfiiiriissssf

1232 2035 1262 2068 S.
1289 2035 1325 2068 R.
1349 2034 1382 2067 E.
1408 2034 1619 2068 cardinalium
1640 2045 1737 2079 super
1761 2035 1969 2069 consultatio·
1985 2016 2171 2076 {kgssnafefssipffi

1232 2088 1326 2121 nibus
1344 2094 1375 2121 et
1394 2088 1530 2131 negotiis
1551 2088 1777 2132 episcoporum
1796 2094 1826 2122 et
1844 2090 1971 2132 regula·
1983 2070 2173 2136 ffi'lffff'lss‘lllftlissi
2198 2089 2203 2132 j
2224 2126 2227 2131 ι

1233 2142 1317 2174 rium
1339 2142 1578 2186 deputatorum,
1606 2142 1757 2176 omnibus
1781 2148 1813 2176 et
1838 2142 1971 2186 singulis
1986 2126 2114 2148 ‘emmae'
2198 2135 2201 2187 ζῖ
2223 2142 2227 2149 “

1234 2195 1469 2238 parochialium
1502 2195 1712 2229 ecelesiarum
1748 2195 1972 2230 universarum

1234 2249 1397 2282 Indiarum
1411 2249 1665 2282 Occidentalium
1679 2249 1870 2291 rectoribus,
1887 2258 1975 2283 nunc

1235 2308 1266 2336 et
1283 2313 1341 2346 pro
1360 2308 1504 2347 tempore
1521 2302 1739 2343 existentibus,
1759 2302 1875 2336 harum
1892 2303 1975 2337 serie

1236 2356 1458 2390 interdicimus
1478 2362 1509 2389 et
1528 2355 1738 2400 prohibemus
1758 2356 1898 2400 (necnon
1915 2356 1974 2390 sub
2196 2393 2197 2402 ἵ

1237 2410 1578 2444 excommunicationis
1596 2409 1728 2443 maioris
1746 2409 1829 2443 latae
1848 2415 1976 2443 senten·
2196 2401 2213 2448 gl

1238 2463 1298 2497 tiae
1322 2465 1437 2507 poena,
1466 2474 1484 2497 a
1508 2474 1572 2508 qua
1597 2462 1726 2497 nonnisi
1754 2473 1772 2496 a
1802 2463 1896 2497 nobis
1920 2473 1976 2497 seu

1237 2517 1382 2550 Romano
1396 2516 1550 2550 Pontifice
1568 2527 1627 2561 pro
1646 2521 1791 2560 tempore
1808 2516 1973 2558 existente,

1237 2576 1463 2615 praeterquam
1489 2570 1522 2603 in
1546 2570 1659 2604 mortis
1685 2569 1834 2611 articulo,
1855 2569 1975 2603 absolvi

1236 2623 1386 2668 possint),
1408 2622 1460 2657 ne¹
1480 2633 1517 2657 ex
1534 2633 1620 2657 nunc
1639 2622 1792 2668 deinceps
1811 2622 1975 2668 perpetuis

1979 325 2029 354 tm.
2046 325 2075 354 c.
2095 325 2171 356 1603.
2217 309 2227 370 l

2225 374 2227 406 1

2224 441 2227 487 l

2224 496 2227 531 l

2009 1137 2107 1158 Petitur-a
2116 1137 2167 1158 Pun-

1982 1164 2037 1185 unco
2046 1164 2168 1185 remedium.

1274 2742 1283 2768 l
1305 2740 1463 2768 Particulam
1478 2749 1514 2768 ne
1529 2739 1728 2776 adiungendam
1739 2739 1862 2768 duximus
1876 2740 1972 2776 (uxr.)-
