2227 3241
265 292 316 318 An.
330 291 360 317 e.
383 289 450 317 1608
494 279 558 314 486

464 336 627 378 dulgendi3
651 345 687 369 ae
711 334 807 368 etiam
833 334 995 374 omnibus,
1020 339 1052 367 et
1069 333 1205 378 quibus-

464 399 601 432 cumque
639 388 785 432 personis
822 387 1044 420 ecclesiasticis
1059 414 1066 427 ,
1109 387 1203 420 etiam

463 441 624 485 praelatiS,
649 447 682 474 ut
702 442 742 475 de
761 441 852 474 bonis
877 446 908 474 et
927 441 1022 474 rebus
1040 439 1205 473 ecclesias-

465 494 546 534 ticis,
567 494 652 528 iuxta
672 494 807 527 sormam
830 494 861 526 in
875 494 1049 537 quintemo
1074 492 1206 528 Cancel-

465 547 561 580 lariae
582 547 784 591 Apostolicae
809 547 1014 587 adnotatam,
1041 547 1148 580 testari
1175 553 1206 580 et

463 600 635 644 disponere
655 600 755 634 libere
782 606 813 633 et
839 600 923 634 licite
945 601 1080 641 valeant,
1100 600 1202 633 facul-

464 659 559 686 tatem
581 653 800 694 concedendi;
824 659 951 697 tempus
965 663 1096 697 quoque
1115 663 1206 696 prae-

466 705 563 739 fixum
591 706 843 750 exequutoribus
867 706 1056 740 ultimarum
1087 707 1203 739 volun-

465 765 564 792 tatum
586 760 625 793 ad
646 759 715 793 illas
739 760 962 803 exequendum
983 759 1203 803 prorogandi,

464 813 612 857 ipsasque
631 814 760 847 ultimas
785 814 965 847 voluntates
985 814 1018 846 in
1036 814 1115 846 alios
1135 813 1206 857 pios

463 878 538 900 usus
564 868 804 908 commutandi,
832 874 863 900 et
888 868 936 911 (ut
960 866 1202 906 eoncessiones,

464 920 597 962 gratiae,
612 931 648 953 ac
669 920 794 953 litterae
815 931 872 963 per
886 926 915 953 te
932 920 1041 963 vigore
1060 929 1207 963 praesen-

465 973 542 1006 tium
572 974 798 1007 concedendae
813 1001 820 1014 ,
843 973 978 1007 sublatis
1009 972 1201 1012 obstaculis,

462 1036 556 1059 suum
586 1026 763 1060 sortiantur
788 1026 956 1069 effectum)
984 1036 1204 1069 quascumque

463 1089 616 1122 personas
641 1080 693 1123 (ad
719 1079 868 1112 ell'ectum
894 1079 1040 1112 omnium
1057 1107 1064 1119 ,
1085 1083 1114 1113 et
1139 1079 1204 1111 sin-

462 1133 612 1174 gulorum
631 1133 883 1176 praemissorum
907 1134 1073 1166 dumtaxat
1094 1142 1205 1166 conse-

463 1186 696 1229 quendumat»
717 1186 868 1219 omnibus
891 1193 922 1219 et
945 1186 1205 1230 quibuscumque

463 1239 813 1280 excommunicationis,
839 1240 1067 1283 suspensionis,
1096 1245 1125 1273 et
1151 1239 1201 1272 in-

465 1292 603 1332 terdicti,
625 1293 759 1336 aliisque
778 1293 1001 1326 ecclesiasticis
1025 1292 1202 1333 sententiis,

463 1345 617 1385 censuris,
639 1352 666 1378 et
687 1345 808 1389 poenis.
822 1356 839 1378 a
853 1346 922 1379 iure
944 1346 990 1379 vel
1009 1346 1048 1378 ab
1062 1346 1204 1387 bomine,

462 1398 574 1442 quavis
593 1399 763 1432 occasione
789 1399 834 1432 vel
862 1401 956 1432 causa
977 1399 1058 1439 latis,
1081 1400 1106 1432 si
1132 1399 1204 1443 qui-

463 1453 522 1485 bus
535 1453 779 1496 quomodolibet
802 1453 944 1486 innodati
964 1453 1082 1486 fuerint
1099 1454 1205 1497 (dum-

463 1506 560 1539 modo
580 1506 610 1538 in
625 1506 670 1539 eis
684 1517 741 1549 per
754 1517 874 1539 annum
889 1516 952 1539 non
973 1506 1204 1548 insorduerint)

462 1559 665 1600 absolvendi,
694 1566 725 1592 et
748 1560 912 1593 absolutos
939 1560 1006 1593 fore
1031 1560 1202 1600 censendi,

463 1612 609 1656 vicesque
625 1619 693 1645 tuas
708 1612 737 1644 in
751 1613 946 1656 praemissis,
965 1613 1029 1646 sire
1050 1613 1205 1646 universis

461 1665 526 1698 sive
543 1666 687 1707 singulis,
708 1666 943 1706 coi‘imiittendi,
968 1666 1088 1699 iudices
1112 1666 1205 1699 assis-

462 1725 575 1759 tentes,
596 1719 845 1758 commissarios,
866 1725 896 1752 et
916 1725 1128 1762 exequutores
1146 1729 1204 1762 pro

462 1773 704 1816 praedictorum
726 1780 753 1805 ct
778 1773 955 1805 litterarum
980 1778 1107 1806 tuarum
1134 1784 1205 1806 exc-

462 1826 616 1870 quutione
636 1833 666 1859 et
684 1826 907 1860 observatione
921 1827 1101 1867 delegandi,
1120 1837 1205 1860 man-

461 1880 546 1919 data,
570 1879 815 1923 prohibitiones,
837 1885 867 1912 et
894 1880 1077 1920 monitoria,
1105 1879 1202 1912 etiam

460 1933 520 1965 sub
546 1933 689 1966 censuris
720 1938 751 1965 et
779 1932 849 1965 aliis
877 1933 989 1976 poenis
1021 1933 1203 1976 praedictis,

462 1987 662 2030 caeterisque
681 1987 737 2020 tibi
763 1987 920 2020 benerisis
941 1987 1103 2027 remediis,
1121 1993 1151 2020 et
1172 1997 1203 2020 e-

462 2041 538 2074 tiam
555 2041 770 2084 appellatione
790 2041 979 2084 postposita,
995 2041 1199 2082 decernendi,

462 2105 499 2128 ac
516 2095 625 2128 omnia
652 2100 683 2127 et
710 2105 934 2138 quaecumque
960 2094 1021 2127 alia
1046 2094 1077 2126 in
1103 2104 1199 2138 prae-

463 2147 566 2181 missis
587 2153 617 2180 et
643 2147 727 2180 circa
749 2158 785 2180 ea
805 2147 986 2181 necessaria
1008 2153 1038 2180 et
1067 2157 1203 2190 quomo—

463 2201 585 2233 dolibet
598 2206 781 2244 opportuna
795 2200 943 2240 faciendi,
965 2200 1159 2233 decernendi
1174 2205 1201 2233 et

463 2254 652 2298 exequendi,
667 2253 761 2287 etiam
777 2263 833 2297 per
846 2253 958 2293 alium,
977 2263 1034 2286 scu
1045 2253 1135 2293 alios,
1152 2264 1204 2285 au-

462 2307 608 2340 ctoritate
621 2307 794 2351 apostolica
809 2307 984 2351 praedicta,
994 2312 1102 2340 tenore
1116 2317 1204 2350 prae-

460 2360 611 2401 sentium,
628 2361 756 2404 plenam
771 2366 801 2393 et
820 2360 954 2393 liberam
977 2360 1160 2393 facultatem
1175 2365 1202 2392 et

462 2409 685 2447 auctoritatem
705 2413 911 2446 concedimus
925 2419 956 2446 et
970 2413 1185 2455 indulgemus.

507 2469 523 2510 ἓ
544 2467 596 2500 17.
621 2468 837 2501 Deecruentes
856 2473 884 2500 te
902 2467 1052 2500 omnibus
1071 2467 1202 2500 faculta-

461 2521 544 2556 tibus
568 2527 599 2555 ct
625 2521 886 2555 concessionibus
906 2520 1088 2564 praedictis,
1108 2520 1203 2554 ctiam

461 2585 534 2608 cum
560 2574 834 2617 derogationibus,
858 2574 1133 2618 suspensionibus,
1157 2574 1204 2606 iu-

461 2628 574 2668 dultis,
611 2628 820 2668 irritantibus,
844 2627 977 2671 aliisque
1010 2627 1146 2661 decretis
1174 2632 1204 2660 et

463 2682 612 2716 clausulis
632 2681 821 2716 necessariis
842 2687 872 2716 et
889 2681 1092 2725 opportunis,
1116 2691 1153 2715 ae
1171 2680 1200 2714 in

1044 286 1220 311 BULLARIUM
1244 285 1395 310 ROMANUM
1919 288 1936 307 ο

1238 333 1351 367 litteris
1371 331 1554 376 apostolicis
1570 331 1702 365 concedi
1730 337 1761 365 et
1781 331 1907 366 extendi
1924 340 1976 365 so-

1240 387 1313 427 litis,
1335 386 1451 428 eundo,
1472 385 1586 419 stando
1611 391 1642 418 et
1666 385 1831 419 redeundo
1856 385 1887 418 in
1906 384 1978 429 qui-

1240 439 1440 482 buscumque
1463 438 1618 482 partibus,
1647 437 1764 480 regniS,
1790 437 1974 481 provinciis,

1240 492 1344 532 terris,
1369 492 1548 525 civitatibus
1574 497 1605 525 et
1629 491 1708 525 loeis
1732 490 1915 534 praedictis,
1937 490 1977 524 ad

1239 556 1321 589 quae
1340 553 1368 579 te
1390 545 1552 578 declinare
1578 555 1615 579 ae
1641 544 1737 578 etiam
1755 544 1875 578 morari
1895 554 1974 578 eon-

1241 599 1357 641 tigerit,
1387 604 1417 631 et
1442 609 1514 632 cum
1541 598 1687 642 personis
1712 598 1854 638 illorum,
1882 597 1977 631 etiam

1239 652 1438 695 alienigenis,
1458 652 1685 696 undecumque
1709 651 1750 685 ad
1771 657 1800 685 te
1826 651 1979 685 venienti-

1240 705 1310 745 bus,
1334 715 1460 739 necnon
1480 704 1693 738 familiaribus
1718 704 1779 738 tuis
1793 731 1800 745 ,
1828 704 1928 738 libere
1947 709 1979 738 et

1241 759 1325 792 licite
1342 759 1386 792 uti
1405 768 1508 802 posse,
1522 769 1559 792 ae
1576 758 1608 791 in
1622 757 1979 801 concessionibus,pro-

1239 811 1424 853 visionibus,
1447 819 1477 845 et
1497 811 1567 845 aliis
1588 811 1864 856 dispositionibus,
1881 810 1978 845 etiarn

1241 866 1278 899 de
1296 865 1472 906 beneficiis,
1497 865 1631 909 aliisque
1657 865 1767 908 gratiis
1792 876 1851 909 per
1871 871 1901 899 te
1919 875 1978 899 au-

1240 919 1386 953 ctoritate
1410 919 1629 963 praesentium
1651 924 1789 963 tuaeque
1809 918 1978 962 legationis

1239 972 1400 1013 faciendis,
1426 972 1485 1005 soli
1510 972 1689 1006 narrativae
1714 978 1798 1013 tuae,
1826 977 1857 1006 et
1881 971 1977 1006 etiam

1238 1025 1314 1058 solis
1335 1025 1595 1059 concessionibus
1623 1031 1653 1058 et
1678 1025 1791 1059 litteris
1808 1025 1882 1066 tuis,
1905 1025 1978 1060 ahs-

1239 1089 1302 1123 que
1324 1079 1384 1112 alia
1411 1078 1631 1122 praesentium
1652 1079 1826 1112 insertione
1850 1079 1908 1113 seu
1927 1089 1979 1112 ex-

1240 1131 1407 1171 hibitione,
1425 1137 1479 1164 aut
1494 1131 1611 1165 notarii
1630 1132 1797 1165 testiumve
1811 1131 1979 1166 adhibitio-

1240 1195 1289 1226 ne,
1310 1185 1400 1225 stari,
1420 1195 1479 1218 nec
1500 1185 1539 1218 ad
1565 1184 1597 1218 id
1622 1184 1753 1218 alterius
1778 1184 1980 1228 probationis

1238 1239 1471 1272 adminiculum
1497 1238 1633 1282 requiri,
1661 1238 1771 1282 sicque
1794 1249 1853 1283 per
1876 1249 1976 1283 quos-

1239 1303 1378 1335 cumque
1400 1292 1520 1325 iudices
1540 1291 1722 1325 ordinarios
1753 1297 1782 1325 et
1805 1291 1978 1335 delegatos,

1239 1345 1334 1378 ctiam
1357 1356 1526 1379 causarum
1553 1345 1665 1378 Palatii
1686 1344 1861 1389 Apostolici
1886 1345 1978 1378 audi-

1240 1406 1341 1439 tores,
1366 1410 1402 1432 ae
1426 1399 1456 1432 S.
1484 1400 1518 1432 P..
1538 1399 1571 1432 E.
1593 1399 1783 1439 cardinales,
1809 1399 1840 1432 in
1870 1398 1979 1443 quavis

1239 1455 1332 1486 causa
1353 1460 1379 1486 et
1404 1452 1554 1486 instantia
1572 1452 1711 1496 (sublata
1738 1452 1783 1486 eis
1813 1458 1844 1485 et
1865 1462 1979 1485 eorum

1239 1506 1369 1539 cuilibet
1391 1505 1502 1550 quavis
1519 1505 1611 1539 aliter
1632 1505 1796 1539 iudicandi
1824 1511 1855 1538 et
1880 1505 1979 1539 inter-

1239 1556 1385 1602 pretandi
1408 1559 1566 1598 facultate,
1591 1564 1621 1591 et
1638 1558 1841 1601 auctoritate)
1859 1558 1979 1602 ubique

1240 1612 1373 1645 iudicari
1398 1612 1429 1645 ct
1450 1612 1577 1645 definiri
1600 1612 1729 1651 debere,
1753 1611 1879 1645 irritum
1899 1622 1980 1656 quo—

1239 1676 1300 1709 que
1318 1671 1346 1698 et
1374 1666 1467 1698 inane
1491 1665 1515 1697 si
1542 1675 1634 1698 secus
1657 1675 1755 1708 super
1780 1664 1828 1698 liis
1857 1675 1875 1698 a
1892 1675 1976 1708 quo-

1238 1729 1334 1761 quam
1368 1718 1480 1761 quavis
1517 1717 1724 1758 auctoritate,
1758 1717 1896 1751 scienter
1931 1717 1978 1750 vel

1240 1772 1434 1811 ignoranter,
1451 1772 1618 1812 contigerit
1640 1771 1800 1805 attentari.

1282 1828 1298 1867 g
1324 1825 1376 1858 118.
1400 1825 1469 1859 Non
1498 1825 1698 1858 obstantibus
1727 1825 1918 1865 defectibus,
1946 1831 1977 1859 et

1237 1879 1306 1912 aliis
1327 1878 1510 1922 praedictis,
1539 1889 1575 1911 ac
1600 1879 1639 1911 de
1664 1884 1752 1912 certo
1776 1878 1977 1912 notariorum

1238 1941 1385 1972 numero,
1407 1932 1530 1965 etiamsi
1549 1932 1587 1965 ad
1603 1932 1681 1965 illud
1694 1932 1839 1965 nondum
1858 1931 1976 1966 deven-

1239 1992 1304 2019 tum
1325 1986 1376 2027 sit‚
1400 1997 1437 2019 ae
1461 1995 1744 2029 quorumcumque
1764 1984 1978 2019 conciliorum

1237 2039 1485 2079 universalium,
1509 2039 1754 2083 provincialium
1781 2044 1813 2072 et
1835 2038 1975 2083 synoda-

1238 2092 1337 2131 lium,
1365 2102 1490 2125 necnon
1518 2092 1590 2135 piae
1619 2092 1796 2126 memoriae
1824 2090 1978 2125 Bonifaeii

1237 2147 1341 2190 Papae
1367 2145 1444 2187 Vlll,
1464 2146 1722 2190 praedecessoris
1748 2145 1860 2185 nostri,
1883 2145 1979 2179 etiam

1238 2201 1276 2233 (le
1296 2202 1360 2233 uua
1381 2205 1411 2233 et
1432 2200 1471 2233 de
1491 2200 1616 2233 duabus
1633 2200 1736 2239 dietis,
1758 2210 1793 2232 ac
1817 2199 1887 2232 aliis
1907 2209 1980 2243 apo-

1237 2253 1367 2293 stolicis,
1391 2263 1427 2286 ac
1454 2253 1483 2285 in
1510 2252 1759 2297 provincialibus
1784 2258 1814 2285 et.
1838 2251 1978 2296 synoda-

1238 2306 1320 2338 libus
1338 2305 1483 2339 conciliis
1497 2305 1601 2343 editis,
1618 2305 1822 2347 generalibus
1842 2304 1888 2338 vel
1909 2314 1980 2348 spe-

1238 2359 1393 2400 cialibus,
1421 2358 1703 2392 constitutionibus
1735 2363 1766 2392 et
1794 2357 1975 2390 ordinatio-

1237 2413 1354 2453 nibus,
1384 2423 1510 2446 necnon
1537 2411 1750 2446 Cancellariac
1778 2410 1979 2455 Apostolicae

1238 2466 1367 2509 regulis,
1390 2465 1487 2499 nullis
1512 2475 1644 2509 prorsus
1669 2463 1818 2508 exceptis,
1839 2469 1869 2497 et
1893 2473 1974 2507 quae

1237 2519 1422 2561 singillatim
1443 2519 1475 2552 in
1495 2529 1624 2563 quaque
1648 2528 1682 2551 re
1707 2516 1843 2561 exprimi
1867 2522 1899 2551 et
1923 2527 1978 2550 ex-

1239 2573 1323 2606 tendi
1341 2573 1473 2616 possint,
1495 2571 1619 2605 statutis
1646 2580 1774 2614 quoque
1795 2576 1825 2603 et
1844 2580 1978 2603 cousue-

1237 2626 1400 2659 tudinibus
1425 2624 1651 2663 ecclesiarum,
1680 2624 1971 2662 monasteriorum,

1236 2679 1462 2724 capitulorum,
1484 2683 1710 2718 conventuum,
1738 2686 1864 2711 necnon
1894 2676 1968 2709 uni-

1990 283 2041 309 An.
2055 281 2085 310 C.
2104 281 2187 314 1608,

2063 1810 2176 1837 nerogatio

1993 1839 2067 1859 contra
2071 1838 2156 1860 riorum.
