2227 3241
224 268 273 295 An.
289 268 316 295 C.
341 267 407 312 ¹699

254 1404 374 1426 Exordium.

198 1725 210 1735 ⁸
255 1725 350 1745 Ctmnnns
367 1722 411 1744 VIII

241 1752 380 1777 prohibui-rat
396 1766 400 1773 v

229 1784 340 1803 quonimus
369 1778 412 1797 sru-

229 1807 270 1825 tres
286 1805 347 1825 liuius
359 1804 412 1824 (lun-

229 1832 357 1857 greuatinuis
379 1836 411 1850 sa-

226 1859 412 1880 crisimtiarontur.

453 259 517 293 570
995 268 1176 293 BULLARIUM

423 316 629 352 inten(limus;
644 325 716 348 cum
732 315 917 348 intentionis
930 321 1058 349 nostrae
1071 316 1164 349 suerit

425 369 621 402 maiestatem
648 375 733 401 tuam
760 368 848 402 noris
872 369 1032 402 favoribus
1052 379 1162 412 prose—

423 423 488 466 qui,
509 432 574 454 non
595 426 700 454 autem
720 421 832 455 tollere
850 432 1001 466 capquae
1019 421 1066 455 sui
1085 422 1162 455 iuris

421 480 504 508 sunt.

464 528 578 560 Datum
600 527 721 560 Romae
741 527 827 570 apud
847 533 990 561 sanetum
1017 528 1158 566 Petrum,

421 581 479 614 sub
494 581 612 613 annulo
625 580 795 613 piscatoris
810 580 861 614 die
875 591 918 615 vu
932 581 1041 625 aprilis
1054 591 1160 623 Mnfflx,

422 634 627 678 pontificatus
644 634 744 667 nostri
763 644 847 667 anno
869 645 910 667 iv.

458 696 516 723 Dat.
533 696 575 724 die
597 696 610 722 7
632 695 722 732 aprilis
742 696 818 729 1609,
840 696 936 731 pontif.
959 704 1001 724 an.
1025 703 1058 723 tv.

716 856 870 889 CXXXIII.

425 952 516 994 Quod
536 962 622 986 intus
644 963 682 986 ex
699 953 918 995 confratribus
937 953 1162 997 Coum—cyano-

466 1008 517 1039 πίε
541 1006 678 1040 [ommis
704 1006 762 1039 Det
782 1011 991 1050 necncupatac
1019 1007 1055 1040 iit
1080 1014 1162 1050 qua-

468 1060 543 1092 libet
564 1060 655 1092 domo
674 1059 818 1093 eiusdem
837 1061 1102 1103 Coitgsreyulionis
1123 1061 1165 1094 ad
1180 1071 1181 1076 ¹

463 1113 912 1156 presbyteratumpromorcri
921 1117 949 1147 et
960 1119 1164 1148 sacramenta
1180 1127 1181 1142 ι

467 1166 704 1199 administrare
720 1167 821 1209 possit
832 1167 850 1199 ¹.

669 1252 779 1282 Paulus
800 1256 879 1289 Papa
898 1256 930 1288 V,

549 1309 585 1336 atl
605 1311 783 1343 perpetuam
797 1309 843 1336 rei
859 1309 1041 1337 memoriam.

470 1382 556 1414 Inter
579 1381 657 1414 alias
676 1386 806 1414 nostrae
824 1381 992 1425 pastoralis
1009 1382 1166 1416 sollieitu-
1182 1376 1184 1411 ἒ

427 1435 510 1469 dinis
531 1445 634 1476 curas,
660 1435 776 1479 quibus
793 1434 987 1478 premimur,
1006 1435 1085 1469 haec
1103 1446 1167 1469 una

425 1489 599 1534 praecipua
629 1491 695 1529 est,
725 1494 760 1523 ut
780 1499 845 1522 non
870 1490 974 1522 solum
993 1489 1109 1523 Christi
1128 1490 1166 1522 fi-
1183 1499 1185 1503 ⁴

426 1543 513 1576 deles
534 1542 565 1575 in
586 1548 726 1585 egestate
752 1542 917 1576 constituti
943 1542 1167 1586 corporalibus

426 1595 505 1629 cibis
526 1595 731 1637 reficiantur,
754 1596 809 1629 sed
835 1595 1056 1639 spiritualibus
1073 1606 1166 1639 prae-

426 1649 534 1682 sertim
553 1649 714 1682 alimoniis
734 1649 975 1682 confoveantur.
1183 1689 1184 1695 ἵ

472 1704 488 1744 ξ
514 1702 539 1734 l.
563 1702 639 1735 Cum
662 1702 789 1746 itaque,
813 1702 895 1735 sicut
916 1701 1108 1750 dilectorum
1131 1701 1184 1734 [Ἡ

428 1755 545 1788 liorum
578 1755 686 1788 vicarii
717 1755 876 1797 generalis
905 1761 936 1788 et
967 1756 1185 1796 confratrum,

427 1809 689 1852 Congregationis
708 1809 835 1842 loannis
851 1809 905 1842 Dei
922 1809 1054 1842 nomine
1074 1809 1167 1842 nobis

427 1873 532 1906 nuper
552 1863 730 1906 expositum
749 1863 827 1903 suit,
851 1873 963 1896 omnes
984 1863 1098 1896 domus
1119 1873 1168 1896 re-

427 1916 553 1958 gulares
570 1915 833 1958 Congregationis
850 1915 1034 1959 praedictae
1053 1926 1168 1958 magna
1184 1935 1185 1938 =

427 1970 634 2003 incommoda
667 1974 698 2002 et
729 1969 845 2002 damna
875 1969 1039 2013 patiantur
1063 1980 1100 2002 ex
1129 1979 1167 2002 eo

427 2024 512 2067 quod
534 2024 673 2067 quadam
691 2023 924 2057 Constitutione
943 2023 1042 2056 felicis
1061 2033 1167 2056 recor-

427 2076 564 2110 dationis
592 2076 762 2109 Clementis
794 2077 898 2120 Papae
925 2076 989 2109 vul
1025 2077 1167 2120 praede—

427 2130 562 2163 cessoris
586 2130 705 2170 nostri,
739 2130 810 2163 data
832 2130 883 2163 die
911 2131 996 2163 nona
1023 2135 1164 2173 septem-

428 2183 493 2216 bris
521 2183 691 2217 millesimo
713 2184 971 2227 quingentesimo
997 2184 1167 2226 nonagesi-

429 2247 480 2269 mo
500 2243 599 2277 sexto,
621 2238 827 2280 pontificatus
847 2238 894 2270 sui
917 2248 1002 2271 anno
1016 2237 1067 2278 v2,
1086 2238 1168 2271 inter

428 2290 490 2323 alia
519 2290 733 2323 confratribus
766 2291 868 2323 dictae
904 2291 1168 2333 Congregationis

429 2354 578 2377 ascensus
593 2345 630 2376 ad
645 2355 752 2377 sacros
765 2345 893 2377 ordines
908 2344 1094 2378 interdictus
1108 2350 1165 2382 est,

428 2397 585 2441 siquidem
602 2397 803 2442 presbyteros
818 2399 1009 2438 saeculares,
1026 2398 1081 2441 qui
1096 2408 1169 2442 pau-

429 2462 542 2495 perum
561 2451 593 2484 in
611 2446 761 2484 domibus
776 2451 946 2495 praedictis
960 2458 1166 2496 exceptorum

468 2542 475 2566 1
502 2541 537 2566 1)st
557 2540 636 2567 huius
657 2540 877 2575 Congregationis
898 2540 1065 2568 institutione
1086 2541 1169 2568 habes

428 2585 453 2611 in
470 2585 511 2611 Pii
526 2585 545 2611 V
561 2586 672 2612 Constit.
693 2592 769 2612 cxciv
786 2586 862 2613 Licet
878 2585 916 2620 (in
934 2585 958 2612 b.
973 2594 1000 2612 n.
1014 2586 1077 2613 edit.
1094 2594 1169 2613 ccxiv

429 2630 454 2656 in
471 2633 535 2656 tom.
552 2638 588 2656 vii
606 2639 665 2665 pag.
681 2630 753 2659 95Ἣ.

464 2674 480 2701 2
501 2674 658 2702 Huiusmodi
673 2675 771 2710 legitur
786 2675 812 2701 in
829 2678 892 2702 tom.
909 2683 925 2702 x
942 2682 1001 2710 pag.
1018 2675 1069 2702 296
1079 2676 1166 2710 tunm).

1201 268 1354 294 ROMANUM

1197 316 1413 351 consessiones
1433 317 1567 350 audiant
1593 323 1625 351 et
1650 324 1851 353 sacramenta
1871 320 1931 353 mi-

1198 370 1331 403 nistrent
1360 381 1396 403 ae
1428 370 1666 412 agonizantium
1688 370 1810 405 animas
1831 372 1934 406 omni-

1197 422 1317 465 potenti
1338 422 1403 456 Deo
1424 423 1662 463 commendent,
1689 422 1808 456 habere
1842 424 1934 458 valde

1197 475 1449 519 dispendiosum,
1466 478 1507 516 et,
1525 475 1612 519 quod
1626 475 1766 509 deterius
1783 481 1841 517 est,
1858 476 1933 511 dieti

1195 529 1372 574 presbyteri
1393 529 1573 562 saeculares
1589 534 1662 573 post
1679 528 1876 563 celebratum
1894 529 1933 564 ab

1196 581 1233 615 iis
1265 587 1503 616 sacrosanctum
1541 582 1656 615 missae
1691 581 1886 616 sacrificium
1917 593 1936 617 a

1197 635 1369 678 praedictis
1387 635 1537 669 domibus
1554 635 1773 669 saecularibus
1789 646 1849 680 pro
1870 646 1935 670 ma-

1195 687 1255 720 iori
1275 693 1366 731 parte
1387 688 1449 721 diei
1478 693 1508 721 et
1528 693 1621 721 nocte
1650 690 1715 721 tota
1741 688 1875 729 absunt,
1902 689 1936 723 in

1197 740 1371 774 maximum
1387 741 1622 785 praeiudicium
1642 741 1824 775 animarum
1838 741 1937 776 dicto-

1195 804 1265 839 rum
1283 805 1483 838 pauperum,
1506 794 1579 828 ideo
1605 794 1742 828 vicarius
1763 799 1794 828 et
1811 795 1936 829 confra-

1198 853 1260 880 tres
1280 847 1439 891 praedicti
1458 847 1551 881 nobis
1571 847 1738 881 humiliter
1762 847 1936 892 supplicari

1197 900 1358 942 fecerunt,
1386 906 1421 934 ut
1446 901 1607 945 aliquibus
1627 901 1730 935 dictae
1750 901 1934 944 Congrege-

1198 953 1292 987 tIOnis
1310 954 1524 988 confratribus
1545 954 1706 988 licentiam
1725 965 1833 989 sacros
1850 955 1937 989 ordi-

1197 1016 1253 1040 nes
1270 1007 1476 1051 suscipiendi,
1493 1007 1569 1041 etin
1586 1008 1648 1042 illis
1665 1008 1759 1042 etiam
1779 1008 1810 1042 in
1828 1008 1937 1043 altaris

1199 1061 1377 1095 ministerio
1392 1061 1606 1103 ministrandi,
1624 1063 1802 1097 concedere
1822 1063 1862 1097 de
1882 1063 1938 1098 be-

1198 1114 1352 1157 nignitate
1372 1115 1546 1159 apostolica
1567 1115 1784 1158 dignaremur.

1244 1169 1259 1209 5
1281 1167 1310 1200 Ξ).
1334 1168 1396 1201 Nos
1419 1168 1526 1211 igitur,
1543 1169 1603 1213 piis
1623 1179 1736 1203 eorum
1755 1170 1833 1204 votis
1851 1170 2137 1219 favo-,333³,3120ffissgg

1199 1220 1342 1254 rabiliter
1359 1231 1513 1263 annuere,
1532 1222 1668 1266 illosque
1685 1223 1877 1267 specialibus
1892 1226 1937 1260 sa-
1951 1223 2013 1244 *Μὴ
2028 1223 2136 1245 ⁰⁰⁰¹‘³²¹'¹·

1200 1274 1329 1308 veribus
1350 1280 1380 1308 et
1399 1275 1509 1317 gratiis
1529 1276 1681 1320 prosequi
1702 1277 1854 1319 volentes,
1877 1289 1937 1313 nee

1201 1336 1264 1359 non
1278 1327 1455 1370 singulares
1473 1328 1576 1362 dictae
1590 1328 1852 1372 Congregationis
1868 1341 1938 1375 per-

1201 1390 1294 1414 sonas
1324 1392 1341 1414 a
1371 1381 1536 1426 quibusvis
1567 1384 1909 1419 excommunicationis
1926 1413 1934 1428 ‚

1201 1435 1419 1479 suspensionis
1451 1442 1481 1469 et
1509 1437 1694 1478 interdicti,
1718 1438 1853 1482 aliisque
1880 1450 1936 1473 ec-

1201 1488 1384 1522 clesiasticis
1404 1490 1580 1531 sententiis,
1605 1491 1748 1524 censuris
1766 1496 1796 1525 et
1812 1492 1936 1535 poenis,

1201 1551 1218 1574 a
1239 1541 1308 1575 iure
1327 1543 1375 1575 vel
1403 1542 1441 1576 ab
1467 1542 1598 1577 homine
1612 1571 1619 1585 ,
1641 1544 1750 1587 quavis
1771 1545 1940 1579 occasione

1201 1596 1247 1628 vel
1270 1597 1365 1629 causa
1389 1595 1483 1636 latis,
1511 1596 1535 1629 si
1557 1596 1674 1640 quibus
1695 1598 1940 1641 quomodolibet

1947 272 1995 299 An.
2012 271 2040 300 C.
2062 271 2130 302 ¹609

1951 1281 1992 1302 que
1999 1277 2094 1298 domoad
2103 1282 2136 1298 sa-

1950 1307 1996 1324 crus
2003 1303 2140 1330 ordinespro·

1951 1333 2061 1351 moveatur
2086 1335 2135 1351 con-

1952 1356 2015 1378 cedit.

1183 1648 1346 1687 ‚innodati
1368 1649 1525 1690 existunt,
1553 1650 1592 1683 ad
1614 1650 1761 1684 effectum
1781 1661 1936 1695 praesen-

1203 1702 1280 1735 tium
1314 1703 1480 1736 dumtaxat
1512 1704 1796 1747 consequendum,
1824 1705 1939 1739 harum

1201 1756 1284 1789 serie
1301 1756 1502 1789 absolventes
1529 1763 1559 1789 et
1584 1757 1748 1791 absolutos
1773 1758 1841 1792 sore
1867 1769 1940 1792 een-

1201 1815 1317 1850 sentes‚
1338 1809 1523 1843 huiusmodi
1544 1810 1833 1854 supplicationibus
1850 1811 1940 1846 Incli-

1202 1862 1277 1903 nati,
1302 1862 1388 1906 quod
1406 1862 1436 1895 in
1456 1863 1599 1906 qualibet
1618 1864 1716 1897 domo
1737 1864 1839 1898 dictae
1859 1864 1941 1899 Con-

1202 1915 1397 1958 gregationis
1419 1926 1500 1950 unus
1521 1917 1681 1950 confrater
1699 1918 1873 1960 dumtaxat,
1890 1929 1940 1952 ar-

1202 1968 1297 2002 bitrio
1328 1979 1414 2003 nunc
1450 1975 1480 2003 et
1509 1980 1568 2014 pro
1602 1976 1746 2014 tempore
1776 1971 1940 2006 existentis

1202 2022 1269 2056 eius
1290 2022 1553 2066 Congregationis
1573 2024 1659 2068 apud
1677 2034 1735 2058 nos
1756 2029 1786 2058 et
1806 2026 1940 2070 Aposto-

1202 2076 1294 2109 licam
1309 2075 1422 2110 Sedem
1440 2077 1643 2121 protectoris,
1661 2078 1700 2111 ad
1718 2088 1830 2112 omnes
1843 2078 1939 2112 etiam

1201 2139 1308 2163 sacros
1337 2136 1367 2164 et
1393 2131 1632 2175 presbyteratus
1666 2131 1796 2165 ordines
1829 2143 1847 2166 a
1881 2142 1940 2167 suo

1201 2183 1370 2217 Ordinario
1385 2211 1392 2224 ,
1420 2184 1468 2217 vel
1489 2184 1528 2217 de
1549 2184 1617 2217 eius
1642 2184 1791 2226 licentia,
1815 2196 1833 2218 a
1853 2196 1937 2230 quo-

1202 2248 1341 2281 cumque
1363 2237 1512 2270 maluerit
1530 2237 1688 2271 catholico
1705 2239 1856 2280 antistite,
1868 2250 1940 2282 gra-

1204 2290 1278 2324 tiam
1309 2296 1339 2323 et
1368 2290 1632 2324 communionem
1659 2291 1820 2335 praefatae
1851 2292 1940 2326 Sedis

1203 2344 1357 2384 habente,
1378 2344 1418 2378 ad
1439 2344 1566 2377 titulum
1589 2344 1813 2388 hospitalitatis
1831 2345 1941 2380 liuius-

1204 2398 1290 2431 modi
1311 2397 1518 2441 promoveri,
1551 2403 1579 2431 et
1605 2404 1773 2442 promotus
1801 2399 1833 2431 in
1855 2398 1938 2440 illis,

1203 2451 1298 2484 etiam
1330 2451 1360 2483 in
1391 2451 1500 2484 altaris
1525 2451 1726 2492 ministerio,
1756 2451 1940 2485 ministrare

1204 2504 1396 2550 (dummodo
1415 2510 1520 2537 tamen
1539 2504 1669 2548 praevio
1694 2504 1839 2547 diligenti
1862 2516 1937 2539 exa-

1204 2559 1289 2592 mine
1310 2558 1349 2592 ad
1370 2558 1431 2592 boc
1453 2558 1587 2592 idoneus
1612 2558 1807 2602 reperiatur,
1835 2568 1942 2602 neque

1203 2612 1289 2645 aliud
1310 2612 1415 2645 obstet
1435 2611 1624 2645 canonicum
1647 2611 1914 2655 impedimentum
1930 2639 1938 2653 ,

1203 2671 1233 2699 et
1253 2670 1326 2699 ante
1346 2676 1399 2700 sex
1421 2675 1521 2700 annos
1540 2665 1652 2700 saltem
1678 2664 1941 2708 congregauonis

1950 1249 1990 1271 bus
1996 1255 2034 1276 pro
2040 1255 2140 1277 unaqua·
2186 1272 2188 1275 ,
