2227 3241
54 250 101 278 An.
114 249 141 277 C.
165 249 232 277 1606

81 364 231 395 Bibliothecam

52 394 140 420 paravit.

236 1002 277 1035 ut
296 1002 414 1041 sperat,
437 997 614 1041 perfectam
638 1003 669 1031 et
689 998 871 1031 absolutam
894 999 986 1032 datu-

878 250 999 275 PAULUs

251 297 297 330 vel
316 296 479 331 interdum
500 297 606 331 minus
624 297 808 332 observatas
826 298 923 332 fuisse
942 302 1009 332 as-'

248 357 401 385 sererent.
427 350 583 391 Quoniam
604 362 679 386 vero
707 352 746 386 ad
766 352 895 386 scholae
925 353 988 386 hu-

247 403 386 438 iusmodi
400 415 494 438 usum
508 405 630 448 ingenti
645 416 822 447 sacrorum,
840 407 991 450 profano-
1007 405 1008 412 ¹

247 468 386 503 rumque
415 458 576 492 librorum
609 458 703 502 copia
726 470 807 503 opus
832 470 899 493 esse
924 470 990 493 non

247 511 418 554 ignoravit,
435 511 533 556 idque
547 512 587 545 ad
607 522 813 546 communem
834 519 863 546 et
883 513 990 557 publi·
1006 525 1008 542 i

246 575 316 599 cam
330 565 465 599 civitatis
484 565 654 599 utilitatem
669 566 832 609 pertinere
854 568 990 600 maxime

245 619 417 653 arbitratus
431 624 487 659 est,
498 620 603 652 aulam
618 619 705 652 illam
719 630 868 662 magnam
880 621 988 664 (quam

245 673 311 707 suis
329 673 512 718 sumptibus
538 673 570 706 in
596 674 710 707 eodem
733 675 870 717 collegio
888 675 988 709 sancti
1005 706 1007 721 ἱ

245 726 436 772 Sepulchri,
466 727 598 761 deiectis
623 727 816 771 quibusdam
847 722 1007 773 antiquis'

245 780 390 821 aedibus,
415 790 498 824 quae
521 781 689 824 proximae
713 787 815 822 erant,
840 782 879 816 de
905 793 984 815 con-

245 845 338 868 sensu
352 834 628 878 Congregationis,
643 835 818 880 praepositi
829 836 987 878 generalis

245 893 275 923 et
303 888 504 930 Oblatorum,
528 894 562 922 ut
588 895 677 933 patet
706 889 986 924 exinstrumento

242 942 385 987 publico,
400 948 546 977 extruere
565 948 612 977 est
628 944 982 989 aggressus,b1·evique,

1003 864 1005 892 l

242 1051 310 1093 rus)
324 1050 357 1083 in
376 1050 541 1094 publicam
555 1051 804 1085 ecclesiasticam
818 1052 987 1087 bibliothe-

243 1115 324 1145 cam,
340 1115 406 1138 non
420 1105 526 1139 solum
547 1106 586 1139 ad
607 1106 839 1140 Ambrosianae
856 1107 985 1142 scholae

240 1158 412 1202 privatum,
427 1159 502 1193 sede
517 1159 593 1193 tiam
613 1160 758 1194 omnium
775 1171 982 1194 communem

241 1223 335 1245 usum
348 1223 422 1246 cum
435 1213 561 1256 legibus
573 1219 603 1248 et
616 1213 736 1256 regulis
757 1214 981 1259 infrascriptis,

241 1265 376 1310 aliisque
406 1276 443 1299 ex
471 1267 622 1300 facultate
652 1267 848 1310 apostolica,
877 1279 1002 1314 quan-i

241 1320 425 1364 (locumque
445 1320 504 1353 sibi
531 1321 705 1361 videretur,
727 1318 1002 1365 praescribendis¹

241 1373 411 1407 destinavit
435 1379 465 1406 et
489 1373 665 1407 ordinavit:
688 1375 836 1408 armariis
857 1381 984 1418 praete-

239 1437 305 1467 rea,
321 1426 458 1469 scriniis,
476 1427 651 1468 tabulariis,
670 1427 701 1460 in
716 1428 833 1472 quibus
849 1429 920 1461 libri
937 1440 984 1462 or-

240 1480 314 1515 dine
339 1480 598 1524 disponerentur,
615 1491 672 1514 suo
689 1487 833 1525 tempore
859 1482 980 1516 instru-

240 1540 360 1569 cturus.
384 1534 464 1568 Huic
496 1545 571 1568 vero
597 1535 812 1569 bibliothecae
834 1536 983 1581 antiquos

238 1588 365 1622 codices
394 1588 630 1632 manuscriptos
662 1593 758 1632 atque
789 1589 979 1633 impressos,

239 1642 384 1686 aliosque
396 1652 507 1676 omnes
518 1652 637 1683 sacros,
650 1643 866 1687 profanosque
883 1643 983 1678 libros

239 1707 256 1730 a
272 1707 306 1731 se
322 1696 493 1740 diligenter
514 1696 656 1741 undique
677 1697 874 1741 conquisitos
894 1709 1000 1732 sum-¹

239 1756 359 1795 ptuque
385 1761 451 1784 non
481 1750 636 1784 mediocri
661 1757 865 1795 comparatos
896 1753 999 1786 dono*

240 1805 338 1846 dedit,
363 1809 458 1849 atque
480 1804 511 1837 in
533 1815 604 1838 eam
628 1805 750 1849 imponi
776 1805 884 1850 ibique
911 1818 982 1850 per-

238 1863 337 1902 petuo
352 1858 391 1891 ad
404 1857 562 1902 privatam
581 1864 611 1891 et
624 1858 788 1902 publicam
808 1859 980 1893 utilitatem

239 1911 402 1945 adservari
428 1911 609 1951 mandavit,
638 1913 982 1947 excommunicationis

239 1964 321 1998 latae
338 1964 514 1997 sententiae
538 1975 676 2008 poenam
699 1976 885 2009 proponens
907 1966 978 2008 illis,

239 2017 293 2061 qui
305 2017 404 2051 libros
418 2018 796 2059 vendere,commodare,
814 2030 849 2052 ex
864 2019 980 2053 biblio·
998 2031 999 2050 1

239 2071 330 2105 theca
339 2071 464 2113 efferre,
478 2078 532 2106 aut
546 2083 677 2117 quoquo
693 2073 789 2107 modo
804 2074 981 2107 distrahere
998 2115 999 2124 ἵ

239 2135 303 2158 non
330 2125 527 2167 dubitarent,
551 2137 664 2160 eorum
694 2127 896 2161 absolutione
922 2129 999 2164 soli,

238 2179 384 2213 Romano
397 2180 547 2213 Pontifici
566 2183 735 2214 reservata.
754 2181 921 2214 Eruditum
936 2181 980 2214 vi-
997 2199 999 2221 ἱ

239 2243 310 2265 rum
331 2244 348 2266 e
368 2244 505 2267 numero
531 2239 627 2278 atque
653 2234 766 2268 ordine
791 2234 979 2268 Oblatorum

239 2285 270 2318 in
284 2286 360 2330 ipsis
373 2287 474 2320 sancti
487 2287 655 2331 Sepulchri
671 2287 805 2320 aedibus
828 2288 979 2321 alendum

239 2350 310 2373 cum
332 2350 439 2373 annuo
463 2340 631 2385 stipendio
645 2340 860 2374 bibliothecae
880 2336 977 2385 'prae-

239 2392 324 2434 fecit,
341 2404 480 2438 eumque
493 2393 775 2427 bibliothecarium
790 2395 976 2428 nominavit.

238 2445 323 2485 Quae
351 2458 426 2481 vero
458 2448 497 2481 ad
529 2448 744 2481 bibliothecae
777 2448 954 2482 custodiam
970 2476 976 2489 ‚

238 2511 342 2542 usum,
366 2502 644 2536 conservationem
666 2512 701 2535 ac
723 2502 861 2536 nitorem
882 2502 998 2536 libro-¹

239 2564 309 2587 rum
324 2560 468 2599 spectare
483 2555 677 2597 aestimaret,
694 2556 842 2589 facultate
857 2566 873 2588 a
887 2555 979 2589 nobis
996 2562 997 2580 ³

239 2607 418 2651 impetrata,
449 2609 543 2642 certis
567 2609 692 2652 legibus
721 2609 975 2652 praescriberet,
996 2631 997 2637 η

238 2670 316 2703 quas
336 2660 432 2704 leges,
455 2672 493 2695 eo
518 2663 614 2695 etiam
640 2662 701 2696 vita
724 2664 843 2703 functo,
872 2673 972 2707 usque
996 2675 997 2680 ¹

293 2722 372 2750 Ball.
388 2723 471 2751 Rom.
486 2741 515 2744 --
538 2725 598 2752 Vol.
616 2725 665 2752 XI.
830 2726 863 2752 36

1021 252 1039 275 ν
1062 252 1112 276 PP.

1024 300 1104 333 adeo
1126 301 1275 344 religiose
1295 302 1415 336 servari
1437 302 1547 343 voluit,
1569 308 1605 336 ut
1622 313 1675 337 eas
1700 303 1764 336 im-

1007 387 1009 404 :
1025 355 1152 396 mutari,
1171 355 1313 399 infringi,
1333 356 1451 390 remitti
1467 357 1515 390 vel
1537 357 1684 390 contrahi
1703 367 1767 390 non

1025 406 1145 447 liceret,
1169 408 1229 441 nisi
1255 409 1430 443 auctoritas
1450 410 1655 454 Apostolicae
1675 411 1765 444 Sedis

1025 461 1204 501 accederet,
1228 462 1416 507 eisdemque
1445 464 1569 506 legibus
1601 464 1641 497 de
1668 464 1766 498 verbo

1024 514 1064 546 ad
1090 515 1222 547 verbum
1245 516 1466 559 derogaretur.
1490 517 1551 551 Sed
1572 517 1688 561 quum¹
1704 518 1768 551 fru-

1024 572 1089 600 stra
1119 568 1349 602 bibliothecam
1386 571 1636 610 construxisset,
1670 577 1767 616 atque

1006 621 1113 653 ‘omni
1134 621 1293 655 librorum
1315 634 1433 666 genere
1462 624 1672 666 instruxisset,
1703 626 1765 659 nisi

1024 674 1119 708 etiam
1139 676 1177 709 de
1198 678 1234 709 ea
1251 683 1409 720 perpetuo
1424 679 1641 712 conservanda
1661 679 1766 723 provi-

1023 739 1093 761 sum
1122 729 1215 770 soret,
1239 741 1279 763 ne
1304 731 1351 763 vel
1378 731 1528 765 varietate
1556 738 1737 776 temporum
1755 761 1762 771 ,

1024 783 1069 815 vel
1096 782 1265 817 hominum
1291 784 1497 828 improbitate
1519 786 1658 827 dissolvi,
1683 787 1766 821 eius-

1022 846 1084 879 que
1098 835 1146 869 ius
1158 837 1198 870 ad
1213 838 1358 881 quemvis
1369 838 1466 871 alium
1481 839 1643 872 transferri
1655 846 1760 884 queat:

1021 888 1141 923 idcirco
1154 891 1386 934 proprietatem
1408 891 1507 935 ipsius
1528 903 1564 925 ac
1585 893 1765 926 dominium

1021 942 1099 984 sibi,
1129 944 1283 988 quamdiu
1317 944 1453 985 viveret,
1483 955 1666 986 reservans,
1694 953 1766 991 post

1021 996 1088 1030 eius
1109 997 1233 1031 obitum
1250 1009 1350 1042 penes
1368 998 1557 1032 Oblatorum
1579 998 1762 1042 Congrega-

1022 1051 1153 1093 tionem,
1165 1053 1204 1085 ad
1215 1052 1383 1096 publicum
1396 1059 1502 1086 tamen
1518 1059 1548 1087 et
1558 1064 1764 1089 communem

1020 1106 1165 1139 omnium
1184 1117 1277 1140 usum
1297 1112 1327 1140 et
1341 1108 1550 1142 commodum
1570 1119 1637 1142 esse
1656 1109 1766 1142 decre-

1019 1159 1072 1192 vit.
1097 1159 1188 1199 Quod
1213 1166 1245 1193 ut
1265 1160 1395 1193 firmum
1418 1168 1448 1194 et
1467 1168 1661 1206 perpetuum
1683 1170 1765 1197 esset

1020 1223 1056 1246 ex
1077 1213 1276 1247 diversorum
1303 1215 1455 1248 ordinum
1481 1215 1555 1249 viris
1582 1227 1761 1260 congrega-

1021 1266 1138 1300 tionem
1163 1268 1300 1301 tuendae
1321 1269 1625 1313 conservandaeque
1645 1271 1764 1304 biblio-

1021 1320 1130 1353 thecae
1163 1323 1258 1354 causa
1287 1321 1329 1355 ita
1365 1323 1535 1363 contlarit,
1566 1330 1600 1356 ut
1634 1330 1764 1368 praeter

1019 1374 1238 1417 praepositum
1253 1375 1353 1408 sancti
1366 1375 1534 1419 Sepulchri
1548 1387 1606 1420 pro
1617 1383 1763 1421 tempore

1019 1426 1217 1468 existentem,
1242 1438 1338 1471 quem
1365 1429 1396 1461 in
1418 1429 1502 1462 hunc
1532 1436 1658 1463 coetum
1681 1441 1760 1464 con-

1017 1486 1213 1514 servatorem
1242 1482 1422 1526 adscripsit,
1447 1493 1483 1515 ex
1508 1483 1643 1526 singulis
1664 1484 1762 1517 infra-

1017 1534 1143 1578 scriptis
1176 1535 1344 1569 ordinibus
1382 1535 1517 1570 civitatis
1550 1543 1759 1580 caperentur,

1016 1588 1172 1621 nimirum
1193 1599 1229 1622 ex
1250 1588 1414 1622 canonicis
1435 1589 1609 1623 ordinariis
1629 1601 1759 1624 nuncu-

999 1648 1000 1660 *
1016 1642 1097 1686 patis
1108 1642 1211 1675 dictae
1224 1642 1378 1676 ecclesiae
1395 1643 1470 1684 duo,
1484 1654 1519 1676 ex
1535 1643 1660 1688 reliquo
1675 1645 1762 1678 clero

1017 1695 1112 1728 etiam
1135 1696 1210 1737 duo,
1235 1707 1317 1730 unus
1338 1707 1374 1730 ex
1393 1697 1556 1739 sexaginta
1578 1698 1762 1731 decurioni-

1016 1749 1075 1782 bus
1097 1750 1223 1783 concilii
1246 1750 1415 1793 generalis,
1433 1761 1515 1784 unus
1537 1762 1574 1785 ex
1595 1751 1762 1796 iurisperi-

1018 1809 1122 1836 torum
1146 1804 1282 1847 collegio
1297 1810 1326 1838 et
1340 1815 1422 1838 unus
1443 1815 1480 1838 ex
1501 1805 1638 1848 collegio
1653 1806 1761 1850 physi-

1016 1868 1139 1897 corum,
1155 1857 1452 1902 archiepiscopumq
1465 1869 1538 1892 vero
1550 1859 1762 1892 Mediolanen-

1015 1922 1081 1944 sem
1095 1922 1153 1955 pro
1168 1918 1312 1956 tempore
1324 1912 1511 1945 existentem
1524 1912 1588 1956 (cui
1603 1923 1620 1946 a
1631 1913 1761 1946 scholae

998 1963 1206 1999 *doctoribus
1231 1966 1489 2007 observantiam,
1515 1967 1636 2000 cultum
1663 1973 1760 2011 atque

1016 2019 1208 2063 obsequium
1229 2020 1388 2063 praestari
1409 2025 1567 2064 perpetuo
1593 2020 1669 2060 vult,
1694 2020 1760 2053 cui-

1016 2083 1078 2117 que
1096 2073 1156 2106 hoc
1171 2084 1265 2106 suum
1281 2073 1462 2107 institutum
1485 2074 1566 2108 adeo
1585 2075 1758 2118 probatum

1016 2126 1053 2158 iri
1079 2126 1223 2167 confidit,
1252 2133 1286 2160 ut
1310 2127 1525 2161 bibliothecae
1550 2134 1757 2161 conservato-

1016 2179 1104 2213 ribus
1116 2191 1294 2224 numquam
1309 2180 1349 2213 sit
1362 2191 1419 2214 suo
1434 2180 1551 2222 studio,
1569 2181 1759 2215 auctoritate

1016 2233 1160 2276 etgratia
1181 2234 1364 2278 defuturus)
1392 2235 1463 2268 ideo
1489 2234 1625 2268 credidit
1650 2235 1759 2268 buius-

997 2287 1102 2320 ἱ1110(Ιί
1130 2290 1205 2320 cura
1231 2287 1391 2332 implicari
1419 2298 1483 2321 non
1505 2288 1644 2324 debere.
1669 2289 1756 2331 quod

1015 2341 1105 2373 illum
1127 2341 1198 2374 aliis
1219 2341 1345 2374 assidue
1366 2341 1469 2385 premi
1497 2341 1664 2384 intelligat.
1689 2343 1755 2375 Ilo-

997 2410 998 2416 *
1015 2405 1085 2428 rum
1106 2401 1369 2428 conservatorum
1386 2406 1502 2428 munus
1517 2401 1597 2429 esset
1612 2395 1758 2429 redditus

1015 2454 1044 2481 ct
1066 2448 1160 2489 bona,
1179 2459 1260 2492 quae
1275 2448 1380 2482 eidem
1396 2448 1610 2481 bibliothecae
1631 2459 1648 2481 a
1666 2459 1758 2492 prae-

1053 2540 1059 2564 1
1081 2537 1199 2565 Erronee
1215 2537 1280 2565 edit.
1298 2538 1375 2564 Maiu.
1396 2537 1477 2564 habet
1493 2546 1581 2571 quam
1602 2544 1634 2564 n.
1647 2538 1695 2571 τ.).

996 2592 997 2603 i
1048 2583 1064 2608 ⁰2
1078 2582 1146 2609 Edit.
1163 2582 1241 2610 Main.
1256 2582 1336 2609 habet
1351 2582 1585 2616 archiepiscopus
1600 2582 1753 2609 Madiama.

1013 2628 1123 2655 existen
1131 2637 1147 2659 .;
1161 2627 1206 2654 sed
1217 2628 1335 2661 archiep
1341 2628 1435 2661 iscoptc
1441 2635 1467 2653 m
1478 2627 1753 2654 Mediolanensem...

1013 2672 1179 2700 existentem
1197 2671 1249 2707 legi
1265 2671 1366 2699 debere
1380 2671 1494 2707 quisque
1511 2670 1643 2707 intelliget
1657 2672 1692 2706 (u.
1705 2673 1753 2707 T.).

1672 244 1731 278 981
1784 255 1831 281 An.
1847 255 1876 282 c,
1902 255 1968 282 1606
