2227 3241
251 264 303 291 An.
319 265 348 293 c.
372 265 439 293 1604
484 256 549 290 134

291 1559 314 1580 Et
331 1560 440 1581 “taenari

255 1587 347 1608 maudut.

285 2044 406 2066 clausulae.

1035 264 1218 289 BULLARIUM
1234 264 1387 290 ROMANUM

452 316 516 347 stra
530 313 682 357 pastorali
704 311 932 352 sollicitudine,
947 317 1103 355 quantum
1118 323 1191 346 cum
1225 314 1388 347 auditores
1413 313 1552 357 (sublata
1578 313 1624 346 eis
1649 319 1679 347 et
1704 322 1815 347 eorum
1833 313 1966 348 cuilibet

452 363 587 400 Domino
616 375 798 410 possumus,
830 364 1015 409 prospicere
1035 366 1190 406 volentes,
1226 366 1336 409 quavis
1357 365 1449 398 aliter
1479 365 1644 399 iudicandi
1674 371 1704 399 et
1732 365 1965 411 interpretandi

453 419 635 452 huiusmodi
657 418 949 462 supplicationibus
975 418 1133 460 inclinati,
1157 430 1193 453 ex
1227 419 1376 453 facultate
1390 419 1782 463 etauctoritate)iudicari
1794 425 1825 453 et
1837 420 1966 454 definiri

453 478 525 505 voto
561 471 794 505 venerabilium
833 472 968 505 fratrum
1004 478 1192 506 nostrorum
1227 472 1362 513 debere,
1395 483 1432 505 ac
1464 472 1589 505 irritum
1620 478 1651 506 et
1685 472 1781 506 inane
1809 473 1967 517 quidquid

452 531 580 558 sanctae
605 525 769 558 Romanae
794 525 954 559 Ecclesiae
979 526 1189 559 cardinalium

451 589 548 623 super
562 579 851 613 consultationibus
865 585 894 613 et
908 580 1050 623 negociis
1063 580 1192 624 Episco-

451 642 567 676 porum
582 638 612 666 et
626 632 834 675 Regularium
857 634 1097 677 deputatorum,
1115 633 1188 677 qui-

452 686 511 719 bus
524 691 642 720 statuta
657 692 687 720 et
707 686 928 720 ordinationes
949 687 1135 721 huiusmodi
1149 688 1192 720 vi-

452 739 557 773 denda
571 745 602 773 et
621 739 846 781 examinanda,
863 751 900 774 ac
913 741 1007 774 nobis
1025 742 1192 775 reserenda

453 793 685 834 commisimus,
706 794 872 838 praedicta
888 799 1018 836 statuta,
1039 795 1192 828 constitu-

454 846 557 880 tiones
575 851 606 880 et
624 847 856 889 ordinationes,
876 853 912 881 ut
930 849 1120 892 praefertur,
1144 848 1192 881 in-

452 905 537 934 serta
557 905 588 934 et
608 900 754 942 insertas,
779 901 970 935 auctoritate
997 902 1189 946 apostolica,

453 960 564 988 tenore
585 956 815 1000 praesentium,
843 962 1000 1000 perpetuo
1022 957 1193 990 confirma-

453 1019 524 1042 mus
545 1015 576 1043 et
597 1010 817 1054 approbamus
831 1037 838 1051 ,
867 1011 994 1054 illisque
1018 1016 1193 1055 perpetuae

453 1068 484 1096 et
504 1062 697 1096 inviolabilis
717 1064 913 1108 apostolicae
942 1065 1104 1098 firmitatis
1135 1075 1191 1098 ro-

453 1116 514 1148 bur
533 1116 714 1158 adiicimus,
734 1127 771 1150 ac
791 1127 903 1151 omnes
921 1122 951 1150 et
967 1117 1111 1160 singulos
1130 1123 1192 1150 tam

455 1169 532 1203 iuris
546 1180 642 1213 quarn
658 1170 730 1204 sacti
747 1170 897 1211 defectus,
914 1170 1008 1214 siqui
1027 1171 1058 1203 in
1074 1171 1193 1204 eisdem

455 1222 697 1264 intervenerint,
715 1224 912 1267 supplemus,
927 1224 1008 1257 acin
1022 1224 1195 1268 praedictis

453 1276 627 1320 provinciis
641 1283 671 1310 et
684 1276 803 1310 Ordine
817 1287 834 1310 a
847 1277 1069 1321 superioribus
1083 1283 1114 1312 et
1132 1278 1194 1311 fra-

454 1329 556 1362 tribus
576 1329 732 1363 universis
762 1330 906 1364 eiusdem
935 1330 1075 1372 Ordinis,
1099 1338 1196 1375 prout

454 1382 640 1426 quempiam
662 1393 775 1416 corum
802 1389 1014 1425 concernunt,
1038 1391 1195 1429 perpetuo

455 1436 683 1470 inviolabiliter
703 1437 866 1470 observari
888 1437 1006 1471 debere
1026 1438 1196 1472 statuimus

457 1495 487 1523 et
508 1490 708 1524 ordinamus.

500 1544 516 1585 ξ
538 1542 590 1577 39.
611 1543 797 1577 Mandantes
814 1550 987 1588 propterea
1005 1544 1124 1578 eisdem
1143 1545 1195 1579 Al-

456 1595 581 1640 phonso
602 1596 768 1639 magistro,
792 1604 822 1631 et
853 1598 1016 1631 Bernardo
1041 1609 1196 1642 procura-

458 1650 518 1683 tori
539 1650 755 1692 generalibus,
781 1661 817 1684 ae
842 1651 1078 1692 definitoribus,
1102 1662 1196 1695 supe-

457 1702 596 1736 rioribus
622 1708 652 1736 et
677 1703 829 1737 fratribus
854 1704 1010 1738 universis
1038 1705 1113 1738 dicti
1141 1705 1198 1738 Or-

456 1756 550 1797 dinis,
573 1767 659 1790 nunc
680 1763 710 1791 et
730 1767 789 1801 pro
809 1762 953 1802 tempore
975 1758 1195 1799 existentibus,

458 1809 489 1842 in
507 1810 622 1843 virtute
643 1816 771 1844 sanctae
794 1811 997 1845 obedientiae
1011 1839 1018 1852 ,
1042 1818 1076 1845 ut
1107 1822 1199 1856 prae-

456 1864 576 1897 inserta
593 1869 722 1904 statuta,
744 1864 964 1898 ordinationes
991 1871 1021 1899 et
1044 1865 1199 1899 constitu-

458 1916 561 1950 tiones
583 1917 767 1951 huiusmodi
790 1924 947 1962 perpetuo
973 1919 1144 1953 observent
1163 1930 1200 1953 ac

458 1970 621 2004 observari
643 1976 757 2004 curent
773 1977 804 2004 et
824 1972 950 2005 saciant.

503 2023 592 2065 §40—
617 2024 830 2058 Decernentes
860 2030 1046 2069 praesentes
1078 2026 1200 2060 litteras

459 2076 498 2110 de
518 2077 736 2121 subreptionis
757 2078 803 2111 vel
826 2078 1026 2122 obreptionis
1047 2085 1102 2112 aut
1123 2079 1197 2112 nul-

459 2130 556 2164 litatis
585 2131 684 2171 vitio,
710 2142 766 2165 seu
792 2131 978 2165 intentionis
1003 2139 1131 2166 nostrae
1153 2133 1201 2167 vel

460 2185 524 2218 alio
549 2195 757 2229 quocumque
782 2186 906 2219 defectu
934 2186 1061 2227 notari,
1090 2187 1198 2232 impu-

460 2239 562 2281 gnari,
578 2239 740 2281 redargui,
758 2245 812 2272 aut
823 2240 935 2283 quovis
949 2240 1047 2273 modo
1061 2240 1202 2283 infringi,

461 2292 621 2325 annullari
642 2293 689 2325 vel
708 2293 874 2326 retractari
892 2293 1075 2327 nullatenus
1095 2304 1198 2337 posse,

461 2344 571 2388 sicque
596 2345 635 2378 al)
659 2345 811 2378 omnibus
839 2346 984 2386 censeri,
1013 2352 1044 2380 et
1076 2347 1118 2380 ita
1146 2358 1203 2391 per

462 2409 684 2443 quoscumque
712 2399 833 2432 iudices
859 2400 1039 2433 ordinarios
1063 2405 1094 2433 et
1118 2401 1203 2434 dele-

462 2458 563 2496 gatos,
582 2453 677 2486 etiam
706 2464 874 2487 causarum
896 2454 1008 2487 Palatii
1029 2454 1203 2498 Apostolici

464 2584 527 2616 edit.
542 2585 632 2622 Main.;
649 2586 695 2616 sed
713 2588 751 2616 vel
770 2587 915 2624 legendum
935 2588 1010 2617 dicto
1032 2588 1147 2623 Ordini,
1163 2588 1205 2616 vel

463 2632 564 2668 aliquid
575 2633 764 2669 supplendum,
781 2642 823 2661 ex.
840 2642 866 2669 g.
884 2634 965 2667 bono,
987 2634 1093 2668 decori,
1115 2633 1156 2661 vel
1170 2641 1204 2661 u-

464 2677 566 2704 tilitati
585 2678 625 2712 (n.
647 2678 694 2713 r).

1226 536 1317 559 secus
1330 535 1427 569 super
1441 525 1489 559 his
1507 536 1524 559 a
1544 536 1722 570 quoquam,
1739 526 1850 570 quavis
1861 532 1968 560 aucto-

1228 578 1332 619 ritate,
1353 578 1493 612 scienter
1511 579 1559 612 vel
1577 579 1777 622 ignoranter,
1797 579 1968 623 contigerit

1227 632 1386 666 attentari.
1835 628 1837 630 ’

1272 687 1287 727 g
1308 685 1360 718 sil.
1382 686 1539 725 Quocirca
1557 686 1681 720 dilectis
1700 686 1776 720 filiis
1796 697 1966 721 causarum

1227 739 1334 773 curiae
1345 740 1495 774 Camerae
1506 740 1709 784 Apostolicae
1721 741 1863 784 generali
1876 741 1968 775 audi-

1229 793 1300 834 tori,
1322 799 1353 826 et
1374 793 1670 837 Caesaraugustano
1692 800 1723 829 et
1749 794 1967 829 valentinensi

1228 845 1421 880 officialibus
1446 858 1503 891 per
1521 853 1707 892 praesentes
1735 847 1967 883 committimus

1228 906 1258 934 et
1279 901 1470 935 mandamus
1486 928 1493 942 ‚
1516 907 1551 935 ut
1581 907 1767 946 praesentes
1790 901 1913 936 litteras
1937 907 1968 936 et

1229 954 1260 987 in
1273 954 1318 988 eis
1332 960 1482 988 contenta
1496 966 1732 999 quaecumque,
1746 955 1802 989 ubi
1820 960 1851 989 et
1867 965 1968 1000 quan-

1229 1009 1270 1042 do
1289 1019 1369 1053 opus
1387 1009 1492 1051 suerit,
1513 1020 1571 1054 per
1586 1020 1619 1043 se
1639 1010 1688 1044 vel
1706 1010 1804 1043 alium
1822 1009 1970 1044 solemni-

1231 1067 1279 1096 ter
1304 1063 1484 1107 publicari,
1513 1070 1543 1098 et
1573 1064 1772 1108 praeinserta
1801 1068 1921 1098 statuta
1939 1068 1970 1097 et

1229 1117 1450 1151 ordinationes
1470 1117 1657 1151 huiusmodi
1683 1118 1715 1151 in
1732 1117 1897 1162 praedicto
1913 1116 1971 1151 Or-

1229 1169 1303 1203 dine
1318 1176 1475 1214 perpetuo
1492 1170 1643 1205 inviolate
1661 1170 1824 1205 observari
1838 1170 1966 1211 saciant3

1229 1224 1481 1257 contradictores
1502 1234 1736 1268 quoscumque,
1761 1235 1797 1258 ac
1816 1223 1971 1268 praemis·

1229 1276 1271 1309 sis
1292 1287 1357 1309 non
1378 1282 1538 1321 parentes,
1555 1287 1613 1321 per
1633 1287 1784 1311 censuras
1797 1287 1833 1310 ac
1850 1286 1971 1321 poenas

1230 1329 1471 1370 ecclesiasticas,
1493 1329 1621 1374 aliaque
1640 1335 1824 1375 opportuna
1843 1330 1921 1364 iuris
1940 1334 1972 1364 et

1230 1381 1303 1415 facti
1345 1382 1510 1424 remedia,
1544 1383 1760 1428 appellatione
1779 1382 1968 1428 postposita,

1230 1437 1477 1480 compescendo.

1275 1491 1291 1531 ξ
1312 1489 1365 1522 42.
1386 1490 1455 1523 Non
1470 1489 1670 1523 obstantibus
1688 1488 1973 1523 constitutionibus

1231 1547 1262 1575 ct
1282 1542 1541 1576 ordinationibus
1562 1542 1759 1587 apostolicis,
1783 1552 1819 1576 ac
1842 1542 1974 1586 provin-

1232 1595 1355 1629 ciarum
1381 1602 1412 1630 et
1432 1596 1560 1630 Ordinis
1585 1596 1783 1637 huiusmodi,
1803 1596 1900 1630 etiam
1924 1596 1974 1630 iu-

1232 1655 1380 1683 ramento
1396 1678 1403 1691 ,
1425 1650 1672 1684 confirmatione
1703 1650 1902 1695 apostolica,
1925 1649 1974 1683 vel

1233 1703 1344 1747 quavis
1376 1704 1528 1737 firmitate
1557 1703 1618 1738 alia
1647 1703 1824 1745 roboratis,
1850 1703 1975 1738 statutis

1234 1762 1265 1790 et
1289 1757 1598 1797 consuetudinibus,
1625 1757 1800 1802 privilegiis
1824 1767 1972 1802 quoque,

1234 1810 1365 1844 indultis
1380 1816 1411 1844 et
1427 1810 1543 1844 litteris
1557 1810 1751 1854 apostolicis,
1769 1809 1889 1844 eisdem
1903 1819 1978 1854 pro-

1233 1863 1354 1905 vinciis,
1372 1869 1403 1897 et
1418 1863 1542 1905 Ordini,
1559 1874 1595 1897 ac
1615 1863 1849 1908 superioribus,
1866 1868 1897 1898 et
1914 1863 1978 1896 sra-

1234 1917 1335 1951 tribus
1348 1917 1607 1961 quibuscumque
1622 1917 1654 1950 in
1668 1917 1868 1951 contrarium
1883 1927 1976 1961 prae-

1235 1971 1406 2004 missorum
1429 1971 1676 2016 quomodolibet
1699 1971 1880 2013 concessis,
1900 1980 1977 2005 con-

1235 2024 1370 2058 firmatis
1395 2031 1425 2058 et
1450 2025 1656 2069 approbatis;
1683 2025 1801 2069 quibus
1826 2024 1978 2059 omnibus

1236 2084 1267 2112 et
1278 2079 1423 2122 singulis,
1441 2079 1566 2113 etiamsi
1581 2080 1620 2113 de
1634 2079 1695 2113 illis
1712 2089 1890 2124 eorumque
1904 2078 1978 2113 totis

1238 2133 1403 2166 tenoribus
1427 2133 1593 2177 specialis,
1618 2132 1785 2177 specifica,
1810 2142 1978 2177 expressa,

1236 2197 1272 2221 ac
1293 2187 1332 2221 de
1356 2187 1454 2221 verbo
1475 2188 1515 2221 ad
1539 2187 1686 2228 verbum,
1707 2197 1772 2220 non
1793 2192 1899 2221 autem
1920 2196 1979 2230 per

1237 2241 1395 2275 clausulas
1427 2241 1594 2284 generales
1624 2241 1710 2274 idem
1740 2240 1953 2284 importantes
1966 2266 1974 2279 ‚

1238 2295 1359 2328 mentio
1373 2295 1522 2328 habenda
1535 2300 1627 2335 esset,
1641 2301 1768 2328 tenores
1781 2292 1980 2334 huiusmodi,

1239 2357 1275 2381 ac
1296 2347 1321 2381 si
1343 2348 1382 2381 de
1406 2347 1505 2381 verbo
1526 2347 1566 2381 ad
1586 2347 1719 2380 verbu'ln
1744 2347 1977 2387 insererentur,

1238 2401 1462 2445 praesentibus
1482 2410 1541 2444 pro
1562 2399 1718 2444 expressis
1741 2404 1771 2433 et
1788 2399 1828 2432 ad
1846 2399 1979 2433 verbum

1239 2454 1366 2488 insertis
1387 2454 1553 2494 habentes,
1570 2453 1632 2487 illis
1648 2453 1725 2486 alias
1739 2452 1770 2486 in
1788 2462 1847 2486 suo
1864 2452 1981 2486 robore

1238 2507 1469 2552 permansuris,
1493 2507 1553 2540 hac
1573 2507 1640 2540 vice
1664 2507 1830 2540 dumtaxat
1849 2505 1976 2550 specia-

1239 2561 1312 2595 liter
1329 2567 1360 2595 et
1380 2571 1527 2606 expresse
1546 2560 1758 2603 derogamus,
1781 2559 1980 2604 caeterisque

1240 2615 1410 2649 contrariis
1431 2614 1700 2659 quibuscumque.

1283 2669 1398 2703 Datum
1417 2668 1537 2703 Romae
1551 2667 1636 2711 apud
1649 2667 1678 2702 S.
1695 2667 1836 2701 Marcum
1851 2667 1909 2701 sub
1923 2677 1979 2700 an-

1975 265 2027 294 An.
2048 266 2079 295 C.
2094 267 2161 298 ¹⁶0⁴

2021 701 2164 728 Exequutom

1981 728 2093 755 designati.

2001 1498 2116 1525 Det-offano
2124 1502 2171 1519 eon·
2178 1491 2187 1499 ‘

1988 1526 2108 1546 tractorum.

2182 0 2184 2 ’
2218 0 2227 76 l

2218 77 2227 155 t

2221 155 2227 198 l

2218 283 2227 320 ‘l

2222 356 2227 423 l
