2227 3241
66 229 114 256 An.
132 227 159 256 C.
184 225 251 254 1608

93 918 210 941 Prohibitio
225 918 250 939 de

67 952 110 973 qua
126 946 147 968 'tn
159 945 251 967 rubrica.

142 1933 255 1958 Dvrwssatio

74 1963 234 1981 contrarii-rum.

918 223 1040 249 Pactus
1060 223 1079 247 V
1098 223 1150 249 PP-

265 274 391 308 iusdam
409 274 524 308 indulti
543 273 710 318 apostolici
729 273 814 307 dicto
828 272 938 307 Ordini
953 282 1004 305 an·
1023 278 1024 284 ¹

266 327 398 371 tiquitus
424 327 585 368 concessi,
618 338 654 360 ac
683 326 813 359 demum
844 337 900 370 per
933 325 1004 359 feli-

264 380 309 414 cis
329 380 566 415 recordationis
586 379 784 414 Clementem
807 380 925 423 Papam
941 379 1006 412 Ylll
1023 403 1026 446 ι

263 433 547 478 praedecessorem
568 441 713 468 nostrum
732 444 790 477 per
810 443 882 466 suas
901 432 931 464 in
950 431 1008 465 liu-

265 487 403 521 iusmodi
425 487 528 521 forma
552 487 659 521 Brevis
682 486 805 520 litteras
834 486 923 519 datas
948 496 1008 519 xxv

265 540 446 574 decembris
459 551 589 582 iunxcvt,
600 540 806 584 pontificatus
819 539 867 573 sui
882 549 966 572 anno
981 549 1008 579 v,

265 592 377 627 aboliti
399 599 429 627 et
449 591 630 634 revocati¹,
653 598 707 626 aut
730 593 839 626 forsan
864 591 1026 634 alterius)⁴

238 657 246 667 ·
265 647 464 691 professores
477 646 604 681 Ordinis
619 647 754 680 fratrum
769 645 928 679 Minorum
942 655 1009 678 san-

268 699 309 733 cti
333 699 494 733 Francisci
526 699 803 744 Cappuceinorum
836 708 1005 741 nuncupa-

267 758 394 794 torum,
434 758 465 786 et
493 752 572 786 alios
598 753 728 796 regulae
753 751 944 792 strictioris,
977 751 1008 784 in

266 816 380 840 eorum
404 806 626 848 sodalitatem,
650 817 705 840 seu
720 806 844 847 domos,
864 811 918 839 aut
938 816 1010 839 eon-

267 865 381 893 ventus
399 859 555 904 recipere.

312 916 329 956 ἕ
345 913 500 955 ⁶2.Qua1·e‚
517 924 590 947 cum
603 914 635 948 id
648 914 776 958 saepius
794 914 922 948 meritas
935 924 1010 958 poe-

267 978 323 1002 nas
344 968 494 1002 eludendi
516 970 609 1002 causa
632 968 698 1009 fiat,
716 975 746 1002 et
773 978 809 1001 ex
829 969 890 1001 hoc
911 969 1010 1001 multa

267 1021 419 1055 scaudala
452 1021 484 1054 in
518 1022 639 1066 populo
670 1027 865 1064 generentur
894 1027 925 1054 et
949 1020 1011 1054 alia

268 1074 368 1108 multa
386 1074 594 1108 incommoda
619 1082 804 1115 nascantur,
821 1085 879 1108 nos
901 1074 1010 1108 liuius-

269 1129 357 1162 modi
382 1129 540 1163 scandalis
566 1128 695 1163 obviare
717 1135 745 1162 et
764 1129 862 1173 (prieti
883 1128 1010 1171 religio-

269 1193 378 1217 sorum
405 1183 543 1227 amplius
568 1183 754 1228 prospicere
775 1183 950 1227 cupientes,
971 1193 1010 1215 ne

269 1238 341 1282 quis
360 1238 600 1282 praelatorum,
624 1249 678 1271 seu
704 1237 929 1281 superiorum,
958 1244 1008 1271 aut

269 1294 404 1327 fratrum
427 1298 643 1326 conventuum
665 1303 719 1326 seu
743 1293 913 1326 domorum
937 1293 1011 1326 dieti

269 1346 397 1382 Ordinis
411 1347 522 1380 beatae
538 1346 652 1379 Mariae
666 1346 703 1379 de
715 1346 860 1379 Mercede
878 1347 1012 1379 Redem-

269 1401 389 1445 ptionis
411 1399 626 1444 Captivorum,
647 1406 708 1433 tam
724 1400 754 1432 iu
777 1400 882 1442 reguis
900 1401 1011 1444 llispa-

271 1455 398 1488 niarum
414 1464 509 1498 quam
532 1454 607 1487 alibi
627 1454 883 1494 consistentium,
903 1454 1013 1499 quavis

271 1508 323 1541 ille
338 1507 504 1550 dignitate,
522 1507 786 1552 praeeminentia,
800 1508 1013 1552 prerogativa,

269 1562 318 1596 vel
340 1572 474 1595 munere
498 1561 659 1603 fungatur,
684 1567 850 1605 praetextu
877 1561 1014 1594 cuiusvis

269 1615 385 1649 indulti
405 1625 462 1649 seu
479 1614 636 1659 privilegii
658 1614 824 1658 apostolici
855 1626 909 1648 eos
935 1615 1014 1648 reci-

269 1680 346 1714 pere
366 1670 483 1703 audeat
503 1670 550 1703 vel
576 1675 761 1714 praesumat
785 1671 878 1702 causa
909 1669 1012 1713 quarti

271 1723 347 1764 voti,
365 1724 451 1767 quod
470 1723 529 1767 ipsi
544 1723 741 1767 professores
761 1722 888 1755 Ordinis
903 1722 1014 1755 beatae

269 1777 389 1811 Mariae
414 1777 453 1810 de
478 1777 622 1810 Mercede
655 1776 840 1809 huiusmodi
872 1776 1012 1817 faciunt,

272 1829 450 1874 apostolica
476 1830 688 1870 auctoritate,
718 1836 829 1864 tenore
858 1840 1012 1873 praesen-

273 1884 364 1926 tium,
385 1883 527 1917 districtc
545 1883 767 1927 prohibemus.

319 1939 335 1981 ξ
356 1936 387 1971 3.
415 1938 484 1971 Non
510 1937 711 1971 obstantibus
737 1937 933 1981 privilegiis,
961 1948 1015 1971 seu

273 1990 406 2024 indultis
427 1990 632 2031 huiusmodi,
657 2001 693 2023 ac
714 1990 878 2034 quibusvis
899 1991 1016 2025 eonsti-

273 2044 449 2079 tutionibus
470 2051 500 2078 et
524 2045 782 2079 ordinationibus
811 2046 1014 2089 apostolicis,

273 2109 332 2132 nec
352 2109 417 2132 non
442 2098 517 2132 dicti
545 2098 671 2132 Ordinis
696 2099 808 2132 beatae
835 2098 950 2132 Mariae
979 2100 1017 2132 dc

273 2153 430 2193 Mercede,
451 2153 645 2194 iuramento,
664 2152 911 2187 confirmatione
926 2164 1018 2197 apos-

276 2207 382 2248 tolica,
406 2207 454 2240 vel
475 2207 585 2251 quavis
611 2207 762 2241 firmitate
793 2207 853 2240 alia
883 2206 1017 2241 robora-

277 2261 326 2301 tis,
342 2260 466 2294 statutis
481 2266 511 2294 et
524 2260 828 2301 consuetudinibus,
842 2260 1018 2304 privilegiis

275 2325 416 2359 quoque,
433 2313 565 2347 indultis
579 2319 609 2346 et
630 2313 743 2347 litteris
761 2313 954 2358 apostolicis,
973 2314 1016 2346 illi

277 2368 335 2402 sub
357 2367 617 2412 quibuscumque
646 2367 821 2407 tenoribus,
843 2373 873 2400 ct
894 2367 1015 2407 formis,

277 2433 313 2456 ac
335 2432 406 2455 cum
430 2421 594 2465 quibusvis
631 2420 781 2454 clausulis
813 2426 843 2453 et
869 2421 1015 2460 decretis,

278 2476 309 2508 iu
331 2485 447 2518 genere
469 2475 515 2507 rel
538 2474 568 2507 in
591 2474 708 2517 speeie,
732 2485 767 2507 ae
788 2474 877 2510 alias,
895 2474 925 2506 in
944 2484 1018 2507 con-

280 2529 413 2562 trarium
435 2528 679 2572 quomodolibet
699 2527 874 2563 concessis,
895 2538 1014 2570 appro-

319 2646 326 2671 l
347 2643 412 2671 Vide
427 2644 540 2672 Constit.
555 2644 599 2672 cit.
616 2643 641 2671 in
658 2645 718 2672 noti·
731 2642 763 2670 ad
774 2642 913 2670 rubricam
923 2647 1015 2676 (iun).

1040 271 1122 305 batis
1137 277 1165 304 et
1185 270 1353 304 innovatis.
1371 270 1491 309 Quibus
1510 268 1661 303 omnibus
1675 273 1703 301 et
1722 267 1786 301 sin-

1053 324 1149 367 gulis,
1171 324 1296 358 etiamsi
1324 324 1362 357 de
1393 323 1454 356 illis
1492 323 1688 366 illorumque
1715 321 1786 355 totis

1043 378 1206 412 tenoribus
1236 377 1400 422 specialis,
1433 376 1604 421 specifica,
1639 385 1787 420 expressa

1043 438 1073 465 et
1093 430 1268 472 indiridua,
1282 441 1346 464 non
1361 436 1468 464 autem
1486 441 1543 474 per
1557 429 1715 463 clausulas
1733 439 1787 471 ge-

1042 485 1167 518 nerales
1199 484 1283 517 idem
1314 485 1548 528 importantes,
1581 482 1702 517 mentio
1731 493 1787 516 seu

1043 535 1174 580 quaeris
1193 536 1254 569 alia
1271 536 1431 580 expressio
1445 535 1594 568 habenda
1609 534 1701 576 foret,
1716 533 1787 567 illo-

1043 600 1114 623 rum
1142 595 1269 623 tenores
1295 589 1516 633 praesentibus
1544 598 1603 632 pro
1632 586 1787 632 expressis

1043 643 1209 684 habentes,
1231 643 1291 676 illis
1318 643 1395 676 alias
1421 643 1451 676 in
1478 653 1535 676 suo
1562 642 1678 675 robore
1706 651 1780 684 per-

1044 697 1223 737 mansuris,
1247 697 1306 730 liac
1328 697 1394 729 vire
1417 698 1579 729 dumtaxat
1606 694 1787 739 specialiter

1044 756 1075 784 et
1095 761 1241 795 expresse
1263 751 1467 793 derogamus,
1490 749 1687 792 caeterisque
1708 759 1785 782 con-

1045 805 1151 838 trariis
1169 805 1440 848 quibuscumque.

1089 860 1104 900 ξ
1126 858 1157 891 4,
1178 859 1333 891 Volumus
1363 863 1488 899 autem⁷
1510 862 1541 889 ut
1570 855 1785 900 praesentium

1046 911 1264 955 transumptis,
1288 911 1384 944 etiam
1411 909 1584 954 impressis,
1610 919 1707 942 manu
1731 907 1787 941 ali-

1045 964 1135 998 cuius
1148 964 1264 997 notarii
1280 963 1398 1008 publici
1420 962 1618 1006 subscriptis,
1639 967 1667 995 et
1682 961 1786 1004 sigillo

1045 1017 1179 1051 alicuius
1204 1028 1363 1061 personae
1388 1017 1420 1050 in
1446 1016 1600 1059 dignitate
1621 1015 1786 1049 ecclesias-

1046 1071 1103 1104 tica
1128 1071 1321 1104 constitutae
1348 1070 1490 1110 munitis,
1515 1070 1625 1102 eadem
1656 1079 1788 1112 prorsus

1045 1125 1123 1158 tides
1138 1125 1340 1165 adhibeatur,
1353 1124 1384 1157 in
1401 1124 1520 1157 iudicio
1546 1129 1577 1156 et
1594 1128 1681 1156 extra
1696 1121 1787 1162 illud,

1045 1189 1127 1223 quae
1145 1178 1266 1211 eisdem
1282 1177 1505 1222 praesentibus
1526 1176 1746 1215 adhiberetur,
1763 1175 1787 1208 si

1046 1233 1150 1266 forent
1170 1232 1329 1265 exhibitae
1351 1231 1396 1264 vel
1419 1237 1577 1264 ostensae.

1088 1287 1200 1319 Datum
1221 1286 1340 1318 Romae
1359 1285 1444 1329 apud
1466 1290 1610 1318 sanetum
1634 1284 1786 1323 Marcum,

1046 1339 1103 1372 sub
1119 1340 1237 1372 annulo
1252 1339 1432 1379 Piscator-is,
1446 1339 1496 1371 (lic
1512 1349 1555 1371 vu
1572 1338 1638 1371 iulii
1657 1347 1789 1378 mecvm,

1046 1393 1250 1437 pontificatus
1273 1393 1372 1426 nostri
1395 1402 1479 1425 anno
1502 1403 1542 1425 ir.

1083 1458 1142 1484 Dat.
1166 1457 1207 1484 die
1229 1458 1242 1484 ‘i
1264 1457 1319 1484 iulii
1345 1457 1420 1490 1608,
1443 1455 1536 1492 pontif.
1556 1464 1625 1482 anuo
1644 1463 1680 1482 iv.

1381 1615 1458 1649 CXl.

1048 1715 1233 1759 Ampliatio
1255 1714 1495 1747 iurisdictionis
1514 1713 1544 1746 Sl
1566 1714 1604 1747 R.
1626 1713 1662 1747 E.
1687 1712 1792 1746 cardi-

1094 1770 1179 1802 natis
1205 1768 1492 1812 archipreshyteri,
1525 1772 1552 1799 el
1582 1767 1700 1799 {talias
1718 1777 1793 1799 catt-

1093 1833 1206 1856 saram
1238 1827 1442 1855 sacrosantae
1477 1821 1704 1854 lateranensis
1740 1831 1789 1851 cc-

1093 1877 1208 1909 clesiae
1225 1881 1253 1908 et
1276 1876 1415 1919 capituli
1435 1875 1584 1907 interesse
1603 1884 1793 1907 concernen-

1097 1931 1177 1963 tium
1194 1929 1211 1962 ¹.

1278 2027 1387 2053 Paulus
1405 2026 1567 2060 Episcopus

1232 2087 1338 2107 servus
1371 2087 1522 2107 servorum
1544 2079 1603 2106 Dei.

1052 2171 1165 2197 Dilecto
1186 2170 1246 2197 filio
1268 2169 1415 2202 Scipioni,
1431 2168 1514 2195 tituli
1533 2168 1559 2195 S.
1577 2168 1793 2202 Chrysosogoni

1087 2224 1261 2257 presbytero
1279 2223 1423 2250 cardinali
1436 2222 1597 2256 Burqhesio
1609 2226 1792 2256 nuncupato,

1088 2277 1216 2303 salutem
1233 2279 1264 2303 et
1281 2275 1476 2309 apostolicam
1492 2275 1741 2302 benedictionem.

1098 2365 1143 2398 Ad
1163 2374 1199 2397 ea
1218 2363 1497 2407 circumspectioni
1519 2368 1589 2395 tuae
1610 2362 1716 2395 multis
1736 2373 1793 2396 no-

1054 2419 1193 2452 minibus
1215 2419 1253 2451 de
1271 2419 1351 2451 Sede
1371 2417 1551 2461 Apostolicai
1574 2416 1793 2450 lwuemeritae

1053 2477 1084 2505 et
1112 2472 1203 2505 nobis
1230 2472 1404 2515 pluriuuuu
1439 2476 1548 2510 gratae
1585 2476 1613 2502 et
1643 2476 1793 2514 acceptae

1092 2552 1100 2577 l
1126 2551 1161 2578 De
1189 2551 1236 2578 liar
1263 2551 1448 2577 iurisdictione
1474 2554 1544 2576 extat
1567 2550 1724 2577 Constitutio
1744 2557 1794 2576 Lxx

1052 2597 1131 2631 (ireg.
1147 2596 1201 2623 xtlt
1219 2596 1382 2630 vamusim!
1393 2595 1566 2629 -cacepienus,
1577 2602 1666 2629 saepe,
1678 2597 1794 2621 tom.vui

1054 2649 1113 2677 pag.
1133 2641 1193 2669 179.

1660 207 1662 215 ¹
1687 209 1750 246 527
1798 218 1847 246 An.
1870 217 1897 247 c.
1917 217 1983 248 1608

1837 872 1986 899 'transumpto-

1802 906 1846 920 rum
1862 899 1919 920 fides.

1836 2369 1956 2390 Eam-dium.
