2227 3241
902 243 1001 269 mnssx
1025 243 1132 268 RERUM
1676 233 1741 269 695

1005 345 1030 379 U

252 455 365 491 Ubaldi
388 456 446 500 (S.)
471 456 551 490 festa
575 455 645 490 dies
673 456 712 490 16
739 456 813 490 nni
837 454 1048 496 celebranda,
1075 454 1137 488 ⁶238
1162 465 1191 486 a.

252 508 424 553 Ulysipone
449 513 590 544 erectum
615 509 765 558 Italorum
796 508 967 552 hospitale,
992 508 1054 541 379
1080 518 1109 540 α.
1140 507 1177 542 Ei
1201 507 1391 542 addicuntur
1424 510 1580 551 pecuniae
1611 508 1785 543 nonnullae

340 562 380 597 ab
405 562 534 597 Alberto
559 562 712 598 cardinali
737 563 777 597 de
803 562 948 602 Austria,
973 562 1035 596 379
1061 561 1086 593 b.

254 616 400 651 Ursuriae
424 621 563 651 castrum
587 616 767 650 omnimode
787 616 947 650 Par-entini
974 616 1116 658 episcopi
1139 615 1352 650 iurisdictieni
1376 614 1571 658 subiectum,
1599 616 1660 650 109
1685 626 1745 660 seq.

253 670 374 705 Usurae
399 672 511 705 villum
536 670 719 711 damnatur,
749 670 808 703 170
832 680 894 714 seq.

1006 826 1032 859 V

254 935 414 971 valentiae
438 937 530 978 regni
555 934 753 978 parochiales
779 933 953 978 ecclesia«.
962 943 1018 977 pro
1051 934 1141 967 novis
1166 932 1346 966 christianis
1372 936 1513 974 erectae,
1541 932 1596 974 24,
1622 933 1696 967 289.
1720 933 1787 968 Non

341 988 443 1023 solum
467 989 646 1032 indigenis,
670 988 727 1022 sed
752 990 847 1022 etiam
871 987 1060 1031 alienigenis
1085 985 1308 1027 conferendae,
1335 985 1397 1018 336
1418 996 1479 1029 seq.

256 1042 421 1076 valentina
445 1042 620 1083 dioecesis,
648 1042 686 1075 24
712 1053 740 1074 α.
768 1042 939 1085 Gregorius
963 1040 1029 1074 XIII
1062 1049 1159 1074 novas
1184 1039 1336 1073 ecclesias
1368 1038 1566 1082 parochiales
1591 1049 1647 1083 pro
1672 1039 1788 1074 Mauris

343 1096 383 1130 ad
409 1095 504 1129 Iidem
529 1095 733 1129 christianam
757 1096 921 1131 conversis
946 1094 989 1128 lbi
1017 1095 1097 1138 erigi
1122 1093 1288 1138 dotarique
1314 1094 1455 1135 curavit,
1477 1092 1554 1126 ibid.

256 1149 375 1193 Vargas
401 1148 468 1192 (de)
493 1148 683 1191 Bernartius,
709 1149 898 1182 Procurator
922 1148 1080 1190 generalis
1105 1146 1235 1183 Ordinis
1266 1147 1298 1180 B.
1330 1147 1448 1181 Marlae
1481 1146 1521 1180 de
1552 1145 1699 1180 Mercede
1729 1146 1789 1181 Re-

344 1196 535 1246 demptionis
561 1202 784 1246 Captixorum,
811 1202 874 1235 129
899 1212 928 1234 a.

256 1255 406 1290 Vaticana
430 1254 579 1297 basilica,
612 1255 674 1288 2357
707 1258 738 1288 et
770 1256 843 1289 610.
875 1254 949 1289 Eius
981 1254 1144 1289 [abbricae
1176 1255 1301 1290 addicta
1334 1255 1445 1289 decem
1476 1253 1574 1289 millia
1606 1254 1790 1288 ducatorum

344 1318 383 1342 ex
409 1308 622 1352 eleemosynis
648 1310 806 1342 cruciatae
832 1308 1040 1352 colligendis,
1067 1308 1143 1342 ibid.

259 1363 408 1398 Vaticana
432 1362 639 1405 bibliotheca,
669 1362 728 1396 '1:32
753 1374 783 1395 a.
808 1363 844 1397 Ei
870 1364 976 1397 unitur
1000 1364 1227 1397 monasterium
1253 1365 1282 1397 S.
1308 1363 1424 1398 Mariae
1449 1363 1488 1397 de
1511 1363 1694 1405 Venticano,
1715 1363 1788 1397 ibid.

258 1417 454 1452 Velaminus:
482 1417 550 1451 vide
575 1417 689 1462 loseph
716 1416 911 1451 Velamiuus.

256 1471 462 1506 Venetiarum
486 1471 552 1505 dux
577 1471 711 1505 Senatus
736 1471 854 1515 aliique
880 1480 897 1504 a
921 1471 1064 1504 censuris
1089 1470 1307 1514 absolx‘entur,
1335 1472 1397 1505 388
1422 1483 1440 1504 ιι
1465 1482 1527 1516 seq.

256 1525 507 1560 Ventimiliensis
533 1526 720 1569 episcopus,
746 1524 817 1558 vide
841 1524 1030 1568 Stephanus.

256 1579 379 1614 Vicario
411 1577 556 1622 generali
591 1579 734 1621 episcopi
767 1577 854 1611 locus
880 1580 1030 1621 competit
1061 1587 1158 1621 super
1194 1588 1303 1612 omnes
1333 1578 1524 1622 capitulares
1549 1580 1581 1613 in
1606 1580 1792 1623 processio—

343 1631 457 1674 nibus,
483 1632 654 1666 dummodo
686 1633 831 1666 canonici
855 1633 953 1666 sacris
986 1631 1128 1666 vestibus
1158 1633 1257 1675 parati
1290 1642 1351 1666 non
1376 1632 1541 1674 incedant,
1570 1632 1609 1666 10
1634 1643 1663 1665 α.
1690 1631 1793 1666 Debet

345 1695 414 1720 esse
440 1688 470 1720 in
497 1686 596 1720 sacris
622 1685 786 1720 ordinibus
811 1686 1018 1727 constitutus,
1046 1686 1108 1719 584
1133 1696 1194 1730 seq.

259 1740 401 1775 vicensis
432 1740 605 1781 dioecesis,
632 1740 672 1773 18
697 1751 759 1784 seq.

255 1793 413 1828 Vincentii
433 1793 492 1837 (S.)
518 1794 557 1828 de
582 1793 726 1828 Cat-dona
750 1794 994 1836 monasterium,
1025 1794 1062 1827 18
1086 1806 1147 1839 seq.
1174 1794 1222 1829 Ad
1247 1794 1395 1829 abbatem
1426 1798 1548 1839 spectat
1577 1795 1717 1839 provisio
1741 1804 1793 1829 ec-

346 1847 462 1881 clesiae
487 1848 516 1882 S.
542 1847 647 1882 Iacobi
672 1848 712 1882 de
737 1847 849 1889 Calaff,
875 1847 952 1881 ibid.

261 1901 400 1945 VIrginis
425 1910 527 1946 aquae
551 1901 634 1942 fons,
662 1901 722 1935 437
749 1912 778 1934 a.
805 1900 934 1946 Absque
959 1901 1091 1945 speciali
1127 1902 1286 1936 Pontificis
1318 1902 1464 1937 mandato
1490 1902 1609 1936 nemini
1634 1901 1710 1936 licet
1735 1901 1792 1936 ali-

345 1964 439 2000 quam
464 1955 557 1989 huius
581 1964 684 2000 aquae
710 1960 831 1999 partem
855 1957 1004 2000 cuiquam
1029 1956 1225 1996 concedere,
1254 1955 1329 1989 ibid.

260 2009 363 2043 Vitoni
390 2009 463 2051 (Ss.)
489 2013 521 2043 et
545 2008 709 2053 lIydulphi
744 2010 875 2044 Ordinis
900 2010 930 2042 S.
956 2008 1119 2042 Benedicti
1155 2012 1261 2043 crecta
1297 2009 1524 2053 Congregatio,
1562 2009 1601 2041 64
1627 2020 1655 2041 α.
1694 2008 1792 2053 Eique

347 2060 582 2097 Cassinensium
608 2062 776 2107 privilegia
802 2065 1051 2104 communicata,
1080 2063 1119 2095 65
1145 2074 1173 2095 a.

1005 2222 1043 2254 W

260 2327 469 2371 Wignacourt
494 2327 577 2369 (dc),
604 2327 674 2361 ride
698 2327 889 2371 Alphonsus.

260 2380 511 2415 Wratislax'iensi
548 2382 699 2424 episcopo
735 2391 887 2416 concessa
922 2383 1052 2418 facultas
1089 2383 1322 2418 ecclesiasticos
1358 2383 1493 2426 cogendi
1529 2382 1568 2416 ad
1604 2381 1792 2416 solutionem

347 2433 564 2468 subsidiorum
589 2443 645 2477 pro
671 2435 831 2470 erectione
861 2437 1023 2472 seminarii
1048 2436 1248 2480 dioecesani,
1277 2437 1337 2471 ⁶266
1364 2447 1381 2470 a
1407 2441 1434 2468 e!
1459 2447 1518 2479 seq.

1032 2568 1050 2600 Z

264 2648 394 2694 Zapata‚
418 2648 490 2683 vide
513 2648 679 2684 Antonius.
