2227 3241
2 469 5 475 .
0 302 6 453 --ἡ-ἡ.
0 286 1 291 Α
0 131 11 273 ,γον-νὴ
0 0 10 109 *v--q

47 221 94 260 qn.
114 220 144 248 c.
164 218 232 247 1606

58 924 149 950 Eiusque
158 923 228 943 visita-

47 951 120 972 tionem
135 949 228 976 generati

46 977 229 1000 carthusianorum

47 1004 154 1026 commisit.

73 1592 102 1614 Eo
110 1594 179 1613 autem
188 1592 228 1612 boe
246 1609 252 1615 ,

49 1625 120 1640 munus
130 1624 229 1639 recusan-

49 1647 68 1667 t!
82 1645 141 1667 datur
152 1645 228 1666 nuncio

49 1673 163 1699 apostolico
198 1673 227 1692 ra-

49 1701 112 1721 cultas
135 1700 228 1720 visitato-

48 1732 90 1748 rem
104 1727 225 1753 deputandi.

396 144 419 164 Ο

869 215 992 240 PAULUS
1011 217 1030 240 V
1050 218 1100 240 PP.

240 265 483 301 carmelitarum
514 265 787 300 Discalceatorum
817 265 849 298 in
881 275 982 307 regno

240 320 395 354 Franciae
415 320 561 353 nondum
583 326 662 360 erat,
686 325 783 364 prout
808 319 924 358 adhuc,
948 324 983 351 ut

241 374 405 414 asseritur,
420 384 485 408 non
501 374 733 413 estinstitutus,
745 374 883 407 voluerit
897 373 987 407 idem'

240 427 386 462 Clemens
400 428 638 471 praedecessor,
652 433 697 467 ut,
714 438 883 471 quousque
897 427 982 461 Ordo

241 481 428 525 praedictus
458 481 489 513 in
521 481 642 514 dietum
674 491 809 522 regnum
834 480 982 513 introdu-

241 540 380 575 ceretur,
399 535 629 568 monasterium
652 535 855 578 praedictum
878 534 984 567 visita-

241 588 322 621 tioni
344 594 376 621 et
390 588 583 621 correctioni
597 588 755 630 generalis
768 588 895 622 Ordinis
909 588 981 622 Car-

239 641 412 675 thusiensis
440 652 476 675 ac
497 641 773 674 administrationi
801 642 896 674 trium
918 653 979 675 no-

240 695 439 728 minatorum
472 694 504 727 in
530 694 645 728 litteris
671 695 857 738 apostolicis
887 707 984 739 super

241 748 405 782 erectione
426 748 526 792 ipsius
547 748 735 782 monasterii
756 749 912 792 expeditis
932 760 983 782 su-

241 802 382 836 biectum
402 808 495 843 esset,
512 809 609 846 prout
631 802 662 834 in
684 802 747 835 illis
766 802 894 846 plenius
909 813 984 836 con-

242 855 398 896 tinetur¹;

288 912 305 954 g
331 910 360 944 2.
382 910 537 954 Cumque,
562 909 644 943 sicut
669 911 864 954 accepimus,
889 921 984 955 prae-

244 964 348 998 dictus
373 964 533 1006 generalis
563 964 849 998 Cartbusianorum
875 965 985 1007 vigore

242 1018 364 1052 decreti
382 1018 414 1051 in
436 1018 579 1062 capitulo
600 1018 744 1060 generali
759 1018 835 1052 dicti
856 1018 985 1052 Ordinis

242 1072 406 1106 celebrato
439 1082 520 1105 onus
550 1072 736 1106 huiusmodi
768 1073 980 1106 recusaverit:

240 1137 309 1169 nos,
323 1137 364 1160 ne
378 1127 610 1160 monasterium
628 1127 832 1171 praedictum
854 1127 985 1171 aliquod

241 1181 274 1214 in
304 1180 525 1225 spiritualibus
559 1181 791 1214 detrimentum
821 1181 981 1225 patiatur,

240 1240 425 1278 opportune
450 1245 509 1278 pro
530 1241 643 1267 nostro
669 1235 823 1278 pastorali
849 1245 984 1268 munere

239 1288 413 1332 providere
433 1289 587 1329 volentes,
612 1299 648 1321 ac
668 1289 707 1322 de
724 1291 777 1322 tua
797 1289 981 1332 prudentia,

240 1341 304 1374 fide
325 1347 356 1374 et
380 1341 565 1384 integritate
591 1342 769 1385 plurimum
791 1342 823 1374 in
848 1342 985 1375 Domino

240 1394 365 1435 confisi,
392 1395 458 1435 tibi,
481 1401 515 1428 ut
540 1395 674 1437 singulis
702 1395 859 1437 trienniis,
882 1396 985 1428 donec

241 1448 329 1482 aliud
348 1459 365 1481 a
386 1448 479 1482 nobis
498 1454 529 1482 et
545 1448 731 1492 Apostoliea
750 1449 832 1481 Sede
851 1449 985 1481 manda-

243 1508 309 1536 tum
336 1502 432 1536 suerit
452 1502 590 1546 (etiamsi
609 1503 684 1536 dieti
706 1503 818 1536 fratres
835 1503 987 1536 Carmeli-

245 1562 294 1590 tae
321 1556 508 1590 Discalceati
532 1562 606 1589 tune
629 1557 736 1590 forsan
762 1556 908 1597 Parisiis,
940 1558 986 1590 vel

244 1620 277 1643 in
297 1609 368 1643 aliis
389 1609 572 1642 civitatibus
597 1615 628 1643 et
654 1602 731 1643 locis
752 1610 844 1652 regni
868 1609 988 1644 Gallia-

243 1674 315 1696 rum
334 1670 509 1697 conventus
523 1663 698 1703 obtineant,
716 1664 762 1697 vel
778 1664 988 1708 imposterum

244 1718 481 1761 assequantur),
502 1728 602 1750 unum
621 1718 822 1751 sacerdotem
844 1719 988 1751 saecula-

244 1781 312 1804 rem
333 1777 437 1804 aetate
463 1782 603 1814 gravem,
628 1771 710 1804 vitae
730 1771 893 1815 probitate
919 1782 989 1815 spe-

243 1831 362 1859 ctatum
396 1827 445 1868 (ex
481 1826 607 1858 duobus
632 1825 688 1858 tibi
715 1826 922 1859 nominandis
953 1837 989 1858 ae

243 1878 490 1923 praesentandis
511 1889 568 1923 per
585 1879 768 1923 praedictos
785 1879 988 1912 administra-

245 1932 342 1976 tores)
357 1932 388 1965 in
403 1932 600 1966 visitatorem
623 1932 698 1966 dicti
720 1940 750 1965 et
769 1933 906 1965 aliorum
922 1944 988 1965 me-

243 1986 462 2020 nasteriorum
505 1986 693 2020 monialium
743 1986 987 2020 Carmelitaruiu

242 2040 534 2074 Discaleeatarum‘l
553 2040 583 2073 in
599 2040 685 2073 dicto
711 2051 810 2082 regno
835 2040 989 2073 Franciac

244 2100 426 2128 erectorum
449 2094 496 2127 vel
518 2094 730 2137 imposterum
758 2093 987 2135 erigendoruni

244 2149 419 2192 deputare,
453 2158 489 2180 ac
524 2147 612 2179 illuni
643 2147 687 2179 sie
718 2147 907 2190 deputatum
935 2153 988 2179 tuo

245 2201 382 2235 arbitrio
403 2200 500 2234 etiam
523 2200 604 2233 inl'ra
630 2200 804 2234 triennium
823 2210 986 2240 revocare,

245 2265 282 2288 ac
299 2254 391 2287 sinito
410 2253 549 2286 triennio
563 2254 603 2285 ad
618 2253 703 2285 aliud
724 2253 911 2291 triennium,
925 2264 987 2286 nou

246 2314 353 2342 tamen
374 2308 470 2344 ultra,
494 2308 699 2347 confirmare,
723 2306 916 2340 auctoritate
938 2318 990 2340 no-

246 2364 310 2396 stra
330 2362 505 2406 apostolica
545 2360 646 2405 possis
678 2366 708 2393 et
735 2360 852 2400 valeas,
877 2361 988 2393 eadem

247 2415 439 2450 auctoritate
477 2416 662 2448 facultatem
699 2421 729 2447 et
765 2414 988 2448 auctoritatem

248 2465 456 2504 concedimus
482 2475 513 2503 et
538 2470 751 2513 impertimur.

285 2551 295 2577 1
320 2550 390 2578 llaec
410 2558 519 2586 quoque
535 2549 695 2577 Constitutio
722 2557 773 2577 non
795 2549 933 2585 reperitur
963 2549 988 2576 iu

248 2595 381 2622 Bultario
399 2596 436 2630 (n.
460 2594 509 2629 iu).

283 2639 301 2666 2
319 2638 390 2666 Edit.
411 2638 489 2666 Malu.
506 2639 589 2667 habet
603 2639 849 2668 Discatceatorum
864 2640 901 2673 (n.
922 2641 968 2673 vr.).

332 2692 411 2720 Bull.
433 2693 516 2720 Rom.
539 2708 572 2713 -
591 2693 649 2720 Vol.
666 2693 716 2720 XI.
898 2693 932 2720 45

1017 382 1081 404 uon
1103 372 1197 405 etiam
1217 382 1443 416 quaecumque
1462 373 1525 406 alia
1544 373 1690 406 eiusdem
1709 372 1763 407 Or-

1018 425 1101 458 dinis
1134 426 1380 458 Carmelitarum
1412 425 1700 460 Discalceatarum¹
1731 426 1764 459 in

1018 484 1085 512 toto
1095 478 1271 511 Galliarum
1285 489 1385 521 regno
1400 490 1487 512 nunc
1501 485 1532 513 et
1544 490 1604 524 pro
1619 485 1766 523 tempore

1018 532 1229 565 consistentia
1249 533 1461 573 monasteria,
1483 543 1664 577 eorumque
1676 544 1767 577 supe-

1018 585 1130 625 riores,
1155 585 1332 619 abbatissas
1348 596 1405 618 seu
1425 586 1596 629 priorissas
1609 613 1616 626 ‚
1641 597 1679 619 ac
1698 596 1768 619 rno-

1019 639 1119 672 niales
1137 645 1167 671 et
1188 639 1265 672 alias
1286 650 1442 682 personas
1456 639 1488 672 in
1503 639 1548 673 eis
1560 640 1714 682 degentes
1727 640 1768 672 vi-

1018 693 1126 733 sitare,
1142 704 1177 726 ac
1192 699 1255 725 tam
1270 692 1319 725 in‘·'
1333 694 1438 737 capite
1452 704 1548 737 quam
1563 694 1594 726 in
1612 693 1767 728 membris

1019 748 1183 789 corrigere
1198 752 1229 780 et
1245 748 1438 787 reformare,
1458 758 1494 780 ac
1514 747 1546 780 in
1564 747 1766 790 singularum

1014 801 1132 841 vitam,
1158 800 1256 841 ritus,
1281 811 1389 834 mores
1411 806 1441 833 et
1461 800 1666 844 disciplinam
1689 801 1764 834 dili-

1019 860 1132 898 genter
1150 854 1327 898 inquirere,
1351 864 1480 887 necnon
1498 854 1719 898 <evangelicae
1737 861 1769 888 et

1020 908 1216 953 apostolieae
1243 908 1426 949 doetrinae,
1456 919 1691 953 sacrorumque
1716 919 1768 942 ea-

1020 973 1141 996 nonum
1157 968 1188 995 et
1201 961 1414 995 conciliorum
1437 962 1639 1004 generalium
1658 963 1769 996 decre-

1022 1017 1069 1057 tis,
1093 1016 1355 1059 Sanctorumque
1380 1016 1512 1048 Patrum
1540 1015 1769 1050 traditionibus

1021 1082 1056 1103 ae
1074 1070 1279 1113 regularibus
1300 1069 1376 1103 dicti
1397 1068 1526 1103 Ordinis
1547 1069 1701 1103 institutis
1722 1070 1770 1103 in-

1021 1124 1198 1166 haerendo)
1219 1133 1447 1167 quaecumque
1469 1123 1661 1164 mutatione,
1698 1133 1769 1156 cor-

1020 1178 1174 1219 rectione,
1196 1177 1440 1217 reformatione,
1461 1177 1700 1215 emendatione,
1719 1188 1770 1211 re-

1020 1233 1198 1272 vocatione,
1223 1227 1433 1265 renovatione
1452 1231 1615 1264 autetiam
1637 1242 1673 1264 ex
1688 1231 1768 1265 inte-

1020 1297 1078 1329 gro
1093 1286 1235 1319 editione
1254 1285 1401 1328 indigere
1415 1285 1613 1328 cognoverit,
1631 1293 1769 1327 mutare,

1021 1340 1204 1382 corrigere,
1229 1335 1429 1379 reformare,
1453 1339 1645 1378 emendare,
1670 1349 1765 1372 revo-

1022 1403 1106 1433 care,
1130 1402 1286 1425 renovare
1313 1398 1344 1425 et
1377 1393 1416 1426 de
1444 1402 1528 1425 novo
1558 1393 1765 1434 constituere,

1022 1447 1152 1480 condita
1177 1446 1275 1479 saeris
1295 1446 1475 1479 canonibus
1495 1452 1526 1480 et
1546 1446 1679 1480 Concilii
1699 1446 1768 1479 Tri-

1022 1499 1144 1533 dentini
1167 1499 1304 1533 decretis
1329 1509 1366 1532 ac
1387 1499 1593 1541 regularibus
1614 1499 1768 1533 institutis

1023 1553 1098 1587 dieti
1112 1553 1241 1587 Ordinis
1254 1563 1320 1586 non
1333 1553 1550 1597 repugnantia
1561 1553 1768 1595 confirmare,

1023 1609 1141 1641 abusus
1155 1617 1378 1652 quoscumque
1394 1607 1517 1647 tollere,
1535 1608 1637 1641 bonas
1654 1614 1685 1641 et
1701 1608 1770 1641 lau-

1024 1662 1146 1695 dabiles
1167 1661 1397 1701 institutiones,
1425 1671 1461 1694 ae
1491 1661 1524 1694 in
1552 1661 1667 1705 primis
1687 1661 1769 1694 divi-

1024 1727 1100 1750 num
1122 1716 1257 1755 cultum,
1278 1716 1490 1749 monasticam
1510 1715 1714 1760 disciplinam
1740 1721 1771 1749 et

1023 1771 1260 1804 observantiam
1283 1770 1478 1813 regularem,
1499 1770 1697 1813 ubicumque
1715 1780 1769 1803 cx-

1024 1825 1181 1863 ciderint,
1214 1824 1319 1857 modis
1340 1823 1492 1865 congruis
1522 1823 1709 1863 restituere,
1734 1834 1770 1856 ae

1024 1880 1107 1923 ipsas
1133 1878 1291 1911 moniales
1316 1883 1347 1910 et
1366 1877 1444 1910 alias
1470 1887 1622 1920 personas
1642 1877 1770 1921 praedi-

1023 1939 1089 1965 ctas
1109 1933 1149 1965 ad
1181 1931 1339 1974 regularis
1367 1931 1534 1964 clausurae
1556 1931 1705 1970 formam,
1733 1941 1770 1963 ac

1024 1984 1169 2017 debitum
1195 1989 1225 2016 et
1250 1983 1423 2016 honestum
1449 1982 1531 2015 vitae
1553 1982 1686 2015 modum
1713 1992 1766 2015 re-

1024 2039 1154 2077 ducere,
1176 2037 1201 2070 si
1219 2037 1344 2080 aliquas
1363 2036 1394 2069 in
1416 2036 1526 2080 aliquo
1545 2036 1770 2080 delinquentes

1024 2090 1190 2134 repererit,
1214 2100 1266 2123 eas
1287 2090 1375 2123 iuxta
1396 2089 1567 2123 canonicas
1587 2089 1770 2122 sanctiones

1024 2149 1054 2177 et
1071 2144 1232 2185 regularia
1250 2143 1393 2177 instituta
1412 2143 1488 2176 dicti
1507 2142 1636 2176 Ordinis
1654 2142 1769 2186 punire

1024 2204 1054 2231 et
1075 2198 1249 2240 castigare3
1273 2208 1499 2241 quaecumque
1526 2206 1600 2229 vero
1621 2196 1770 2238 graviora

1026 2251 1202 2295 repererit,
1227 2262 1263 2283 ea
1291 2251 1322 2283 in
1348 2250 1475 2294 seriptis
1496 2251 1626 2283 redacta
1646 2250 1686 2282 ad
1711 2260 1770 2282 nos

1025 2306 1196 2347 diligenter
1216 2304 1335 2337 del'erri
1356 2304 1471 2344 facere,
1491 2314 1527 2337 ac
1548 2313 1769 2347 quascumque

1025 2360 1172 2399 rebelles,
1188 2365 1217 2392 et
1233 2358 1419 2403 praemissis
1440 2368 1504 2391 nou
1525 2364 1689 2401 parentes,
1710 2367 1769 2400 per

1024 2424 1177 2447 censuras
1195 2418 1225 2446 et
1243 2422 1364 2456 poenas
1378 2411 1620 2451 ecclesiasticas,
1642 2410 1769 2453 aliaque

1025 2472 1209 2511 opportuna
1235 2466 1314 2499 iuris
1335 2471 1365 2499 et
1386 2465 1459 2498 sacti
1480 2464 1635 2504 remedia,
1659 2464 1769 2508 appel-

1062 2550 1071 2574 1
1090 2547 1159 2574 Edit.
1176 2547 1255 2575 Main.
1273 2547 1316 2582 leg
1344 2546 1387 2573 bic
1402 2549 1428 2573 et
1442 2554 1501 2581 sup.
1520 2545 1769 2574 Discalceatorum

1024 2596 1064 2626 (n.
1081 2594 1128 2627 Tr).

1058 2639 1074 2665 2
1095 2638 1244 2674 l'raeposit.
1266 2637 1298 2666 in
1314 2645 1364 2665 nos
1380 2636 1527 2664 adiecimus
1545 2636 1580 2672 (u.
1602 2635 1651 2671 tt).

1660 205 1726 240 353
1772 216 1822 243 An.
1844 215 1872 243 c.
1896 216 1965 244 ¹606

1061 267 1077 307 g
1095 264 1125 298 3,
1146 264 1258 298 Eidem
1273 274 1348 298 vero
1360 264 1529 305 visitatori,
1547 264 1603 306 sic,
1620 270 1655 298 ut
1667 274 1759 309 prae-
1789 278 1912 299 Facultates
1923 278 1961 298 iiu-

1776 305 1866 325 iusmodi
1890 306 1964 324 visita-

1018 318 1165 358 mittitur,
1186 329 1204 351 a
1224 324 1254 352 te
1275 319 1440 362 deputam,
1462 318 1680 363 praedictum,
1701 329 1762 352 nec
1776 334 1816 351 ior.
1839 331 1964 352 concedun-
