2227 3241
210 297 258 322 An.
278 296 306 322 C.
324 295 392 323 1609

439 287 502 320 580
989 295 1164 320 armanni

413 344 540 378 suntina
563 343 623 376 tale
646 343 815 385 collegium
836 348 990 378 erexerat,
1009 353 1064 376 seu
1085 343 1147 376 eri-

408 397 502 440 gendi
521 396 700 429 facultatem
721 401 931 437 concesserat,
947 396 1091 429 eamdem
1107 396 1148 429 fa-

408 451 556 483 cultatem
580 460 651 483 cum
675 449 747 482 inde
765 449 908 493 sequutis
928 454 1142 490 revocaverat,

406 503 445 535 de
470 502 585 546 quibus
611 508 716 535 tamen
745 509 773 536 et
808 502 867 535 liae
892 503 993 536 vicina
1020 503 1145 536 univer-

405 556 496 589 sitate
522 556 687 600 praedicta
715 557 744 589 in
771 557 882 590 litteris
904 557 1045 590 eiusdem
1068 556 1143 590 sixti

405 610 661 654 praedecessoris
698 610 837 654 desuper
871 610 1024 644 confectis
1056 610 1145 643 nulla

407 664 526 698 mentio
558 665 638 697 tacta
671 664 767 697 suerat
785 691 792 705 ,
820 675 855 698 ac
881 664 1017 708 proinde
1043 664 1144 698 dictae

405 718 530 752 litterae
564 718 678 751 merito
706 718 840 758 nullae,
867 725 896 752 et
923 717 1142 762 subreptioni⁴

405 772 594 813 censendae,
619 777 647 805 et
673 772 871 805 revocandae
888 777 1001 812 erant,
1026 771 1144 816 quibus

405 825 500 859 etiam
525 836 584 869 per
604 826 753 859 eumdem
776 826 896 859 Sixtusn
919 825 1144 870 praedecesso-

404 889 471 912 rem
498 879 648 923 acceptis,
669 890 705 913 ae
727 879 859 912 materia
884 879 1067 912 huiusmodi
1086 890 1144 923 per

404 932 536 966 dilectos
557 933 640 966 filios
659 938 786 967 nostros
807 939 881 966 tunc
902 933 1143 977 suosllierony-

403 996 492 1019 mum
510 992 638 1020 sanctae
658 986 820 1020 Susannae
847 997 882 1020 ae
912 986 1141 1031 Hieronymum

404 1040 504 1073 sancti
531 1040 616 1073 Petri
643 1040 682 1073 ad
706 1040 838 1073 Vincula
869 1040 1033 1073 titulorum
1064 1050 1139 1073 san-

404 1099 472 1127 ctae
492 1093 656 1127 Romanae
683 1093 842 1127 Ecclesiae
869 1094 1047 1127 cardinales
1072 1094 1138 1127 Ru-

403 1147 571 1181 sticucium
596 1153 627 1181 et
651 1147 774 1181 Rovere
802 1154 1003 1191 nuncupatos
1032 1157 1140 1181 coram

403 1201 517 1235 eodem
543 1201 629 1236 Sixto
654 1201 902 1245 praedecessore
921 1200 1074 1245 exposita,
1091 1200 1142 1233 lit-

404 1260 486 1288 teras
511 1254 708 1299 praedictas,
729 1261 761 1287 ut
787 1254 826 1287 ab
852 1254 972 1287 eisdem
994 1254 1141 1287 cardina-

402 1308 485 1341 libus
510 1308 573 1341 tide
605 1308 699 1350 digna
738 1308 893 1341 relatione
932 1307 1033 1340 dictus
1057 1307 1138 1341 Gre-

402 1361 511 1403 gorius
554 1362 785 1405 praedecessor
825 1367 989 1405 acceperat
1017 1389 1022 1401 ‚
1068 1362 1141 1394 licet

402 1415 584 1458 plumbatas
598 1422 625 1448 et
645 1415 683 1448 dc
704 1415 772 1448 eius
789 1415 940 1448 mandato
959 1415 988 1448 in
1007 1415 1140 1459 plumbo

403 1474 560 1509 retentas,
595 1468 801 1512 postmodum
838 1468 971 1502 lacerari
1001 1468 1138 1501 manda-

403 1527 505 1555 verat:
531 1521 614 1555 idem
640 1522 813 1565 Gregorius
838 1521 1075 1566 praedeeessor,
1104 1532 1139 1554 ex

402 1575 495 1608 dictis
530 1575 688 1619 certisque
720 1575 789 1609 aliis
822 1576 926 1609 cailisis
951 1576 1140 1619 urgentibus

401 1634 499 1671 atque
520 1628 609 1662 iustis
635 1629 661 1662 ei
688 1629 783 1669 notis,
805 1629 912 1662 volens
933 1629 1090 1662 scandalis
1111 1636 1139 1662 et

403 1681 666 1715 inconvenientiis
699 1682 890 1725 praedictis,
924 1688 1017 1725 prout
1046 1683 1075 1715 in
1102 1693 1139 1716 eo

401 1740 492 1772 erat.
531 1735 685 1773 obviare,
721 1746 756 1769 ae.
787 1735 1003 1769 universitatis
1028 1736 1138 1780 oppidi

400 1788 512 1821 Dolani
534 1788 718 1821 huiusmodi
741 1788 951 1828 indemnitati,
970 1795 1063 1832 prout
1082 1800 1140 1833 par

401 1847 491 1881 erat,
530 1842 719 1882 consulere,
748 1843 934 1875 earumdem
961 1842 1137 1875 litterarum

402 1901 529 1929 tenores
561 1905 619 1939 pro
653 1895 808 1939 expressis
839 1905 874 1928 ac
907 1896 945 1929 de
977 1896 1074 1929 verbo
1099 1897 1139 1929 ad

402 1949 533 1983 verbum
561 1949 688 1983 insertis
713 1949 852 1989 liabens,
876 1949 934 1983 sub
960 1949 1068 1983 datum
1097 1950 1140 1983 vi-

401 2003 517 2036 delicet
535 2003 585 2037 die
603 2014 620 2037 v
639 2003 791 2036 februarii
809 2013 916 2045 mnxei,
934 2003 1140 2048 pontificatus

401 2052 450 2090 sui
475 2067 560 2090 anno
586 2068 614 2098 1,
639 2063 727 2090 motu
753 2057 886 2102 proprio
902 2085 909 2096 ,
937 2064 967 2090 et
993 2068 1027 2090 ex
1055 2060 1140 2092 certa

401 2113 458 2144 sua
482 2111 623 2152 scientia,
645 2121 680 2144 ac
701 2111 740 2144 de
761 2111 955 2155 apostolicae
976 2112 1140 2155 potestatis

401 2163 612 2208 plenitudine,
636 2164 797 2197 licentiam
824 2171 851 2197 ct
876 2165 1057 2198 facultatem
1079 2165 1141 2198 eri-

403 2217 498 2259 gendi
519 2217 690 2260 collegium
710 2217 741 2250 in
760 2217 885 2251 civitate
906 2217 1081 2258 Bisuntina,
1105 2228 1141 2250 ac

404 2271 562 2305 indultum
588 2270 791 2311 huiusmodi,
816 2281 851 2304 ac
873 2271 1011 2315 desuper
1035 2271 1141 2304 eonse-

404 2330 468 2358 ctas
500 2324 622 2358 litteras
640 2351 647 2365 ,
676 2324 848 2368 omniaque
873 2330 902 2358 et
928 2324 1053 2367 singula
1079 2325 1158 2361 alia?

403 2378 433 2410 in
460 2377 551 2411 dictis
576 2377 688 2411 litteris
713 2383 873 2418 contenta,
894 2378 1085 2411 auctoritate
1107 2385 1158 2411 a-³

402 2431 555 2475 postotica
577 2437 733 2476 perpetuo
755 2431 928 2471 revocavit,
949 2431 1158 2476 penitusque,

404 2485 546 2526 cassavit,
570 2485 743 2519 annullavit
770 2491 797 2518 et
826 2484 944 2517 viribus
965 2485 1159 2539 evacuavit,⁸

404 2549 440 2572 ac
463 2543 637 2579 revocatas,
661 2543 797 2572 cassatas
822 2543 850 2571 et
876 2537 1074 2577 annullatas,
1098 2538 1159 2583 vi-1

405 2591 557 2636 ribusque
577 2596 744 2626 evacuatas
766 2597 796 2625 et
817 2591 933 2631 irritas,
957 2591 1159 2639 nulliusque¹

442 2665 451 2690 1
475 2663 575 2692 Forsan
590 2664 733 2699 legendum
744 2663 944 2698 subreptionis,
958 2663 998 2690 vel
1023 2664 1141 2699 subrep-

407 2708 596 2743 lili‹1e[n.r.).

1194 295 1343 318 nouantur

1182 352 1314 386 prorsus
1341 341 1468 375 roboris
1493 351 1529 374 ac
1556 341 1709 375 momenti
1734 342 1781 375 vel
1805 341 1914 375 et'tica⁴

1182 396 1248 429 ciae
1273 396 1339 429 sore
1365 405 1423 428 nec
1449 404 1533 435 esse,
1561 405 1597 428 ac
1621 405 1681 439 pro
1706 395 1839 428 omnino
1864 395 1914 428 in-

1182 450 1270 484 sectis
1291 449 1402 484 baberi
1423 449 1551 491 debere,
1572 459 1629 482 nec
1651 448 1823 492 praedictis
1843 457 1917 482 con-

1180 503 1395 537 servatoribus
1414 530 1421 543 ,
1468 513 1522 536 seu
1555 501 1825 545 gubernatoribus
1845 528 1853 543 ,
1887 507 1918 535 et

1180 556 1468 597 communitati‚-et
1492 555 1692 597 hominibus,
1720 560 1817 600 atque
1837 555 1917 589 adeo

1180 611 1237 654 ipsi
1264 610 1381 644 civitati
1408 610 1603 651 Bisuntinae,
1627 615 1682 644 aut
1699 609 1917 654 praeceptori-

1179 664 1236 697 bus
1262 670 1289 697 et
1317 663 1517 697 scholaribus
1542 663 1732 707 praedictis,
1759 673 1816 697 seu
1840 663 1913 707 qui-

1180 718 1284 751 busvis
1302 717 1381 758 aliis,
1396 717 1427 750 in
1445 717 1553 762 aliquo
1571 717 1758 760 suffragari3
1774 716 1916 760 aliasque

1179 772 1298 805 litteras
1324 777 1399 805 tunc
1425 772 1564 816 desuper
1585 770 1802 805 conficiendas
1826 770 1916 803 nullo

1179 835 1331 869 uinquam
1351 831 1505 869 tempore,
1519 825 1614 858 etiam
1636 824 1723 868 quod
1739 829 1914 860 senatores,

1177 889 1233 912 seu
1258 879 1510 922 gubernatores,
1546 884 1576 912 et
1605 878 1658 912 alii
1693 877 1849 922 praedicti
1876 877 1915 910 ad

1177 932 1238 965 hoc
1264 933 1366 966 vocati
1392 943 1456 966 non
1482 932 1611 973 suerint,
1639 937 1694 965 aut
1718 930 1794 965 alias
1814 930 1856 963 si¹
1879 942 1916 963 ex

1177 986 1287 1030 quavis
1312 988 1423 1027 causa,
1452 987 1490 1020 de
1516 985 1732 1030 subreptionis
1752 985 1798 1018 vel
1821 984 1915 1018 obre-

1176 1038 1303 1082 ptionis,
1321 1049 1377 1072 seu
1393 1038 1646 1079 nullitatjsvitio,
1663 1039 1709 1071 vel
1730 1037 1915 1071 intentionis

1176 1102 1251 1126 suae
1269 1098 1321 1126 aut
1338 1102 1545 1137 quocumque
1562 1091 1625 1125 alio
1655 1091 1781 1125 defectu
1799 1091 1914 1130 notari,

1177 1146 1376 1190 impugnari,
1401 1153 1455 1180 aut
1480 1146 1664 1187 retractari,
1688 1155 1743 1178 seu
1764 1145 1915 1179 adversus

1176 1210 1228 1233 eas
1253 1200 1482 1244 quodcumque
1504 1199 1592 1239 iuris,
1617 1199 1749 1241 gratiae,
1773 1198 1819 1232 vel
1842 1198 1914 1231 sacti

1176 1253 1353 1287 remedium
1388 1253 1553 1297 impetrari
1590 1253 1773 1286 nullatenus
1797 1262 1911 1296 posse:

1174 1308 1229 1340 sed
1255 1307 1416 1341 observari
1443 1313 1474 1341 et
1498 1305 1704 1351 adimptori‘2:
1728 1306 1838 1350 sicque
1858 1315 1916 1349 per

1175 1372 1396 1405 quoscumque
1419 1361 1539 1394 iudices
1557 1361 1652 1393 etiam
1675 1370 1842 1394 causarum
1861 1359 1916 1392 Pa-

1176 1415 1240 1447 latii
1263 1414 1436 1458 Apostolici
1459 1414 1621 1447 auditores
1647 1419 1675 1446 et
1697 1418 1825 1446 sanctae
1851 1413 1913 1446 Ro-

1176 1478 1289 1500 manae
1313 1467 1472 1501 Eeelesiae
1498 1467 1677 1500 cardinales
1702 1466 1848 1510 (sublata
1869 1465 1914 1499 eis

1175 1526 1202 1553 et
1225 1531 1337 1554 eorum
1360 1521 1492 1554 cuilibet
1509 1520 1619 1564 quavis
1639 1520 1732 1553 aliter
1750 1519 1912 1553 iudicandi

1175 1579 1205 1606 et
1226 1574 1457 1617 interpretandi
1479 1573 1628 1606 facultate
1654 1578 1685 1606 et
1710 1572 1913 1615 auctoritate)

1175 1628 1307 1661 iudicari
1327 1634 1357 1662 ct
1377 1628 1503 1661 definiri
1523 1628 1650 1667 debere,
1668 1627 1862 1671 irritumque
1883 1632 1911 1659 et

1176 1681 1268 1715 inane
1293 1682 1488 1721 decernens,
1517 1681 1674 1724 quidquid
1700 1690 1791 1713 secus
1815 1690 1914 1723 super

1175 1735 1223 1767 liis
1244 1745 1300 1778 pcr
1317 1744 1539 1778 quoscumque
1556 1733 1801 1778 quomodolibet
1816 1738 1914 1767 atten-

1175 1788 1233 1821 tari
1258 1788 1478 1830 contingeret:
1507 1797 1570 1820 non
1597 1786 1798 1820 obstantibus
1822 1786 1910 1819 eius-

1174 1842 1246 1874 dem
1273 1841 1347 1874 Sixti
1366 1840 1636 1885 praedecessoris,
1666 1845 1696 1873 et
1719 1839 1789 1873 aliis
1813 1850 1909 1884 prae-

1174 1895 1295 1935 missis,
1322 1905 1380 1928 nec
1405 1905 1469 1927 non
1496 1893 1779 1928 constitutionibus
1803 1900 1834 1927 et
1859 1904 1912 1926 or-

1175 1948 1394 1982 dinationibus
1427 1947 1632 1992 apostolicis,
1665 1957 1701 1981 ac
1733 1947 1857 1981 statutis
1881 1952 1911 1981 et

1174 2002 1348 2046 privilegiis
1385 2002 1413 2034 in
1451 2001 1649 2034 contrarium
1683 2000 1789 2034 forsan
1825 2011 1908 2045 quo-

1176 2056 1351 2090 modolibet
1387 2055 1570 2089 concessis:
1611 2055 1727 2099 quibus
1762 2054 1911 2088 omnibus

1175 2110 1325 2143 latissime
1351 2111 1385 2142 ea
1411 2109 1477 2142 vice
1505 2108 1686 2153 specialiter
1710 2114 1740 2142 et
1764 2103 1911 2152 expresse

1175 2163 1364 2206 derogavit,
1404 2162 1602 2206 caeterisque
1634 2161 1803 2196 contrariis
1834 2161 1908 2206 qui-

1174 2218 1384 2261 buscumque.
1417 2217 1462 2250 Ne
1488 2222 1594 2250 autern
1621 2216 1659 2249 de
1684 2215 1907 2255 revocatione,

1175 2271 1351 2304 cassatione
1366 2298 1373 2309 ,
1408 2269 1649 2310 annullatione,
1678 2268 1885 2303 evacuatione.
1900 2296 1907 2308 ‚

1174 2325 1305 2357 decreto
1330 2330 1358 2358 et
1385 2323 1592 2366 derogatione
1612 2322 1757 2366 Gregorii
1778 2322 1911 2366 praede·

1174 2378 1309 2412 cessoris
1334 2377 1519 2412 huiusmodi
1541 2378 1613 2421 (pro
1638 2387 1676 2410 eo
1708 2376 1795 2420 quod
1815 2386 1912 2419 super

1176 2432 1236 2465 illis
1271 2431 1412 2465 eiusdem
1446 2430 1590 2473 Gregorii
1629 2428 1907 2474 praedecessoris,

1175 2486 1243 2519 eius
1267 2484 1511 2529 superveniente
1537 2483 1648 2523 obitu,
1678 2483 1803 2516 litterae
1827 2492 1907 2526 apo-

1174 2539 1304 2573 stolicae
1336 2538 1499 2572 confectae
1528 2547 1593 2570 non
1626 2535 1778 2579 suerunt)
1809 2535 1911 2568 valeat

1174 2591 1418 2637 quomodolibet
1444 2589 1592 2624 haesitari
1608 2617 1615 2631 ,
1643 2589 1791 2623 volumus
1817 2593 1846 2622 et
1871 2588 1911 2621 si-

1213 2664 1222 2690 1
1246 2661 1407 2690 Particulam
1425 2661 1451 2688 si
1470 2659 1622 2688 redundare
1638 2658 1743 2695 videtur
1759 2660 1795 2696 (a.
1812 2659 1862 2691 τ.).

1210 2707 1225 2734 *2
1245 2706 1418 2742 Subintellige
1429 2705 1537 2737 debere,
1550 2704 1622 2740 quod
1637 2712 1694 2741 seq.
1710 2707 1803 2741 postea
1811 2703 1849 2739 (n.
1861 2703 1909 2738 τ.).

1929 292 1978 319 An.
1996 292 2024 320 C.
2045 291 2114 320 ⁴609
