2227 3241
61 223 114 251 An.
131 223 159 251 C.
181 223 248 252 1608

901 231 1017 255 eaqu's

257 274 315 307 sub
335 274 470 318 plumbo
496 276 656 321 expediri,
681 278 886 312 facultatibus
904 285 933 312 et
951 280 999 312 iu-

257 327 499 364 risdictionibus
515 336 625 364 nostro
644 331 673 364 111
692 332 777 365 Urbe
798 338 826 365 et
848 332 917 365 eius
937 332 1000 365 dis-

258 382 353 417 trictu
375 384 407 417 in
427 385 649 429 spiritualibus
679 387 799 421 vicario
830 388 995 430 generali,

256 438 396 471 senatori
433 443 463 471 et
495 449 663 473 causarum
702 440 810 474 curiae
846 440 999 475 Gamerae

257 490 459 534 Apostolicae
473 493 614 535 generali
630 494 782 534 auditori,
795 504 850 527 seu
865 494 894 527 S.
913 494 948 527 P..
965 495 997 527 Ε.

257 545 485 587 cardinalibus,
502 546 667 591 quibusvis
685 548 789 582 dictae
803 548 897 582 Urbis
917 549 999 582 iudi-

257 597 347 632 cibus
366 600 569 643 supradictis,
591 607 622 634 et
643 601 714 634 aliis
738 601 904 646 quibusvis
925 612 997 645 per-

255 652 365 692 sonis,
393 653 453 686 sub
485 653 744 698 quibuscumque
774 654 940 688 tenoribus
968 660 997 687 et

256 705 379 747 formis,
400 717 437 740 ac
462 718 534 741 cum
561 708 748 752 quibusvis,
776 708 872 742 etiam
903 708 997 742 dero-

256 759 456 801 gatoriarum
477 761 691 805 derogatoriis
705 790 712 802 ,
736 762 870 806 aliisque
891 762 998 796 effica-

256 813 410 855 cioribus,
434 815 665 850 efficacissimis
690 821 720 850 et
745 816 880 850 insolitis
904 817 994 850 clau-

255 867 343 909 sulis,
366 879 492 903 necnon
519 869 720 903 irritantibus
752 876 783 903 et
812 870 998 904 fortioribus

255 921 404 963 decretis,
433 922 530 956 etiam
557 929 657 964 motu,
677 924 819 965 seientia,
837 930 866 957 et
891 931 996 968 potes·

254 975 328 1008 tatis
355 976 553 1020 plenitudine
580 977 728 1021 paribus,
754 978 850 1011 etiam
876 978 996 1011 consis-

256 1029 429 1070 torialiter,
453 1041 510 1074 per
530 1041 588 1064 nos
608 1041 664 1065 seu
679 1042 900 1076 quoscumque
918 1032 997 1064 alios

255 1082 416 1117 Romanos
437 1083 620 1125 Pontifices,
642 1085 906 1128 praedecessores
924 1095 997 1118 nos-

256 1142 331 1177 tros,
350 1136 380 1169 in
399 1138 599 1171 contrarium
622 1139 729 1172 forsan
750 1139 994 1183 quomodolibet

254 1191 413 1224 concessis
428 1219 435 1232 ,
467 1191 665 1226 confirmatis
691 1199 718 1226 et
741 1193 938 1237 approbatis,
960 1204 996 1225 ac

254 1244 349 1277 etiam
372 1244 492 1279 iteratis
513 1246 635 1279 vicibus
660 1247 817 1280 innovatis
838 1247 948 1285 (etiam
970 1247 994 1280 si

254 1303 383 1334 cautum
409 1299 446 1331 sit
479 1299 508 1331 in
542 1299 587 1332 eis
619 1310 788 1343 expresse,
818 1301 903 1344 quod
934 1300 995 1333 illis

253 1351 447 1392 nullatenus,
476 1353 523 1386 vel
552 1353 678 1386 nonnisi
709 1354 767 1386 sub
797 1354 890 1387 certis
916 1354 994 1386 inibi

253 1405 358 1439 forsan
385 1407 541 1450 expressis
573 1413 599 1439 et
630 1407 804 1441 nominatis
836 1408 940 1441 modis
965 1414 995 1441 et

253 1459 367 1500 forma,
385 1461 533 1502 derogari
556 1471 610 1493 seu
629 1468 741 1494 contra
756 1461 807 1494 illa
821 1462 991 1505 quicquam

253 1513 386 1546 concedi
405 1514 515 1557 possit,
540 1520 569 1547 et
590 1515 682 1548 aliter
708 1516 809 1548 faetac
834 1525 893 1559 pro
915 1521 994 1548 tem-

252 1576 330 1610 pore
355 1557 580 1610 derogationes
602 1558 655 1601 ⁴et¹
682 1568 903 1602 concessiones
924 1569 993 1601 nul-

253 1620 376 1653 latenus
390 1620 435 1654 eis
452 1621 568 1664 quibus
586 1622 805 1654 concedentur
825 1622 991 1664 suffragari

251 1673 374 1717 possint
401 1685 456 1707 seu
478 1675 634 1715 debeant,
655 1675 838 1720 nulliusque
867 1676 993 1708 roboris

251 1727 299 1760 vel
321 1728 474 1761 momenti
493 1728 669 1771 existant);
693 1729 809 1772 quibus
830 1730 991 1767 omnibus,

251 1780 375 1814 etiamsi
396 1782 435 1815 de
461 1782 522 1815 illis
549 1782 744 1827 illorumque
771 1783 842 1816 totis
873 1784 992 1816 tenori-

251 1834 310 1868 bus
327 1835 485 1879 specialis,
509 1835 669 1880 specifica,
691 1847 840 1880 expressa
861 1843 890 1869 et
911 1837 992 1869 indi-

251 1887 356 1929 vidua,
370 1899 406 1921 ac
425 1889 463 1922 de
479 1889 574 1923 verbo
589 1890 627 1922 ad
646 1890 790 1931 verbum,
806 1900 869 1923 non
885 1896 990 1924 autem

250 1951 308 1985 per
332 1942 490 1976 clausulas
511 1944 676 1985 generales
705 1944 788 1977 idem
816 1944 992 1988 importan-

252 2002 318 2036 tes‚
346 1997 467 2031 mentio
495 2008 550 2031 seu
581 1998 712 2042 quaevis
742 1999 802 2032 alia
830 1999 991 2042 expressio

251 2048 398 2084 habenda
422 2056 477 2084 aut
501 2051 562 2084 alia
583 2052 739 2096 exquisita
760 2053 862 2086 forma
880 2053 917 2085 ad
932 2053 992 2085 boc

249 2104 404 2136 servanda
426 2104 518 2144 foret,
540 2105 666 2138 illorum
691 2111 828 2143 tenores,
850 2117 885 2139 ae
907 2106 930 2138 si
953 2106 991 2138 de

251 2156 347 2189 verbo
372 2157 412 2190 ad
437 2158 568 2191 verbum
583 2159 669 2192 ,1111111
686 2160 813 2203 penitus
827 2159 946 2192 omisso
961 2164 987 2191 et

252 2209 353 2242 forma
374 2210 404 2243 in
422 2210 483 2244 illis
503 2211 616 2245 tradita
632 2212 821 2249 olisert⁷zita‘³,
839 2222 990 2256 praesen-

251 2263 334 2297 tibus
358 2275 416 2308 pro
442 2265 536 2309 plene
552 2266 587 2299 'ct
610 2266 808 2299 sufficienter
832 2266 990 2310 expressis

249 2327 286 2350 ac
299 2317 338 2351 de
353 2318 450 2352 verbo
467 2319 507 2352 ad
526 2320 656 2353 verbum
677 2320 804 2354 insertis
822 2320 986 2359 babentes,

250 2371 311 2405 illis
329 2373 406 2406 alias
425 2373 456 2407 in
471 2384 528 2408 suo
546 2374 663 2407 roboro
683 2375 913 2419 permansuris,
931 2375 990 2408 bac

250 2424 316 2459 vice
337 2426 520 2468 dumtaxat,
548 2427 644 2461 etiam
677 2434 764 2461 motu
795 2433 826 2460 et
857 2428 989 2461 seientia

249 2478 420 2523 similibus,
441 2481 623 2525 specialiter
651 2487 678 2514 ct
709 2491 856 2525 expresse
889 2482 985 2514 ‹lero-

286 2560 297 2584 t
320 2559 541 2587 Coniunctionem
557 2564 584 2588 ec
599 2569 647 2588 nos
662 2560 786 2587 addimus
801 2564 837 2595 tn.
855 2561 904 2595 rs).

284 2598 301 2624 Ξ
321 2598 357 2626 De
372 2607 446 2627 more
467 2601 545 2628 solito
560 2601 730 2629 subdendum
751 2602 821 2629 soret
841 2602 988 2636 exprime-

250 2645 353 2672 rentur
366 2648 392 2671 et
406 2645 604 2674 insererentur
617 2648 657 2681 (11,
670 2650 704 2679 τ).

1043 232 1061 255 v
1086 232 1131 254 ee.
1180 212 1186 219 ¹
1681 220 1739 253 5911

1034 290 1157 321 gamus,
1180 286 1209 313 et
1237 280 1427 321 derogatum
1450 290 1537 320 esse,
1560 289 1619 313 nec
1641 279 1693 312 1113
1714 280 1775 312 eis-

1035 333 1106 365 dem
1146 334 1367 376 praesentibus
1408 334 1579 378 quicquam
1614 334 1775 367 adversari

1034 386 1080 418 vel
1102 386 1230 420 obstare
1251 388 1408 427 volumus,
1433 388 1633 432 caeterisque
1647 395 1775 422 contra-

1033 439 1088 472 riis
1105 441 1375 485 quilniscumque.
1399 441 1482 475 ‘Nulli
1504 452 1591 483 ergo,
1614 448 1672 475 etc.

1077 493 1189 526 Datum
1210 494 1329 527 Romae
1350 495 1434 538 apud
1453 500 1598 528 sanctum
1621 495 1772 534 Marcum,

1033 557 1117 580 anno
1148 548 1381 582 lncarnationis
1409 549 1596 582 Dominicae
1625 559 1771 589 MDCVHI,

1033 611 1063 634 vt
1084 601 1154 634 idus
1176 601 1255 641 iulii,
1279 602 1484 646 pontificatus
1502 603 1603 636 nostri
1624 613 1709 636 anno
1730 613 1771 636 11.

1070 662 1126 690 Dat.
1146 663 1188 690 die
1206 664 1237 691 10
1257 664 1314 691 111111
1334 665 1410 699 1608,
1428 666 1522 701 pontif.
1541 674 1584 693 an.
1603 672 1637 692 tv.
1675 662 1678 665 ’

1357 853 1444 886 CXII.

1032 975 1187 1009 Facullas
1201 978 1269 1018 reqi
1286 977 1443 1010 catholico
1457 978 1649 1021 imponendi
1662 990 1773 1012 census

1075 1040 1172 1073 super
1191 1031 1281 1063 bonis
1301 1032 1472 1064 stabilibus
1497 1043 1682 1066 taenearum
1705 1045 1773 1066 11111-

1074 1084 1265 1125 pluralium
1299 1086 1397 1117 trium
1436 1086 1635 1119 ,llilv'liorztm
1668 1089 1774 1120 sancti

1072 1136 1195 1178 larabi,
1211 1137 1248 1169 {Ie
1263 1137 1448 1173 Calamam,
1461 1144 1488 1171 e!
1502 1140 1539 1172 de
1556 1141 1578 1173 A
1590 1140 1738 1174 leanlara
1750 1141 1767 1173 ¹.

1045 1253 1223 1281 Charissimo
1240 1254 1269 1281 in
1287 1254 1403 1286 Christo
1419 1256 1481 1282 filio
1498 1260 1601 1283 nostro
1618 1257 1753 1291 Philippo

1172 1308 1379 1342 Hispaniarum
1400 1310 1462 1344 1091
1483 1311 1629 1338 catholico

1269 1366 1379 1393 Paulus
1401 1368 1480 1401 Papa
1500 1369 1530 1395 V.

1107 1471 1286 1500 charissime
1308 1473 1336 1500 111
1363 1474 1480 1501 Christo
1504 1475 1546 1501 fni
1571 1478 1684 1508 noster,

1063 1525 1191 1553 salutem
1210 1530 1239 1554 ct
1260 1528 1454 1561 apostolicam
1482 1529 1733 1557 benedictionem.

1843 1632 1885 1651 (jau

1076 1623 1091 1663 ξ
1114 1622 1143 1654 1.
1165 1622 1335 1655 Maiestatis
1359 1629 1429 1655 tuae
1449 1625 1579 1657 nomine
1598 1622 1691 1658 nobis
1713 1635 1770 1657 nu-

1026 1687 1084 1720 per
1109 1676 1287 1719 expositum
1313 1676 1382 1715 fuit,
1405 1678 1459 1710 tibi
1480 1688 1537 1721 pro
1555 1679 1769 1712 satisfactione
1786 1691 1849 1705 wne

1026 1730 1223 1763 creditorum
1248 1736 1376 1763 tuorum
1404 1731 1486 1764 inter
1511 1733 1571 1765 alia
1597 1734 1765 1777 expedire,

1025 1790 1061 1817 ut
1078 1795 1175 1828 super
1195 1785 1288 1818 bonis
1306 1785 1473 1819 stabilibus
1496 1797 1678 1820 mensarum
1702 1799 1769 1821 ma-

1026 1838 1204 1879 gistralium
1221 1838 1316 1871 trium
1332 1839 1514 1872 Militiarum
1530 1841 1631 1873 sancti
1652 1841 1769 1884 iacobi,

1026 1892 1064 1924 de
1081 1892 1244 1924 Calatrava
1259 1897 1286 1924 et
1303 1892 1341 1923 de
1360 1892 1537 1934 Aleantara,
1552 1904 1688 1937 quarum
1703 1905 1769 1927 ina-

1026 1945 1119 1977 icstas
1142 1951 1192 1977 tua
1214 1951 1388 1988 perpetuus
1410 1947 1651 1980 administrator
1673 1959 1767 1991 apos-

1027 1999 1119 2031 tolica
1141 1999 1330 2032 auctoritate
1350 2000 1520 2043 deputatus
1541 2001 1660 2039 existit,
1686 2013 1768 2034 unus

1027 2052 1071 2084 vet
1095 2053 1202 2095 plures
1223 2053 1320 2085 annui
1348 2063 1461 2086 census
1477 2054 1675 2087 redimibiles
1694 2065 1767 2088 cen-

1026 2111 1090 2137 111111
1112 2106 1248 2138 millium
1269 2106 1459 2140 ducatorum
1474 2118 1668 2146 annuorum,
1687 2110 1767 2141 valo-

1025 2157 1067 2189 ris
1086 2157 1180 2189 vicies
1197 2163 1406 2192 centenorum
1424 2159 1557 2192 millium
1575 2161 1763 2193 ducatorum

1026 2210 1054 2242 in
1077 2210 1272 2254 proprietate
1294 2212 1332 2244 ad
1362 2212 1516 2245 rationem
1544 2214 1686 2256 quinque
1708 2224 1765 2256 pro

1024 2264 1167 2307 quolibet
1187 2266 1390 2306 centenario,
1416 2266 1677 2309 imponerentur,
1704 2267 1765 2298 illi-

1024 2328 1085 2360 que
1107 2318 1160 2351 uni
1188 2320 1233 2351 vel
1257 2319 1403 2362 pluribus
1432 2321 1577 2364 personis
1597 2331 1655 2364 pro
1677 2321 1764 2353 solu-

1025 2371 1109 2403 tione
1142 2372 1325 2405 debitorum
1363 2372 1491 2406 1110111111
1525 2374 1761 2412 1’011(1010111111;

1023 2435 1095 2456 cum
1115 2431 1219 2458 autent
1244 2426 1406 2470 impositio
1432 2433 1459 2460 ct
1484 2427 1625 2459 venditio
1656 2427 1764 2460 buius-

1025 2479 1108 2511 modi
1128 2479 1248 2523 absque.
1271 2480 1377 2513 nostrii
1400 2486 1426 2513 et
1450 2481 1539 2513 Sedis
1562 2481 1763 2524 Apostolirae.

1023 2531 1260 2575 dispensatione
1294 2534 1361 2567 fieri
1388 2525 1543 2577 ncipieat,
1574 2535 1645 2567 idco
1671 2535 1763 2568 nobis

1062 2649 1068 2674 1
1094 2648 1129 2674 Ex
1151 2648 1257 2684 Regest.
1281 2649 1305 2676 in
1328 2651 1424 2676 Serret.
1444 2650 1523 2677 Brei.

1890 1638 1925 1652 *aa

1785 1659 1947 1679 rietriaeloiuri.

1793 231 1842 256 An.
1860 230 1887 258 C.
1908 231 1973 258 1608

1943 1633 1959 1651 tssi
1966 1642 1971 1645 Δ
