2227 3241
43 247 93 274 A'n.
109 245 136 272 C.
158 243 226 271 1605

101 677 229 700 Monastcria

47 705 154 728 eulmense
162 704 230 725 εἰτο-

47 737 134 754 fanense
150 731 177 752 ad
192 731 228 751 mi-

47 759 154 780 nri-imum
168 758 228 778 roda-

47 787 81 808 οἱα
94 787 176 806 statum.

77 1801 185 1824 cntmonse
200 1807 232 1823 re-

52 1829 144 1850 stitutum
154 1835 166 1849 a
175 1829 232 1855 Mag-

51 1855 232 1882 dalenahtoriang.

69 2310 84 2332 Ε
101 2312 182 2339 iss-opus
191 2318 236 2334 carn

55 2338 82 2359 ab
91 2339 182 2360 intissam
201 2340 237 2360 eli·

56 2365 92 2391 git.

867 243 1011 267 CLEMENS
1032 243 1088 267 VIII
1109 243 1154 266 Pt‘.

278 290 364 318 sterii
392 290 512 318 Ordinis
533 290 562 318 S.
586 290 739 319 Benedicti
768 290 904 318 civitatis
921 291 986 318 Cul-

277 351 390 372 mensis

443 407 577 435 Clemens
599 407 677 441 Papa
696 407 772 435 vm.

393 506 528 534 Dilectae
547 505 578 533 in
599 506 716 533 Christo
737 505 828 539 filiae,

287 561 415 588 satutem
431 564 463 588 et
478 561 675 594 apostoticam
689 560 940 587 benedictionem.

288 667 303 710 ξ,
323 666 353 699 1.
377 667 489 700 Vestro
509 666 642 700 nomine
659 666 751 699 nobis
768 676 874 709 nuper
891 676 986 709 expo-

243 720 340 754 situm
366 720 443 761 suit,
467 720 555 764 quod
582 720 614 753 in
643 730 743 762 regno
772 719 926 752 Poloniae
947 719 985 752 ab

244 783 328 806 anno
341 784 443 817 usque
455 783 581 807 uchxv
595 773 736 817 primum
752 773 984 806 monasterium

243 827 302 860 suh
322 827 436 869 regula
456 827 485 861 S.
511 826 673 860 Benedicti
699 827 731 859 in
752 827 877 860 Prussia
898 826 987 859 dioe-

244 880 323 913 cesis
343 880 520 914 Culmensis
538 886 680 913 erectum
703 880 778 920 suit,
800 890 926 913 necnon
948 880 986 913 de

244 944 329 967 anno
349 944 454 968 ncnxv
472 933 503 966 in
524 934 636 967 eadem
656 933 795 967 dioecesi
814 934 899 967 aliud
920 944 987 966 mo-

242 987 419 1021 nasterium
443 998 478 1020 ex
499 987 666 1031 praedicto
686 987 860 1027 Culmensi,
885 998 902 1020 a
922 997 987 1030 quo

243 1040 397 1084 primarie
429 1040 576 1083 regulam
607 1040 733 1073 vivendi
761 1040 923 1084 suscepit,
956 1040 987 1072 in

243 1093 363 1137 oppido
386 1093 545 1127 Toruniae
568 1093 764 1137 productum
786 1093 905 1131 extitit;
930 1104 984 1126 ve-

243 1157 328 1193 rum,
349 1146 554 1190 subsequutis
574 1147 678 1188 bellis,
700 1153 730 1180 et
751 1147 938 1191 saepissime
956 1147 987 1180 in

244 1202 281 1233 ea
295 1199 461 1243 provincia
475 1206 639 1242 grassante
654 1206 753 1244 peste,
772 1207 798 1233 et
815 1200 988 1233 novissime

243 1252 383 1286 subortis
408 1252 616 1293 haeresibus,
640 1254 736 1286 ambo
764 1253 843 1286 hacc
871 1264 985 1286 mona-

243 1305 341 1339 steria
366 1305 432 1340 suis
451 1306 709 1350 possessionibus
730 1306 774 1340 ita
794 1306 941 1350 spoliata,
959 1313 989 1340 et

245 1369 284 1392 eo
306 1359 435 1393 redacta
455 1360 585 1402 suerint,
610 1366 641 1393 ut
665 1370 750 1393 anno
769 1370 936 1393 iianxvm
958 1360 987 1392 in

246 1412 442 1446 monasterio
467 1413 628 1447 Culmensi
654 1424 717 1446 uua
745 1419 869 1446 tantum
900 1414 989 1456 virgo

246 1467 323 1500 dicti
355 1467 482 1501 Ordinis
512 1468 542 1501 S.
576 1468 740 1501 Benedicti
774 1468 986 1508 remanserit,

244 1519 430 1553 Torunense
457 1530 532 1553 vero
562 1520 819 1561 monasterium,
854 1520 990 1554 mortuiS

245 1573 396 1607 omnibus
416 1573 622 1615 monialibus,
647 1574 693 1607 ab·
708 1574 878 1608 haereticis
894 1575 989 1618 plane

246 1627 443 1661 devastatum
466 1628 572 1669 fuerit,
597 1628 706 1662 omnia
727 1628 896 1672 privilegia
916 1629 990 1662 sub-

246 1680 321 1721 lata,
343 1685 374 1714 et
391 1681 500 1714 omnia
520 1681 606 1714 bona
626 1681 658 1714 in
676 1682 914 1715 haereticorum
937 1693 991 1726 po-

247 1739 392 1768 testatem
413 1734 544 1768 redacta
562 1735 735 1768 extiterint.

292 1787 353 1830 §2—
370 1789 437 1822 Hoc
450 1788 482 1821 in
497 1788 697 1833 deplorando
710 1794 794 1822 statu
808 1800 881 1822 cum
899 1799 990 1833 repe-

247 1840 390 1875 rirentur
403 1842 488 1876 dicta
507 1842 713 1884 monasteria,
731 1849 774 1884 tu,
787 1843 853 1876 filia
864 1843 990 1886 Magda-

248 1895 330 1936 lena,
347 1896 386 1929 de
399 1896 501 1929 nobili
515 1906 632 1939 genere
646 1902 729 1939 nata,
745 1896 843 1930 invito
857 1902 990 1941 parente

247 1958 284 1982 ac
301 1948 415 1992 spretis
428 1949 550 1992 nuptiis
565 1955 595 1982 et
615 1960 733 1994 sponso
752 1950 808 1984 tibi
827 1950 889 1983 iam
903 1961 992 1994 prae-

247 2002 378 2046 paratis,
399 2003 439 2036 ad
457 2003 627 2037 Culmense
645 2004 877 2037 monasterium
899 2005 991 2038 deso-

249 2056 350 2089 latum
369 2056 552 2099 confugisti,
573 2062 604 2090 et
625 2057 655 2090 in
677 2068 715 2090 eo
736 2068 808 2090 cum
827 2058 990 2091 nonnullis

248 2109 318 2143 aliis
334 2109 525 2152 virginibus,
546 2121 624 2153 quas
643 2116 747 2143 tecum
767 2111 916 2151 duxeras,
932 2111 991 2144 sub

249 2163 360 2205 regula
373 2162 403 2196 S.
419 2162 582 2196 Benedicti
599 2163 639 2196 ad
660 2169 816 2207 perpetua
837 2164 991 2208 obsequia

249 2216 313 2249 Deo
331 2216 491 2249 bonorum
510 2216 655 2250 omnium
671 2217 796 2250 auctori
814 2217 991 2261 mancipari

252 2268 390 2302 voluisti.

296 2323 313 2364 S
334 2321 364 2355 3.
388 2322 586 2355 Venerabilis
607 2332 681 2355 vero
707 2322 804 2355 frater
824 2322 993 2366 episcopus

252 2374 430 2409 Culmcnsis
450 2375 512 2409 loci
530 2375 718 2409 Ordinarius
734 2381 796 2408 tam
811 2381 921 2409 sancto
938 2382 992 2409 tuo

253 2429 411 2463 desiderio
433 2436 549 2470 motus,
576 2435 604 2463 te
626 2429 710 2462 υιιιιιί
732 2430 801 2462 aliis
819 2429 990 2463 duodecim

253 2483 428 2526 virginibus
448 2484 512 2517 Deo
534 2483 752 2525 consecravit,
776 2490 871 2527 teque
896 2484 994 2517 abba-

254 2536 361 2570 tissam
383 2538 511 2571 creavit.

287 2609 300 2635 1
324 2607 394 2636 Edit.
411 2608 490 2636 Μαίη.
508 2609 691 2637 liabettecum
703 2609 782 2642 aliis,
799 2613 863 2643 ete,
881 2615 995 2636 erronee

255 2656 283 2679 ut
298 2656 371 2688 patet
385 2654 423 2688 (R.
440 2655 489 2689 Γ).

1670 230 1734 263 173
1780 239 1871 266 Aac.
1896 241 1962 269 1605

1066 292 1081 332 ξ
1102 291 1122 322 4
1139 291 1259 323 Deinde
1280 290 1361 323 adeo
1380 289 1477 322 crevit
1499 289 1582 322 istud
1602 294 1762 321 monaste·
1788 298 1963 336 ⁴aesnunuine-

1022 343 1103 376 rium
1123 343 1303 384 Culmense,
1321 344 1407 387 quod
1422 344 1461 377 de
1475 354 1559 376 anno
1576 353 1761 384 stanxxvtl,
1778 327 1831 398 iiiiii
1855 329 1963 372 'T'ff'r'ififiress

1022 407 1057 429 ex
1078 397 1270 430 auctoritate
1292 397 1367 430 dicti
1388 397 1450 434 loci
1471 397 1643 437 Ordinarii,
1668 402 1701 429 tu
1719 397 1763 428 vi·
1779 389 1787 399 ³
1805 395 1808 398 ’

1021 449 1099 491 giuti
1133 456 1205 483 octo
1234 451 1358 494 puellas
1386 451 1552 493 religiosas
1579 462 1614 483 ex
1648 450 1762 483 eodem

1022 503 1219 536 monasterio
1240 504 1279 536 ad
1303 504 1535 537 monasterium
1556 505 1760 543 Torunense,

1021 557 1138 600 ereptis
1164 557 1253 600 prius
1285 558 1323 591 de
1354 558 1501 591 manibus
1526 557 1763 590 haereticorum

1020 612 1145 643 summa
1166 622 1238 643 cum
1271 611 1460 644 difficultate
1492 611 1760 655 possessionibus,

1021 664 1153 705 misisti,
1174 664 1228 697 ubi
1251 675 1355 704 nunc,
1379 665 1590 698 benedicente
1611 665 1760 705 Domino,

1022 717 1234 761 quadraginta
1254 729 1426 751 numerum
1449 719 1616 751 excedunt.

1066 773 1082 813 ξ
1103 771 1132 804 5.
1158 772 1257 805 Porro
1272 783 1308 805 ex
1322 772 1526 816 Apostolicae
1547 772 1636 805 Sedis
1654 778 1763 806 aucto·
1806 780 1903 801 Erectum
1915 784 1965 806 [111⁰-

1023 824 1133 865 ritate‚
1162 825 1201 858 ad
1229 825 1413 858 instantiam
1435 825 1628 858 venerabilis
1658 826 1764 858 fratris
1779 813 1831 855 2221
1860 811 1966 857 ”issffissl

1022 878 1163 923 episcopi
1191 879 1475 920 Wladislarieiisis‚
1499 890 1583 912 anno
1602 889 1685 913 noxe
1713 880 1760 912 vi·
1779 867 1833 885 ‘¹³⁰'

1022 932 1101 975 ginti
1116 938 1178 966 tres
1193 932 1350 965 moniales
1365 939 1570 967 consecratae
1588 934 1626 966 ad
1645 944 1764 966 novum

1022 986 1255 1019 monasterium
1276 986 1487 1019 Zarnoveciae
1502 992 1681 1020 extructum
1710 988 1765 1021 de-

1023 1041 1195 1081 ducuntur,
1215 1040 1271 1073 ubi
1293 1041 1390 1074 modo
1410 1041 1539 1083 triginta
1562 1047 1626 1074 tres
1645 1042 1767 1074 monia-

1023 1095 1067 1127 les
1084 1099 1309 1127 numerantur.

1068 1149 1083 1189 g
1105 1149 1134 1179 (i.
1163 1148 1197 1180 In
1225 1147 1404 1180 Lituaniam
1426 1158 1566 1191 quoque,
1591 1159 1627 1181 ex
1653 1148 1764 1181 eadem
1782 1155 1966 1202 N43:¹¹⁸{monento

1023 1200 1225 1244 Apostolicae
1239 1200 1329 1234 Sedis
1347 1201 1549 1238 auctoritate,
1566 1201 1765 1245 supplicante
1781 1199 1786 1202 ⁴
1862 1199 1867 1202 ’
1889 1199 1892 1203 ’

1024 1254 1140 1287 dilecto
1161 1253 1228 1286 silio
1249 1254 1349 1286 nobili
1372 1254 1439 1287 viro
1457 1254 1588 1287 Nicolao
1606 1255 1686 1288 duce
1705 1254 1767 1288 Oli-

1024 1307 1130 1347 censi,
1163 1307 1273 1340 decem
1308 1307 1464 1340 moniales
1496 1308 1680 1351 professae,
1708 1319 1767 1352 pro

1025 1360 1097 1393 novi
1120 1360 1306 1394 monasterii
1329 1360 1360 1393 in
1382 1361 1502 1404 oppido
1524 1361 1677 1394 Niedvicii
1700 1372 1768 1395 ere-

1025 1415 1065 1447 cti
1084 1414 1305 1455 instructione,
1334 1414 1449 1447 missae
1477 1415 1621 1454 suerunt,
1645 1425 1681 1447 ac
1706 1415 1768 1448 alia

1025 1467 1117 1511 plura
1145 1468 1287 1501 eiusdem
1317 1467 1444 1501 Ordinis
1466 1468 1661 1501 monasteria
1683 1474 1765 1501 tam<

1027 1532 1123 1566 quani
1141 1532 1159 1554 a
1179 1521 1334 1565 primario
1354 1522 1440 1554 sonte
1461 1528 1664 1555 emanarunt.

1072 1577 1087 1617 ξ
1110 1574 1138 1608 7.
1167 1575 1244 1608 Cum
1267 1580 1385 1615 autem,
1407 1574 1488 1608 sicut
1509 1575 1622 1608 eadem
1644 1576 1768 1620 exposi-
1811 1583 1840 1603 Ea
1851 1583 1967 1603 omniasub

1783 1611 1857 1630 eadem
1882 1611 1967 1633 regula.

1027 1628 1070 1662 tio
1091 1629 1317 1671 subiungebat,
1338 1639 1393 1662 vos
1413 1639 1472 1673 pro
1491 1631 1593 1662 vestra
1615 1629 1645 1661 in
1666 1629 1767 1663 Deum
1783 1636 1968 1684 fffisrhtffigfferffi

1027 1681 1143 1725 pietate
1172 1688 1202 1715 et
1229 1682 1393 1724 religionis
1423 1683 1490 1715 zelo
1516 1682 1673 1726 cupiatis,
1703 1690 1767 1716 tam
1784 1681 1902 1716 sinemur-

1027 1742 1166 1769 vestrum
1190 1735 1436 1776 monasterium,
1466 1747 1562 1779 quam
1584 1735 1646 1769 alia
1670 1747 1769 1780 quae-

1027 1800 1188 1833 cumque,
1212 1800 1294 1833 quae
1316 1800 1351 1822 ex
1373 1789 1428 1822 illo
1450 1789 1481 1822 in
1502 1789 1648 1833 pradis-to
1668 1790 1765 1823 Polo—

1026 1842 1098 1876 niae
1119 1853 1219 1885 regno
1243 1849 1451 1883 emanarunt,
1476 1848 1507 1876 et
1528 1843 1679 1887 deinceps
1700 1843 1766 1876 eri-

1026 1901 1152 1938 gentur,
1175 1896 1233 1929 sub
1248 1898 1311 1930 unii
1333 1902 1363 1930 et
1383 1897 1495 1930 eadem
1514 1897 1643 1939 regulae
1658 1896 1769 1930 obser-

1027 1950 1150 1991 vantia,
1174 1950 1232 1983 sub
1254 1951 1401 1984 locorum
1422 1950 1667 1984 Ordinariorum
1692 1953 1769 1983 cura

1026 2009 1057 2037 et
1077 2003 1245 2046 regimine,
1269 2010 1427 2048 perpetuo
1448 2004 1640 2047 gubernari3

1071 2056 1129 2101 38.
1150 2057 1213 2091 Nos
1231 2057 1320 2101 pium
1340 2058 1401 2091 hoc
1415 2064 1555 2091 vestrum
1572 2058 1767 2091 desiderium
1818 2065 1913 2094 eamn<
1928 2070 1969 2083 ¹¹¹0·

1784 2094 1876 2111 nasterm
1899 2091 1968 2111 ‹mni-i

1026 2121 1234 2155 summopere
1261 2111 1293 2144 in
1321 2112 1459 2144 Domino
1481 2112 1764 2148 commendantes,
1784 2117 1968 2147 Ordines-Benc-

1784 2145 1834 2165 dirli
1844 2151 1863 2163 iu
1875 2145 1970 2166 Pidonia,

1027 2176 1146 2209 vosque
1165 2172 1194 2199 ct.
1215 2166 1351 2199 aliorum
1378 2166 1578 2207 singulorum
1610 2171 1968 2218 'nona-³¹⁰·{T,¹u¹.‘⁶'1¹¹,¹‡j}{},'}‡}}{j

1027 2218 1149 2251 riorum
1171 2219 1412 2261 praedictorum
1439 2219 1615 2252 abbatissas
1636 2224 1664 2251 ct
1687 2229 1765 2251 ron·
1785 2230 1828 2245 rum
1844 2224 1961 2245 couu¹¹i¹¹¹¹=

1028 2276 1139 2304 ventus
1175 2272 1369 2315 specialibus
1407 2272 1568 2305 favoribus
1597 2278 1623 2305 et
1658 2272 1768 2313 gratiis

1028 2325 1179 2368 prosequi
1202 2325 1363 2366 volentes,
1388 2336 1424 2358 ac
1445 2332 1584 2358 vestrum
1608 2330 1637 2358 et,
1658 2335 1768 2358 earum

1028 2378 1169 2421 singulas
1187 2389 1204 2411 a
1224 2378 1391 2422 quibusvis
1412 2378 1766 2418 excommunicationis,

1028 2431 1246 2475 suspensionis
1267 2438 1295 2464 et
1319 2431 1491 2469 interdicti,
1515 2432 1649 2475 aliisque
1671 2431 1771 2464 eccle-

1028 2484 1162 2517 siasticis
1182 2485 1359 2525 sententiis,
1384 2484 1528 2517 censuris
1546 2490 1573 2517 ct
1596 2484 1724 2528 poenis,
1753 2494 1771 2517 a

1030 2538 1098 2571 iure
1115 2539 1164 2571 vel
1183 2539 1221 2571 ab
1240 2539 1382 2577 homine,
1404 2538 1514 2582 quavis
1535 2538 1704 2571 occasione
1724 2538 1770 2570 vel

1030 2594 1125 2624 causa
1152 2591 1238 2630 latis,
1266 2592 1291 2624 si
1313 2591 1430 2634 quibus
1451 2591 1696 2634 quomodolibet
1718 2591 1767 2623 in-

1029 2645 1167 2678 nodatae
1180 2645 1322 2686 existitis,
1338 2645 1376 2677 ad
1391 2645 1538 2678 etl'ectum
1552 2645 1769 2688 praesentium
