2227 3241
204 279 253 306 An.
271 278 298 306 C.
323 278 388 306 ¹609

243 2476 401 2498 Confirmantun

404 2315 573 2344 ostensae.
600 2307 714 2342 Datum
745 2307 865 2340 Romae
897 2306 982 2350 apud
1011 2311 1154 2340 sanctum

434 268 497 303 586
972 276 1151 301 nontamen

403 326 506 367 dietiS,
528 324 704 359 dummodo
725 324 808 357 ultra
827 329 889 357 tres
907 323 1007 357 dictas
1024 323 1138 367 aliquis
1156 352 1157 355 ,

404 378 592 413 auctoritate
610 376 826 421 praesentium
846 377 885 410 ad
904 376 1056 410 iudiciuin
1075 386 1139 409 non
1156 393 1158 404 ·

405 431 558 471 trahatur,
580 430 713 474 aliisque
731 430 987 463 costitutionibus
1006 435 1034 464 et
1056 429 1140 463 ordi-

403 484 587 518 nationibus
609 483 810 528 apostolicis,
837 489 866 517 et
887 485 1071 527 quarumvis
1093 493 1142 516 ec-

404 538 594 578 etesiarum,
618 538 711 572 etiam
735 538 930 579 iuramento,
966 537 1140 571 confirma-

406 592 490 625 tione
511 591 698 635 apostolica,
718 592 766 625 rel
787 591 896 635 quavis
913 591 1065 624 firmitate
1083 590 1143 623 alia

405 645 573 686 roboratis,
586 644 711 678 statutis
725 650 756 677 et
770 644 1066 685 consuetudinibus,
1080 643 1144 687 pri-

404 698 528 740 vilegiis
546 708 693 742 quoque,
718 697 849 731 indultis
869 703 899 731 et
923 697 1036 731 litteris
1061 707 1142 741 apo-

405 751 536 792 stolicis,
553 751 758 785 ecclesiarum
778 751 977 795 praesulibus
1003 756 1056 784 aut
1076 750 1146 784 aliis

406 803 664 848 quibuscumque
688 804 855 848 personis,
883 803 942 837 sub
968 803 1142 847 quibusvis,

411 857 576 891 tenoribus
602 862 631 890 et
656 857 789 897 formis,
817 868 853 890 ac
878 867 951 890 cum
973 855 1147 900 quibusvis,

411 911 505 945 ctiam
525 910 801 953 derogatoriarum
825 909 1046 952 derogatoriis,
1067 908 1148 942 aliis-

412 975 473 1009 que
499 964 734 998 efficacioribus
759 970 788 997 et
814 963 947 997 insolitis
973 962 1144 1003 clausulis,

410 1030 447 1053 ac
464 1018 662 1061 irritantibus
688 1024 717 1051 ct
742 1017 810 1051 aliis
837 1017 984 1058 decretis,
1009 1017 1040 1050 in
1065 1027 1144 1050 con-

410 1073 544 1106 trarium
571 1072 820 1116 praemissorinn
848 1071 1047 1116 quomolibet
1073 1081 1148 1104 con-

411 1126 529 1167 cessis,
562 1125 758 1159 eonfirmatis
789 1130 819 1159 et
847 1124 1042 1168 approbatis.
1075 1123 1148 1163 Qui-

409 1181 469 1214 bus
494 1180 644 1213 omnibus
665 1185 694 1213 et
716 1179 865 1222 singulis,
887 1189 999 1212 eorum
1023 1183 1148 1211 tenores

410 1233 634 1279 praesentibus
654 1244 712 1277 pro
731 1231 885 1277 expressis
906 1237 934 1265 et
956 1232 996 1265 ad
1016 1231 1147 1264 verbum

411 1288 538 1322 insertis
555 1287 719 1327 habentes,
735 1286 795 1320 hac
807 1287 875 1320 vice
896 1287 1061 1320 dumtaxat
1076 1295 1148 1329 spe-

411 1341 535 1376 cialiter
555 1347 585 1375 et
609 1350 756 1385 expresse
782 1340 993 1383 derogamus,
1022 1339 1156 1373 contra-¹

410 1395 466 1430 riis
480 1395 753 1440 quibuscumque3
770 1400 822 1428 aut
837 1394 861 1427 si
876 1394 1046 1438 aliquibus,
1064 1404 1150 1428 com-
1166 1421 1167 1430 ,

412 1449 553 1483 muniter
577 1448 624 1482 vel
656 1447 780 1481 divisim
797 1475 804 1489 ,
832 1446 871 1481 ab
903 1447 1086 1492 Apostolica
1110 1447 1151 1481 sit

412 1504 492 1538 Sede
510 1502 681 1543 indultum,
702 1501 790 1545 quod
808 1500 966 1542 interdici,
987 1501 1150 1546 suspendi,

413 1558 460 1591 vel
475 1545 757 1591 'excommunicari
783 1565 848 1589 non
868 1555 991 1599 possint
1017 1565 1075 1600 per
1099 1555 1150 1588 lit-

414 1617 498 1645 teras
515 1610 706 1655 apostolicas
725 1620 789 1643 non
808 1609 958 1643 facientes
975 1609 1103 1653 plenam
1122 1614 1152 1643 et

414 1675 593 1710 expressam
614 1675 650 1698 ac
668 1665 706 1698 de
723 1664 819 1697 verbo
837 1663 876 1697 ad
897 1663 1028 1697 verbum
1048 1663 1087 1696 dc
1105 1663 1151 1696 in-

414 1718 503 1752 dulto
529 1717 711 1752 huiusmodi
740 1717 947 1751 mentionem.
971 1716 1148 1759 Caeterum,

415 1772 490 1817 quia
508 1771 636 1805 difficile
661 1771 741 1804 soret
764 1775 947 1815 praesentes
968 1770 1088 1803 litteras
1112 1770 1151 1804 ad

415 1825 540 1868 singula
558 1835 705 1870 quaeque
721 1825 802 1866 loca,
826 1824 880 1857 ubi
901 1834 1030 1857 neccsse
1047 1823 1152 1864 suerit,

416 1879 551 1920 deferri,
581 1878 727 1912 volumus
752 1884 783 1911 et
807 1877 983 1921 apostolica
1013 1877 1152 1910 auctori-

415 1939 477 1967 tate
503 1932 715 1974 decernimus,
740 1932 826 1976 quod
847 1931 1032 1965 earumdem
1054 1941 1150 1975 prae-

415 1987 551 2022 sentium
584 1985 812 2029 transumptis,
846 1985 941 2018 etiam
966 1984 1150 2029 impressis,

416 2051 514 2075 manu
527 2040 660 2073 alicuius
674 2038 790 2072 notarii
811 2038 930 2082 publici
951 2037 1151 2082 subscriptis,

418 2101 449 2129 et
472 2094 578 2138 sigillo
603 2093 737 2126 alicuius
758 2101 915 2136 personae
943 2091 974 2124 in
1001 2091 1155 2134 dignitate

418 2147 631 2183 ecclesiastica
657 2146 846 2180 constitutae
872 2145 1013 2186 munitis,
1042 2145 1154 2178 eadem

416 2211 549 2248 prorsus
573 2200 653 2234 fides
677 2199 879 2240 adhibeatur,
905 2209 986 2243 quae
1010 2207 1156 2243 praesen-

416 2256 502 2291 tibus
522 2254 740 2294 adhiberetur,
757 2253 782 2286 si
801 2253 904 2286 t'orent
924 2252 1082 2285 exhibitae
1107 2251 1154 2285 vel

417 2364 546 2399 Petrum
573 2362 632 2396 sub
657 2361 775 2395 annulo
800 2360 969 2394 piscatoris
989 2360 1040 2393 die
1069 2369 1078 2393 1
1113 2360 1156 2393 se-

417 2416 540 2451 bruarii
555 2425 652 2457 Mncv,
668 2414 874 2458 pontificatus
887 2413 987 2447 nostri
1005 2422 1090 2446 anno
1104 2410 1156 2447 1x¹.

465 2473 481 2514 ξ
503 2469 532 2503 2.
561 2469 742 2509 Caeterum,
766 2473 800 2501 ut
829 2467 1016 2500 earumdem
1037 2466 1157 2500 littera-

420 2533 490 2558 rum
520 2528 612 2556 tenor
636 2522 681 2555 sic
706 2521 842 2554 insertus
867 2519 1086 2553 omnimodam
1112 2519 1158 2553 rei

421 2587 476 2610 seu
502 2575 572 2609 sacti
598 2574 823 2608 certitudinem
845 2573 948 2613 faciat,
969 2573 1159 2607 auctoritate

423 2629 595 2675 apostolica
614 2628 827 2667 decernimus,
848 2633 883 2660 ut
903 2626 982 2660 illud
1003 2626 1087 2660 idem
1106 2636 1158 2660 ro-

1176 275 1328 300 ROMANUM

1173 323 1244 363 bur,
1274 322 1487 366 eamdemque
1509 322 1570 355 vim
1591 328 1622 355 et
1645 322 1787 364 vigorem
1809 321 1912 356 dictus

1176 381 1267 409 tenor
1278 375 1319 408 ‘in
1341 375 1490 408 omnibus
1519 380 1549 408 et
1577 385 1636 418 per
1655 373 1764 407 omnia
1787 374 1913 417 habeat,

1176 439 1270 473 quem
1296 428 1451 461 baberent
1472 427 1643 470 originales
1667 426 1791 461 litterae
1814 437 1909 471 prae-

1177 482 1301 522 dictae,
1331 492 1367 514 ac
1388 481 1498 515 eadem
1525 491 1657 525 prorsus
1681 479 1785 514 eidem
1810 479 1914 514 tenori

1179 534 1257 567 tides
1281 533 1473 567 adhibeatur
1500 533 1771 577 quandocumque
1800 537 1830 566 et
1845 532 1915 566 ubi-

1179 598 1337 632 cumque,
1361 587 1425 620 sive
1451 587 1482 620 in
1503 586 1622 620 iudicio
1645 586 1710 620 sive
1735 585 1833 627 alibi,
1860 586 1915 620 ubi

1182 641 1274 675 suerit
1295 640 1453 674 exhibitus
1481 640 1528 673 vel
1561 644 1716 681 ostensus,
1739 651 1776 673 ac
1799 639 1845 672 illi
1861 649 1916 684 pa-

1180 695 1257 728 riter
1276 700 1386 736 stetur,
1400 694 1481 728 sicut
1502 694 1621 728 eisdem
1645 694 1758 727 litteris
1778 693 1918 736 origina-

1180 748 1262 782 libus
1286 753 1445 788 staretur,
1482 747 1506 780 si
1543 747 1648 781 forent
1678 746 1836 780 exhibitae
1869 746 1917 779 vel

1180 806 1335 834 ostensae.
1359 801 1419 835 Per
1436 800 1497 834 hoc
1515 806 1619 834 autem
1641 799 1764 833 nullum
1786 799 1835 833 ius
1852 798 1918 833 cui-

1181 865 1277 898 quam
1297 855 1335 888 de
1361 864 1443 888 novo
1463 853 1586 898 acquiri
1606 853 1764 894 volumus,
1791 852 1846 887 sed
1863 861 1919 886 an-

1184 908 1307 952 tiquum
1335 908 1540 941 solummodo
1560 906 1751 941 conservari.

1225 962 1339 995 Datum
1358 962 1478 995 Romae
1496 961 1582 1005 apud
1598 966 1742 994 sanctum
1763 961 1916 1002 Marcum,

1182 1016 1240 1050 sub
1273 1016 1392 1050 annulo
1422 1016 1593 1049 Piscatoris
1624 1015 1675 1049 die
1704 1026 1755 1049 xvi
1781 1015 1920 1050 octobris

1184 1080 1290 1111 noeix,
1319 1068 1524 1114 pontificatus
1548 1068 1647 1102 nostri
1668 1079 1752 1102 anno
1777 1079 1806 1103 v.

1219 1133 1274 1160 Dat.
1298 1132 1340 1160 die
1364 1133 1394 1160 16
1415 1131 1532 1160 octobris
1552 1132 1630 1167 1609,
1652 1131 1745 1168 pontis·
1760 1139 1805 1159 an.
1821 1138 1848 1159 V.

1502 1293 1597 1327 CXLI.

1185 1390 1364 1424 Moderatio
1390 1389 1594 1427 indultorum
1613 1395 1742 1424 sanctae
1756 1391 1923 1425 Romanae

1227 1444 1386 1478 Ecclesiae
1415 1444 1661 1485 cardinalium,
1694 1455 1790 1489 saper
1817 1445 1919 1479 colla-

1230 1500 1315 1532 tione
1333 1498 1557 1542 beneficiorum
1579 1498 1865 1532 ecclesiastifflum
1877 1497 1897 1533 ¹.

1186 1597 1399 1626 sanctissimus
1420 1598 1451 1625 in
1472 1597 1586 1626 christo
1608 1600 1710 1632 pater,
1734 1600 1765 1626 et
1789 1598 1923 1626 dominus

1220 1644 1323 1669 noster
1348 1642 1484 1669 dominus
1505 1642 1615 1669 Paulus
1640 1641 1741 1670 divina
1766 1643 1923 1677 providen-

1220 1686 1263 1714 tia
1283 1688 1361 1722 Papa
1377 1687 1400 1714 V

1230 1766 1363 1808 Provide
1381 1767 1559 1807 attendens,
1581 1767 1667 1811 quod
1685 1767 1850 1802 vacatione
1869 1767 1924 1802 be-

1186 1821 1377 1854 neficiorum
1400 1820 1702 1862 ecclesiasticorum,
1725 1820 1816 1855 Sedis
1836 1821 1924 1866 Apo-

1186 1874 1316 1908 stolicae
1337 1873 1539 1918 dispositioni
1560 1879 1808 1915 reservatorum,
1827 1874 1924 1908 etiam

1188 1927 1272 1971 apud
1297 1927 1384 1960 illam
1410 1937 1469 1971 pro
1494 1932 1639 1971 tempore
1665 1932 1865 1970 occurrente,
1888 1938 1926 1962 ex

1188 1979 1381 2025 quibusdam
1406 1979 1538 2014 indultis
1566 1985 1596 2014 et
1623 1980 1828 2015 facultatibus
1847 1991 1923 2015 san-

1190 2040 1238 2068 tae
1262 2035 1426 2075 Romanae
1451 2035 1610 2068 Ecclesiae
1635 2034 1852 2068 cardinalibus
1876 2046 1928 2069 su-

1188 2099 1246 2133 per
1266 2088 1475 2133 dispositione
1493 2087 1725 2122 beneficiorum
1743 2087 1928 2123 huiusmodi

1190 2142 1359 2184 concessis,
1383 2142 1480 2176 Sedes
1505 2142 1574 2186 ipsa
1593 2142 1739 2176 omnium
1763 2152 1880 2186 parens
1897 2146 1929 2176 et

1189 2197 1319 2230 alumna
1349 2206 1582 2241 saepenumero
1613 2195 1807 2240 impeditur,
1841 2205 1925 2240 quo-

1191 2249 1295 2284 minus
1331 2250 1457 2284 solitam
1492 2250 1559 2283 eius
1591 2249 1821 2292 benignitatem
1853 2258 1929 2292 erga

1190 2314 1348 2349 pauperes
1368 2309 1398 2338 et
1415 2313 1568 2348 personas
1593 2303 1632 2337 de
1656 2313 1689 2337 se
1712 2302 1928 2337 benemeritas

1191 2368 1226 2391 ac
1251 2357 1328 2391 alias
1351 2357 1412 2391 sibi
1437 2363 1543 2400 gratas
1568 2361 1598 2391 et
1621 2361 1766 2401 acceptas
1789 2354 1928 2390 liberali-

1192 2416 1238 2446 ter
1262 2421 1410 2445 exercere
1433 2410 1551 2456 possit3

1228 2509 1238 2535 1
1259 2508 1342 2535 Aliam
1359 2507 1490 2535 habemus
1506 2506 1719 2535 moderationem
1732 2505 1770 2533 Pii
1787 2505 1807 2531 V
1821 2505 1848 2533 in
1860 2506 1930 2534 Con-

1192 2554 1246 2581 stit.
1264 2560 1336 2583 xxiv,
1358 2552 1609 2586 Sanctissimus...,
1630 2551 1677 2578 Ex
1697 2553 1754 2578 lam
1773 2551 1872 2578 multis
1893 2550 1930 2586 (in

1193 2598 1220 2626 h.
1239 2606 1264 2626 n.
1283 2597 1348 2625 edit.
1365 2603 1408 2624 Lvt
1423 2596 1692 2632 tom.vnpag.57l);
1713 2603 1744 2622 ac
1763 2594 1842 2622 aliam
1862 2595 1929 2623 Gre-

1192 2642 1260 2678 gorii
1279 2641 1333 2669 xlv
1353 2641 1380 2668 in
1400 2640 1513 2669 Constit.
1534 2645 1605 2673 κων,
1625 2639 1829 2668 Sanctissimae
1848 2638 1885 2674 (in
1901 2638 1928 2666 h.

461 2692 469 2720 1
494 2690 633 2720 Alterutra
653 2690 714 2720 anni
734 2689 862 2719 iudicatio
882 2696 996 2717 erronea
1011 2691 1052 2717 est
1063 2687 1098 2725 (n.
1111 2686 1158 2723 τ.).

1193 2696 1218 2715 n.
1237 2686 1300 2716 edit.
1317 2691 1389 2722 xxvi,
1406 2688 1469 2714 tom.
1480 2691 1515 2720 ιιι,
1532 2692 1591 2721 pag.
1610 2683 1681 2719 503).

1923 273 1974 300 An.
1995 272 2024 300 C.
2038 272 2108 301 1609

1966 1775 2069 1805 Rationes
2083 1774 2122 1796 de-

1939 1804 1998 1824 creti.
