2227 3241
231 262 277 287 An.
297 261 326 287 c.
346 262 412 289 1608
459 253 522 286 466

283 2235 419 2261 Magistratus

235 2268 320 2288 quoquo
357 2263 418 2283 modo

236 2290 330 2309 vacanti!

235 2315 297 2335 moda
307 2316 419 2341 dispositio

235 2348 279 2365 ιϊμι
296 2342 376 2363 Galliae
388 2349 420 2363 as·

235 2371 318 2389 scrutur.

353 2290 418 2309 onini-

997 260 1174 285 m'LLARmM

430 309 656 354 plicationibus
678 309 832 350 inclinati,
851 308 992 342 Militiam
1007 319 1062 342 seu
1075 308 1167 341 Ordi-

431 373 504 396 nem
524 362 707 395 huiusmodi
725 362 784 395 sub
807 362 918 395 eadem
936 362 1047 404 regula
1065 361 1169 403 (cuius

432 414 561 448 Militiae
583 424 734 457 suprema
751 415 798 447 vel
820 414 1007 458 principalis
1029 413 1119 446 sedes
1139 419 1170 447 et

430 473 605 501 conventus
635 468 675 500 ad
708 467 739 500 id
764 477 821 510 per
846 467 966 500 dictum
995 467 1168 500 Henricum

431 529 539 561 regem
568 519 599 552 in
630 520 699 564 ipso
723 519 877 553 Franciae
900 530 1000 563 regno
1025 530 1081 553 seu
1107 520 1169 554 alio

429 572 468 604 ab
490 573 604 605 eodem
619 573 756 606 Henrico
778 583 851 615 rege
864 583 1010 617 possesso
1025 573 1169 607 dominio

429 625 621 658 consistente
642 626 713 658 loco
734 626 926 668 assignando
946 631 977 659 et
1000 627 1170 660 statuendo

430 678 541 711 existat
573 685 604 712 et
631 689 699 712 esse
720 679 848 722 debeat)
869 691 905 713 ac
930 680 961 712 in
987 680 1095 713 Militia
1115 690 1170 713 seu

429 731 548 765 Ordine
562 731 747 765 huiusmodi
768 743 868 765 unum
891 733 1079 775 magistrum
1102 743 1170 766 ma-

430 794 529 826 gnum
550 786 744 826 vocandum,
764 796 949 830 supremam
975 796 1032 819 seu
1051 785 1171 830 princi-

428 838 535 881 palem
558 838 644 872 illius
657 839 845 881 dignitatem
866 850 927 883 pro
940 849 1006 872 uno
1018 839 1172 881 magistro

430 901 548 933 magno
565 892 721 933 vocando,
745 893 799 936 qui
820 892 963 927 eiusdem
982 892 1110 926 Militiae
1123 893 1172 926 vel

430 944 558 978 Ordinis
579 950 675 989 caput
692 951 721 978 et
742 956 912 989 supremus
926 946 985 985 sit,
1006 956 1078 978 cum
1098 955 1173 978 con-

430 1003 529 1030 ventu
549 1008 607 1041 per
628 998 748 1032 dictum
770 999 944 1032 Ilcnricum
966 1010 1073 1042 regem
1092 999 1173 1043 (sine

431 1051 568 1085 alicuius
597 1052 817 1095 praeiudicio)
843 1052 1086 1093 constituend03
1114 1063 1174 1086 nec

431 1114 497 1137 non
525 1105 664 1138 militum
694 1116 748 1139 seu
777 1106 999 1140 ministrorum
1036 1116 1173 1139 numero

432 1157 538 1191 eidem
565 1159 719 1201 magistro
745 1159 912 1200 beneviso·‚
941 1160 994 1203 qui
1022 1159 1175 1202 magister

433 1215 463 1242 et
484 1209 601 1243 milites
614 1221 686 1243 cum
704 1212 779 1251 una,
801 1217 842 1251 et,
866 1213 902 1244 ea
923 1211 1083 1250 defuncta,
1101 1221 1173 1244 cum

432 1264 533 1297 altera
564 1264 721 1305 muliere,
748 1264 844 1298 etiam
869 1264 983 1305 vidua,
1011 1265 1176 1297 dumtaxat

433 1319 677 1352 matrimonium
693 1320 886 1353 contrahere
898 1320 1031 1363 possint,
1053 1325 1083 1352 et
1097 1319 1174 1352 alias

434 1372 493 1416 ipsi
505 1372 683 1406 castitatem
696 1373 897 1416 coniugalem
909 1380 939 1407 et
956 1374 1172 1407 obedientiam

434 1437 581 1470 expresse
598 1427 824 1471 profiteantur,
839 1438 911 1461 cum
925 1428 1017 1470 signo
1030 1428 1173 1462 eiusdem

434 1480 547 1514 beatae
565 1481 681 1515 Mariae
701 1482 849 1524 Virginis,
868 1488 898 1515 et
917 1482 1029 1515 habitu
1048 1482 1087 1515 ab
1105 1482 1175 1515 aliis

434 1534 570 1567 aliarum
595 1534 778 1568 Militiarum
800 1535 899 1577 signis
916 1535 1050 1568 omnino
1069 1535 1174 1569 diver-

432 1586 475 1619 sis
495 1593 527 1620 et
547 1587 755 1621 dissimilibus
781 1597 846 1620 non
876 1588 1105 1628 immutandis;
1139 1599 1174 1621 ac

434 1643 543 1673 mensa
561 1641 747 1683 magistrali,
768 1641 974 1684 prioratibus,
992 1647 1175 1685 praecepto-

435 1694 500 1734 riis,
521 1694 657 1738 allisque
677 1694 843 1727 beneficiis
861 1700 892 1727 ct
911 1694 1037 1733 officiis,
1059 1695 1098 1727 dc
1119 1696 1175 1728 bo—

433 1747 482 1781 nis
497 1758 584 1780 mere
598 1748 774 1786 laicalibus,
799 1758 863 1780 non
878 1754 984 1781 tamen
1003 1748 1175 1782 beneficia-

433 1801 516 1834 libus
536 1811 592 1834 seu
612 1812 648 1833 ex
670 1801 848 1834 redditibus
876 1801 1116 1842 ecclesiasticis,
1140 1808 1175 1836 ut

432 1855 626 1898 praefertur,
654 1854 814 1894 dolandis,
843 1866 879 1888 ex
904 1865 991 1887 nunc
1015 1861 1114 1897 prout
1139 1866 1174 1888 ex

435 1914 519 1948 tunc,
548 1914 579 1941 et
603 1919 619 1941 e
644 1914 766 1949 contra,
794 1914 964 1952 postquam
986 1909 1095 1942 Militia
1115 1920 1173 1942 seu

432 1961 519 1995 Ordo
537 1961 723 1996 huiusmodi
746 1966 975 2006 competenter,
989 1969 1023 1996 ut
1036 1964 1175 2006 praeser-

436 2021 498 2055 tur‚
520 2016 629 2049 dotata
653 2016 701 2048 vel
727 2016 854 2049 dotatus
875 2016 980 2057 fuerit,
1001 2017 1175 2060 apostolica

434 2069 635 2112 auctoritate,
661 2075 773 2103 tenore
797 2070 1037 2113 praesentium,
1061 2080 1188 2119 perpe3

434 2129 501 2163 tuo,
518 2129 548 2157 et
561 2123 629 2157 sine
643 2123 778 2156 alicuius
791 2123 1003 2167 praeiudicio,
1021 2123 1175 2166 erigimus

435 2182 466 2209 et
482 2177 689 2216 instituimus,

479 2232 496 2271 ἓ
517 2230 546 2262 3.
570 2230 615 2263 lta
636 2230 723 2273 quod
743 2230 818 2263 dicti
840 2230 1055 2272 magistratus,
1080 2230 1173 2263 etiam

435 2294 452 2316 a
470 2284 633 2328 primaeva
648 2283 733 2316 illius
754 2283 917 2316 erectione
931 2289 961 2316 et
974 2284 1175 2316 institutione

436 2337 587 2377 vacantis,
612 2343 642 2370 et
662 2337 701 2370 de
719 2343 846 2370 caetero
870 2337 1036 2381 perpetuis
1062 2337 1176 2370 suturis

436 2391 649 2434 temporibus,
666 2390 936 2434 quotiescumque
954 2390 1044 2423 illum
1064 2391 1177 2434 quovis

435 2444 544 2485 modo,
561 2449 591 2477 et
609 2454 645 2477 ex
659 2443 891 2487 cuiuscumque
905 2448 936 2476 et
949 2443 1176 2486 qualitercum-

435 2507 498 2540 que
519 2496 702 2540 qualificata
720 2498 870 2540 persona,
895 2496 990 2529 etiam
1013 2496 1098 2539 apud
1123 2496 1176 2529 Se-

435 2551 507 2583 dem
534 2550 731 2593 praedictam
747 2577 754 2590 ,
779 2555 833 2583 aut
863 2549 940 2582 alias
970 2549 1194 2593 quocumque‘

437 2608 594 2646 tempore,
612 2608 667 2636 aut
686 2603 958 2646 quandocumque
975 2613 1087 2636 vacare
1101 2612 1177 2635 con—

437 2656 556 2699 tigerit,
580 2656 721 2701 provisio
746 2662 777 2690 et
796 2656 984 2690 omnimoda
1010 2656 1176 2700 dispositio

1199 260 1351 286 nonAnuM

1203 309 1243 341 ad
1264 309 1383 342 dictum
1397 309 1581 349 llenricum‚
1603 315 1629 343 et
1650 315 1864 354 protempore
1878 311 1941 344 exi-

1204 367 1339 394 stentem
1355 362 1551 395 Francorum
1566 372 1687 403 regem,
1704 368 1859 406 perpetuo
1869 374 1941 407 spe-

1205 419 1267 447 ctet
1288 419 1318 447 et
1331 414 1501 458 pertineat,
1517 421 1726 460 spectareque
1740 421 1769 448 et
1782 416 1941 459 pertinere

1200 467 1329 500 debeat.

1250 521 1266 562 ξ
1283 520 1313 553 li.
1335 520 1371 553 Et
1385 525 1449 553 tam
1464 521 1524 554 bac
1540 521 1645 564 prima
1658 521 1738 561 vice,
1753 531 1850 565 quarn
1864 531 1943 565 quo·
1970 534 2009 558 Qui
2030 535 2050 555 m
2068 533 2142 554 fraires

1205 573 1404 616 tiescumque
1425 573 1486 606 alia
1507 574 1649 607 eiusdem
1670 574 1874 617 magistratus
1891 585 1943 608 va-
1957 560 2144 639 ἔξὲιῗᾞωξὲιὲ

1205 626 1287 659 catio
1309 626 1460 666 evenerit,
1484 626 1680 670 quicumque
1706 627 1744 660 de
1764 637 1802 660 eo
1822 637 1880 671 per
1896 627 1943 661 di·
1957 640 2144 692 ssss‘ffm‘fflffld

2003 673 2035 688 em
2136 677 2144 682 ·

1205 685 1290 712 ctum
1305 688 1413 721 regem
1423 679 1569 722 provisus
1582 680 1686 721 suerit,
1702 686 1736 713 ut
1747 681 1940 724 praefertur,
1957 693 2020 714 iscam
2032 693 2144 723 'transmit-

1205 737 1275 775 post
1295 731 1510 775 provisionem
1526 732 1709 766 huiusmodi
1724 734 1850 775 factam,
1861 733 1944 767 intra
1959 721 2142 776 {3132332‘53'31'233

1206 790 1269 817 tres
1299 794 1425 817 menses
1458 794 1495 817 ex
1523 795 1610 818 nunc
1640 785 1804 828 proximos
1829 795 1944 819 novam
1959 774 2143 821 ffssffil'ffissiussss

1207 838 1344 881 desuper
1361 838 1400 870 ab
1422 837 1533 871 endem
1554 838 1634 871 Sede
1654 838 1869 882 provisionem
1889 849 1946 872 seu

1207 890 1486 924 confirmationem
1507 897 1618 935 petere
1643 897 1674 924 et
1698 891 1883 935 impetrare,
1910 903 1948 925 ac

1208 943 1283 977 fidei
1309 943 1487 978 catholicae
1507 944 1740 988 professionem
1762 945 1849 978 iuxta
1870 944 1948 978 arti-

1210 997 1299 1030 culos
1320 1008 1337 1030 a
1362 997 1447 1030 dicta
1466 997 1547 1031 Sede
1568 997 1702 1031 traditos
1723 997 1881 1039 emittere,
1905 997 1946 1030 il-

1209 1050 1337 1093 lamque
1354 1050 1399 1083 sic
1413 1050 1574 1091 emissam,
1595 1055 1626 1083 et
1642 1052 1682 1083 ab
1699 1051 1812 1084 eodem
1832 1061 1949 1093 magno

1209 1103 1363 1145 magistro
1381 1113 1478 1136 manu
1498 1105 1555 1136 sua
1568 1103 1793 1148 subscriptam,
1810 1104 1849 1137 ad
1864 1114 1950 1137 eam-

1209 1157 1282 1189 dem
1309 1157 1424 1190 Sedem
1455 1156 1538 1190 intra
1567 1158 1697 1190 eosdem
1732 1162 1796 1190 tres
1824 1167 1950 1190 menses

1210 1211 1426 1244 transmittere
1446 1211 1561 1244 debeat
1580 1217 1611 1244 et
1640 1216 1796 1251 teneatur,
1817 1221 1889 1243 cum
1911 1220 1949 1244 eo

1211 1270 1329 1305 tamen,
1354 1265 1441 1308 quod
1462 1264 1568 1298 dictus
1588 1275 1724 1307 magnus
1745 1265 1897 1307 magister
1916 1264 1948 1297 in

1209 1319 1352 1362 propria,
1377 1325 1408 1352 et
1432 1319 1713 1352 administratione
1733 1318 1837 1352 dictae
1867 1319 1948 1352 Mili-

1210 1374 1282 1414 tiae,
1306 1374 1366 1407 nisi
1387 1380 1460 1418 post
1479 1374 1643 1407 obtentam
1658 1384 1773 1407 novam
1794 1374 1949 1418 provisio-

1208 1438 1281 1460 nem
1304 1433 1335 1460 et
1361 1427 1568 1461 emissionem
1598 1428 1808 1471 professionis
1833 1427 1946 1461 huius-

1210 1481 1314 1521 modi,
1343 1492 1375 1514 se
1400 1486 1539 1525 nequeat
1564 1481 1789 1514 intromittere
1818 1481 1949 1514 Necnon

1209 1535 1393 1577 praedictae
1411 1540 1538 1568 erectae
1555 1535 1683 1567 Militiae
1698 1535 1816 1575 dotem,
1829 1545 1886 1578 per
1903 1534 1950 1568 di-

1210 1593 1294 1620 ctum
1315 1587 1487 1620 llenricum
1504 1598 1611 1630 regem
1624 1588 1663 1620 de
1676 1588 1741 1620 suis
1755 1587 1848 1620 bonis
1863 1598 1950 1620 mere

1210 1641 1398 1681 laicalibus,
1426 1651 1491 1674 non
1519 1647 1625 1674 tamen
1651 1641 1886 1681 ecclesiasticis,
1914 1646 1949 1674 ut

1209 1694 1400 1737 praefertur,
1413 1695 1584 1734 dotandae,
1599 1694 1693 1727 etiam
1709 1699 1866 1738 perpetuo
1880 1704 1950 1727 con-

1209 1747 1353 1781 cedimus
1373 1753 1404 1780 et
1424 1748 1635 1791 applicamus.

1253 1802 1269 1842 §j
1290 1800 1320 1833 5.
1344 1801 1388 1833 Ac
1408 1801 1539 1844 insuper
1558 1811 1617 1844 pro
1637 1806 1781 1844 tempore
1801 1801 1947 1834 existenti

1210 1864 1326 1895 magno
1351 1854 1505 1896 magistro
1530 1854 1736 1894 huiusmodi,
1764 1860 1799 1887 ut
1829 1864 1944 1898 supre-
1962 1861 2002 1881 lem
2017 1860 2103 1882 Ordinis
2115 1866 2148 1882 εο-

1210 1918 1295 1940 mam
1326 1917 1383 1940 seu
1415 1907 1628 1951 principalem
1654 1907 1797 1941 eiusdem
1819 1907 1948 1940 Militiae
1962 1887 2012 1939 1¹35ss
2024 1888 2148 1939 ’Πυὲῖξὲἷεῐῗ

1957 262 2004 289 An.
2021 261 2052 289 C.
2073 260 2140 289 1608

1208 1960 1256 1993 vel
1277 1960 1404 1993 Ordinis
1421 1960 1529 1993 sedem
1549 1967 1622 2004 post
1641 1961 1724 1993 hanc
1743 1960 1882 2004 primam
1901 1960 1948 1993 vi·
1963 1940 2149 2014 {32202552225323
2200 1952 2213 1982 ἶ

1209 2024 1278 2047 cem
1301 2014 1341 2047 ad
1356 2024 1595 2058 quemcumque
1621 2015 1740 2053 locum,
1758 2013 1854 2047 etiam
1882 2024 1949 2048 ma-

1209 2069 1365 2109 ritimum,
1382 2069 1414 2101 in
1429 2078 1530 2111 regno
1557 2079 1613 2101 seu
1634 2067 1712 2101 locis
1732 2078 1789 2111 per
1803 2068 1949 2102 eumdem

1209 2133 1316 2165 regem
1339 2123 1503 2166 possessis,
1528 2122 1567 2155 de
1585 2122 1713 2155 licentia
1739 2127 1845 2155 tamen
1867 2122 1951 2155 eius-

1210 2177 1281 2209 dem
1300 2176 1390 2209 Scdis
1410 2176 1622 2220 Apostolicae,
1646 2175 1818 2208 transferre
1838 2182 1869 2208 et
1885 2175 1951 2208 col-

1210 2231 1316 2263 locare
1333 2258 1340 2270 ,
1365 2240 1401 2262 ac
1427 2229 1544 2262 milites
1569 2239 1699 2267 creare,
1724 2228 1778 2272 qui
1804 2229 1950 2261 eamdem

1211 2283 1305 2315 tidem
1324 2282 1469 2326 profiteri
1499 2288 1530 2315 ct
1554 2281 1718 2315 fidelitatis
1733 2282 1950 2314 iuramentum

1211 2343 1273 2369 tam
1287 2337 1432 2369 Romano
1446 2335 1593 2369 Pontifici
1615 2345 1710 2378 quam
1731 2335 1816 2369 dicto
1834 2345 1950 2377 magno

1211 2390 1364 2432 magistro
1393 2394 1556 2433 praestare
1588 2389 1683 2421 etiam
1718 2392 1888 2421 teneantur
1919 2392 1949 2420 et

1210 2443 1358 2476 debeant.

1255 2498 1271 2538 g
1297 2496 1326 2528 b'.
1355 2495 1578 2529 Stabilimenta
1602 2504 1744 2538 quoque,
1772 2498 1891 2527 statuta
1915 2499 1946 2527 et
1964 2494 2149 2547 Ordffiffiiffiff

1211 2549 1430 2583 ordinationes
1454 2548 1583 2582 Militiae
1607 2558 1663 2581 seu
1683 2547 1810 2581 Ordinis
1830 2547 1945 2580 huius—
1963 2554 1989 2570 ¹¹0
2004 2547 2103 2569 ⁰⁰⁰⁶010·

1211 2602 1310 2642 modi,
1330 2602 1480 2645 illiusque
1500 2610 1691 2645 prosperum
1709 2599 1854 2642 regimen
1872 2609 1948 2633 con-

1212 2655 1387 2696 cernentia,
1413 2665 1432 2688 a
1465 2654 1547 2688 Sede
1571 2653 1755 2698 Apostolica
1782 2652 1947 2698 praedicta

2001 1807 2090 1833 Magnus
2103 1812 2148 1829 ma·
2200 1791 2210 1803 ’ἥ

1962 1834 2028 1859 gistel-
2042 1834 2148 1860 principa·
2196 1836 2217 1849 <·'
