2227 3241
278 268 325 297 Αη,
345 270 372 297 e.
394 270 461 298 ¹605
506 260 570 295 228

301 2156 424 2178 Commissio
432 2158 458 2177 de

275 2185 344 2210 quain
354 2185 445 2206 rubrica.

471 318 618 363 Papiensi
638 328 694 352 scu
709 318 867 352 Laudensi
885 319 1089 353 consistentia
1105 321 1135 353 in
1150 321 1212 354 seu-

471 373 546 405 dum
568 372 676 405 nobile
697 377 727 405 et
744 372 961 406 honorificum
976 373 1015 406 al)
1029 375 1209 417 Apostolica

469 426 550 459 Sede
571 425 747 466 obtinebat,
769 431 840 459 orta
860 426 955 460 suerit
978 426 1059 460 inter
1077 428 1210 462 dilectos

469 478 551 511 tilios
583 478 747 512 Octavium
763 506 770 519 ‚
803 479 947 513 Marcum
980 481 1153 515 Antonium
1180 488 1209 514 et

468 531 682 574 Augustinum
698 533 736 565 de
750 533 890 575 Cusanis,
908 534 1022 567 fratres
1039 544 1210 577 germanos

469 594 504 616 ex
518 586 593 626 una,
611 591 638 618 et
657 585 806 619 dilectam
829 586 860 619 in
881 586 1005 621 Christo
1024 587 1122 621 filiam
1140 589 1210 622 Fla-

469 637 602 670 miniam
631 638 786 672 Cusanum
817 639 892 673 dicti
917 640 1045 674 Ioannis
1070 641 1209 676 defuncti

468 701 612 725 sororem
632 702 668 735 ex
693 692 754 725 alia
786 693 931 736 partibus
957 694 1136 729 differentia
1154 707 1209 729 scu

469 745 602 778 materia
623 746 833 789 quaestionis,
857 758 893 780 ex
919 758 956 781 eo
981 748 1102 782 scilicet
1122 750 1209 793 quod

468 797 634 840 praedicta
648 798 804 832 Flaminia
817 810 850 832 se
861 800 948 846 dicto
960 801 1071 834 Ioanni
1082 801 1113 834 in
1126 805 1208 836 terra

469 850 613 884 ethonis
643 851 823 885 feudalibus
853 854 1004 897 praefatis
1035 855 1209 889 succedere

468 913 572 947 posse,
598 905 657 949 ipsi
683 916 757 939 vero
782 906 940 949 Octavius,
961 909 1084 943 Marcus
1109 911 1208 943 Anto-

467 958 540 991 nius
554 964 584 992 et
601 959 796 1002 Augustinus
811 972 843 994 se
861 961 892 995 in
910 962 1096 997 investitura
1115 964 1209 997 liuius

469 1011 555 1045 feudi
577 1022 611 1046 ex
627 1018 721 1057 pacto
736 1019 767 1047 ct
780 1015 982 1058 providentia
997 1017 1092 1061 primi
1109 1018 1209 1052 inves-

471 1066 576 1100 tientis
597 1067 848 1111 comprehensos
873 1081 952 1111 esse,
981 1076 1012 1104 et
1038 1078 1209 1115 propterea

470 1119 508 1152 ad
530 1130 595 1160 eos,
617 1121 752 1154 exclusis
770 1123 921 1156 omnibus
941 1123 1021 1165 aliis,
1044 1125 1126 1158 bona
1144 1126 1209 1158 seu-

471 1173 554 1206 dalia
574 1174 739 1216 praedicta
759 1176 957 1219 perveniant,
974 1178 1206 1221 praetendunt,

471 1238 610 1272 cumque
634 1229 801 1273 praedicta
825 1230 982 1264 Flaminia
1002 1232 1042 1265 ad
1062 1238 1209 1265 senatum

471 1290 528 1315 seu
560 1282 657 1315 alium
688 1283 835 1316 iudicem-
855 1285 1054 1318 saecularem
1090 1291 1210 1319 temere

472 1346 639 1369 recursum
672 1336 843 1378 habuerit,
872 1344 902 1371 et
926 1339 985 1382 ipsi
1009 1344 1138 1373 senatus
1163 1340 1209 1373 vel

470 1389 551 1422 alius
572 1389 667 1423 iudex
687 1401 816 1424 causam
842 1391 925 1425 hanc
945 1393 984 1426 de
1004 1393 1086 1426 sacto
1106 1404 1212 1426 susec-

471 1442 587 1486 perint,
611 1449 642 1477 et
662 1444 701 1477 ad
722 1444 896 1478 nonnullos
917 1451 1006 1479 aetus
1028 1446 1058 1478 in
1081 1446 1132 1479 illa
1158 1447 1212 1480 de-

472 1497 627 1538 venerint,
652 1503 682 1531 et
703 1498 765 1531 iam
787 1499 893 1532 forsan
915 1500 1148 1543 possessionem
1165 1501 1211 1533 ‹li-

472 1555 598 1583 ctorum
619 1551 780 1585 bonorum
806 1552 982 1586 feudalium
1005 1564 1022 1586 a
1046 1554 1211 1597 praedicto

468 1604 602 1645 Ioanne,
619 1605 694 1638 dum
716 1605 846 1646 viveret,
861 1617 897 1639 cx
918 1606 1101 1640 investitura
1122 1607 1211 1641 Sedis

471 1658 673 1701 Apostolicae
698 1669 756 1703 pro
782 1660 875 1693 bonis
901 1660 1082 1693 feudalibus
1103 1661 1207 1694 ecclc-

471 1711 606 1745 siasticis
629 1722 864 1756 possessorum,
884 1713 924 1746 ad
945 1724 977 1747 se
1002 1713 1150 1747 similiter
1172 1715 1210 1747 de

473 1765 556 1798 sacto
577 1766 792 1807 avocaverint,
816 1766 889 1800 licet
914 1773 1042 1801 senatus
1064 1768 1110 1801 vel
1131 1768 1211 1802 alius

472 1819 632 1864 quispiam
658 1820 752 1854 iudex
772 1821 946 1855 saecularis
964 1821 994 1854 in
1016 1822 1099 1855 dicta
1117 1825 1212 1856 causa

472 1873 589 1917 (cuius
615 1873 757 1916 cognitio
780 1873 933 1918 privative
949 1902 956 1915 ,
984 1875 1079 1908 etiam
1105 1876 1211 1919 quoad

471 1926 775 1960 summariissimum
800 1928 1047 1971 possessorium,
1071 1929 1110 1962 ad
1131 1929 1212 1962 iudi-

473 1990 540 2014 cem
556 1980 821 2023 eeclesiastieum,
837 1987 873 2015 ut
889 1983 1052 2016 notorium
1067 1988 1123 2024 est,
1141 1993 1212 2027 per-

473 2033 565 2077 tinet)
586 2044 655 2067 sese
675 2033 889 2068 intromittere
910 2045 969 2069 nec
994 2035 1135 2080 potuerit
1154 2047 1212 2069 nec

474 2087 634 2128 debuerit,

519 2143 535 2184 S
555 2140 586 2175 ⁶2.
609 2141 672 2175 Nos
692 2141 735 2184 id,
759 2148 793 2175 ut
809 2153 868 2186 par
888 2148 944 2184 est,
968 2143 1100 2177 minime
1122 2143 1212 2177 dissi-

475 2195 610 2236 mulare,
631 2205 667 2228 ac
687 2200 831 2229 nostram
853 2202 883 2229 ct
903 2196 1105 2240 Apostolicae
1123 2197 1212 2231 Sedis

473 2248 728 2282 iurisdictionem
741 2249 1006 2283 etauctoritatem
1024 2260 1213 2284 conservare

474 2313 510 2336 ac
524 2301 617 2343 tueri,
632 2302 773 2346 aliasque
788 2302 819 2335 in
832 2303 1017 2347 praemissis
1030 2309 1213 2347 opportune

473 2355 643 2400 providere
663 2356 827 2398 volentes,
849 2356 888 2389 de
915 2361 986 2389 tuae
1007 2356 1213 2391 fraternitatis

473 2410 583 2453 (quam
603 2409 731 2453 pridem
760 2409 861 2442 felicis
885 2409 1119 2443 recordationis
1147 2410 1213 2444 Cle-

475 2473 565 2496 mens
584 2463 670 2506 Papa
682 2462 760 2503 VIII,
773 2463 1004 2506 praedecessor
1023 2469 1148 2503 noster,
1172 2464 1211 2496 ad

474 2526 597 2557 curam,
613 2516 807 2559 gubernium
829 2521 861 2550 et
873 2516 1017 2559 regimen
1033 2516 1108 2550 dicti
1127 2516 1212 2550 feudi

475 2569 681 2603 ecclesiastici
701 2569 846 2613 Chignoli
873 2570 1023 2614 illiusque
1052 2570 1211 2604 bonorum

475 2623 650 2667 deputavit)
675 2623 869 2668 prudentia,
897 2623 978 2665 fide,
1006 2623 1209 2666 integritate,

475 2676 619 2710 doctrIna
634 2681 663 2710 et
683 2677 837 2721 singulari
858 2687 933 2720 erga
953 2687 1011 2711 nos
1033 2683 1062 2711 ct
1080 2678 1214 2721 Aposto-

1055 273 1090 295 Bt*
1097 273 1148 296 LLA
1155 273 1229 297 ntt'tt
1256 273 1404 298 Romami

1245 321 1338 355 licam
1360 322 1473 355 Sedem
1495 322 1558 355 fide
1572 332 1608 356 ac
1622 323 1791 357 devotione
1804 324 1983 368 plurimum

1245 374 1274 406 in
1293 375 1430 408 Domino
1452 375 1575 415 conlisi,
1593 381 1623 408 et
1636 386 1916 422 quarumcumque
1935 378 1983 412 in-

1245 428 1469 460 vestiturarum
1485 433 1590 462 terrae
1608 434 1639 462 et
1659 429 1820 463 bonorum
1838 430 1983 474 Chignoli

1244 480 1483 523 praedictorum
1502 481 1656 515 hactenus
1670 482 1827 516 saetarum
1845 488 1983 526 tenores,

1245 534 1454 577 ipsorumque
1475 539 1578 568 terrae
1599 540 1629 568 et
1649 535 1809 569 bonorum
1831 536 1980 570 situatio-

1243 597 1309 628 nes,
1334 588 1488 629 confines,
1512 588 1678 630 vocabula,
1702 589 1858 624 dioecesis
1878 590 1983 634 quali—

1244 646 1324 674 tates
1345 647 1374 674 ct
1394 651 1485 675 veros
1506 641 1600 676 etiam
1620 653 1744 677 annuos
1756 644 1891 684 vatores‚
1907 654 1983 678 nec-

1244 705 1308 728 non
1327 695 1388 728 litis
1408 695 1594 730 huiusmodi
1615 701 1732 730 statum
1753 703 1784 731 et
1802 697 1927 740 merita,
1948 709 1984 732 ac

1244 748 1375 782 nomina
1396 755 1426 782 et
1446 750 1641 792 cognomina
1657 751 1801 785 iudicum
1822 757 1853 786 et
1869 752 1983 786 eolliti-

1243 802 1401 844 gantium,
1420 809 1611 847 caeteraque
1625 805 1815 847 necessaria,
1833 816 1984 850 praesen-

1245 855 1327 888 tibus
1347 866 1407 899 pro
1429 857 1586 900 expressis
1611 857 1777 900 habentes,
1801 869 1838 893 ac
1855 870 1982 893 causam

1244 914 1273 942 ct
1286 920 1396 943 causas
1410 920 1506 953 super
1519 911 1702 954 praemissis
1716 912 1869 946 hactenus
1881 919 1984 947 motas

1245 968 1274 995 et
1291 962 1466 1004 inchoatas,
1485 974 1521 997 ac
1540 965 1713 998 movendas
1727 971 1758 999 et
1771 966 1980 1008 inchoandas,

1244 1015 1275 1047 in
1298 1014 1418 1049 eisdem
1447 1022 1531 1050 statu
1560 1023 1590 1050 et
1618 1019 1786 1060 terminis,
1814 1019 1846 1053 in
1867 1020 1983 1064 quibus

1244 1068 1460 1112 reperiuntur,
1479 1070 1519 1102 ad
1533 1080 1590 1104 nos
1611 1071 1725 1104 harum
1747 1072 1828 1106 serie
1848 1083 1984 1106 avocan-

1245 1126 1301 1162 tes,
1323 1122 1409 1155 illam
1431 1128 1460 1155 et
1477 1123 1546 1156 illas
1567 1124 1653 1165 (cum
1675 1125 1826 1159 omnibus
1854 1125 1983 1159 illarum

1245 1174 1469 1216 incidentibus,
1498 1177 1766 1220 dependentibus,
1790 1179 1983 1222 emergenti-

1245 1228 1315 1269 bus,
1332 1230 1463 1262 annexis
1485 1236 1513 1262 et
1533 1232 1695 1272 connexis,
1712 1243 1748 1265 ac
1768 1237 1833 1266 toto
1847 1233 1983 1275 negocio

1245 1282 1429 1326 principali)
1446 1284 1501 1316 tibi
1521 1295 1579 1328 per
1601 1291 1640 1326 te,
1665 1291 1816 1330 tanquam
1836 1293 1983 1321 nostrum

1246 1341 1276 1368 et
1296 1335 1385 1369 Sedis
1410 1337 1613 1380 Apostolicae
1638 1339 1832 1382 delegatum,
1853 1345 1908 1374 aut
1926 1350 1985 1384 per

1245 1389 1343 1422 alium
1361 1401 1416 1423 seu
1438 1391 1517 1425 alios
1531 1402 1548 1425 a
1564 1397 1592 1425 te
1612 1392 1881 1436 subdefflgandos,
1897 1404 1984 1427 sum-

1247 1443 1357 1485 marie,
1376 1443 1566 1492 simpliciter
1583 1451 1613 1478 et
1633 1445 1671 1479 de
1687 1447 1796 1490 plano,
1816 1447 1884 1480 sine
1897 1452 1981 1481 stre-

1245 1496 1313 1539 pitu
1335 1503 1365 1530 et
1385 1497 1488 1540 figura
1509 1498 1637 1539 iudicii,
1658 1500 1725 1532 sola
1753 1500 1826 1534 faeti
1850 1500 1983 1534 veritate

1246 1549 1400 1593 inspecta,
1419 1562 1456 1583 ae
1478 1551 1623 1585 terminis
1643 1552 1906 1587 substantialibus
1919 1564 1984 1587 non

1244 1604 1386 1645 servatis,
1411 1605 1597 1645 audiendas,
1619 1607 1875 1649 cognoscendas,
1899 1608 1985 1641 deci-

1245 1657 1365 1691 dendas
1385 1663 1413 1691 et
1435 1658 1499 1692 fine
1519 1659 1638 1700 debito,
1661 1666 1757 1704 prout
1776 1661 1854 1695 iuris
1874 1661 1981 1703 suerit,

1245 1710 1463 1745 terminandas
1481 1712 1726 1761 committimus:

1289 1766 1305 1806 ξ
1324 1763 1354 1797 3.
1371 1765 1486 1799 Dantes
1499 1766 1553 1799 tibi
1569 1767 1709 1810 plenam,
1723 1767 1858 1802 liberam
1872 1773 1905 1802 et
1918 1779 1985 1803 arn-

1245 1818 1329 1862 plam
1353 1819 1536 1852 facultatem
1563 1825 1593 1853 et
1610 1821 1834 1855 auctoritatem
1859 1822 1892 1855 in
1912 1823 1981 1867 pri-

1247 1872 1306 1905 mis
1323 1878 1353 1905 et
1371 1878 1443 1906 ante
1464 1873 1574 1906 omnia
1591 1874 1783 1918 cuicumque
1803 1881 1834 1908 et
1853 1875 1986 1920 quibus-

1246 1936 1385 1969 cumque
1406 1926 1567 1960 iudicibus
1587 1928 1817 1971 saecularibus,
1837 1934 1868 1962 et
1888 1928 1984 1963 etiam

1247 1979 1375 2023 ipsimet
1399 1981 1535 2019 senatui,
1555 1981 1614 2014 sub
1642 1982 1986 2017 excommunicationis

1246 2034 1329 2067 latae
1346 2034 1525 2068 sententiae
1544 2034 1679 2079 aliisque
1704 2036 1848 2070 censuris
1868 2042 1898 2070 et
1913 2046 1988 2081 poe·

1246 2088 1295 2121 nis
1311 2088 1534 2121 ecelesiasticis
1553 2099 1610 2132 per
1632 2094 1661 2122 te
1682 2089 1864 2132 infligendis
1881 2095 1912 2124 et
1931 2091 1987 2125 de-

1246 2142 1417 2183 clarandis,
1441 2142 1537 2175 etiam
1562 2153 1620 2186 per
1640 2143 1778 2176 edictum
1805 2144 1984 2188 publicum,

1247 2196 1384 2229 constito
1405 2197 1444 2230 de
1470 2206 1534 2229 non
1561 2202 1627 2229 tuto
1652 2207 1791 2238 accessu,
1805 2197 1984 2240 inhibendi,

1246 2259 1286 2282 ne
1310 2250 1461 2290 audeant,
1489 2260 1544 2283 seu
1559 2249 1694 2293 quisque
1719 2260 1830 2284 eorum
1855 2251 1984 2293 audeat,

1247 2313 1279 2335 se
1300 2302 1330 2334 in
1353 2302 1537 2336 huiusmodi
1552 2305 1648 2336 causa
1664 2303 1712 2336 vel
1730 2302 1844 2345 causis,
1865 2303 1986 2338 directe

1247 2356 1295 2388 vel
1313 2355 1479 2397 indirecte,
1503 2361 1558 2389 aut
1577 2356 1689 2400 quovis
1706 2357 1852 2400 quaesito
1877 2358 1985 2392 colore

1246 2409 1294 2442 vcl
1315 2409 1456 2452 ingenio,
1479 2420 1584 2454 neque
1606 2410 1701 2444 etiam
1728 2410 1867 2445 evitandi
1887 2422 1982 2445 scan-

1247 2463 1319 2496 dala
1340 2468 1394 2496 aut
1413 2462 1476 2496 alio
1496 2463 1608 2507 quovis
1637 2463 1775 2506 cogitato
1795 2464 1843 2497 vel
1864 2464 1987 2507 incogi-

1248 2522 1311 2550 tato
1324 2521 1501 2560 praetextu,
1514 2516 1739 2558 intromittere,
1762 2517 1920 2560 ingerere,
1935 2518 1984 2552 vel

1247 2580 1379 2613 quoquo
1393 2570 1490 2602 modo
1503 2570 1681 2613 procedere
1694 2580 1730 2603 ac
1743 2580 1776 2603 se
1789 2570 1982 2612 iinmiseere;

1247 2623 1440 2667 quinimmo,
1464 2623 1489 2656 si
1511 2623 1666 2657 hactenus
1695 2623 1754 2667 ipsi
1782 2629 1911 2658 senatus
1936 2624 1983 2658 vel

1247 2677 1327 2710 alius
1341 2676 1537 2720 quicumque
1559 2677 1651 2711 iudex
1672 2677 1846 2712 saecularis
1867 2678 1905 2711 ad
1924 2677 1982 2712 ali-

1998 276 2047 304 An.
2065 276 2093 305 c.
2114 271 2184 306 1605
2203 264 2221 320 '3³

2025 1791 2138 1813 Concessio
2148 1784 2198 1818 neg}

1998 1819 2139 1840 cessat-iarum
2153 1817 2191 1850 fai„x
2204 1821 2205 1834 t

1999 1847 2110 1868 cuttatum.
2175 1847 2189 1872 *3-
2204 1852 2206 1876 t
