2227 3241
245 275 336 302 Aac.
364 275 430 302 1610
475 267 537 299 ὓ31)

672 323 782 349 Paulus
804 322 881 355 Papa
901 322 932 355 V,

560 378 594 403 ad
615 378 789 409 perpetuam
809 374 852 402 rei
873 375 1053 402 memoriam.

492 431 577 462 Inter
609 439 719 472 graves
750 429 918 472 pastoralis
950 428 1046 462 offleii
1073 429 1172 462 nostri

436 493 549 518 tusas.
577 482 693 525 quibus
719 482 844 515 assidue
869 482 1066 525 promititur,
1096 483 1172 516 hacc

436 536 637 579 potissimum
665 546 722 569 nos
747 542 851 578 urget,
880 542 913 569 ut
939 536 1172 578 christifideles,

434 589 623 632 praesertim
651 589 831 631 regularem
855 589 948 622 vitam
971 590 1168 633 profitentes,

433 642 562 675 semotis
584 642 685 675 litium
708 642 915 684 anfractibus,
934 643 1078 676 unanimi
1098 653 1172 677 voce

432 695 490 727 sub
528 695 720 728 concordiae
754 696 877 737 legibus
903 696 1065 729 Altissimo
1102 702 1172 730 vota

433 749 604 787 exsolvant,
622 756 663 789 et,
679 749 705 782 si
727 760 807 793 quae
827 750 908 783 inter
929 761 982 784 eos
1003 757 1091 784 ortae
1111 751 1173 784 sint

434 801 502 834 lites
528 808 557 834 et
590 802 792 843 discordiae,
822 803 917 843 illae,
947 809 1042 847 prout
1069 804 1116 837 ius
1142 809 1172 838 et

432 855 575 898 aequitas
595 856 768 899 postulant,
789 856 1005 898 liminentur¹,
1023 863 1064 897 et,
1080 867 1118 890 ne
1140 857 1171 889 in

434 909 575 941 futurum
599 914 782 952 resurgant,
804 911 994 954 opportunis
1022 911 1172 944 remediis

434 962 649 1005 provideatur.

239 1055 241 1057 ι
260 1030 310 1048 oua
328 1031 362 1047 ,μη
380 1027 417 1047 mt-
478 1017 494 1057 ἓ
514 1014 541 1047 1.
567 1015 651 1048 Alias
676 1016 834 1059 siquidem
850 1022 920 1060 (per
944 1027 1000 1050 nos
1026 1022 1168 1061 accepto,

234 1058 322 1127 {iiiii-3¹³⁴
352 1058 417 1100 illl?
434 1068 520 1111 quod
542 1068 578 1101 lis
599 1074 629 1101 et
648 1079 741 1102 eausa
764 1070 845 1103 inter
866 1070 999 1103 dilectos
1016 1069 1098 1103 filios
1116 1071 1173 1103 fra-

254 1114 318 1128 stilti<

235 1135 319 1155 franci<

233 1164 275 1181 tre<
282 1167 318 1181 san

234 1189 284 1208 eise:
300 1188 311 1208 d

264 444 381 464 mor-tium

353 1109 418 1153 ”iiii-¹
436 1127 498 1154 tres
529 1121 624 1154 Tertii
657 1121 783 1155 Ordinis
816 1123 915 1156 saneti
948 1122 1106 1156 Francisci
1133 1123 1171 1156 de

373 1167 419 1210 iiis]
435 1174 633 1208 Poenitentia
655 1177 829 1220 nuncupati
851 1176 1107 1210 ultramontanae
1129 1177 1170 1210 fa-

233 1221 295 1239 super
304 1215 335 1234 <lis
348 1216 420 1234 metio-

232 1241 424 1267 neiiubi202,.1.mm
437 1227 543 1261 miliae
569 1239 604 1261 ex
630 1231 708 1270 una,
737 1235 768 1262 et
793 1229 904 1262 fratres
925 1229 1052 1263 Ordinis
1072 1230 1171 1263 saneti
1193 1257 1200 1264 .

230 1268 263 1288 hie
271 1269 363 1289 Pontifex
371 1268 418 1287 ilun-

233 1295 419 1326 numnimanims
436 1281 594 1314 Francisci
620 1282 658 1315 de
684 1282 780 1315 Paula
806 1283 948 1327 partibus
974 1294 1010 1316 ex
1036 1282 1168 1324 anei-21⁴³,

233 1322 417 1374 12⁸531³3¹.¹'¹³¹¹³*¹¹··
434 1344 530 1378 super
543 1335 651 1368 colore
664 1335 792 1369 habitus
809 1336 952 1379 gestandi
971 1347 988 1369 a
1006 1336 1097 1370 dietis
1111 1337 1172 1370 fra-

436 1387 537 1421 tribus
557 1388 652 1421 Tertii
670 1388 808 1430 Ordinis,
829 1396 863 1423 ut
887 1401 904 1422 a
925 1390 1095 1434 praedietis
1116 1392 1172 1423 fra-

435 1441 535 1474 tribus
563 1442 662 1479 saneti
688 1443 848 1476 Francisci
874 1444 912 1477 de
938 1444 1033 1477 Paula
1063 1449 1171 1488 aperte

434 1493 583 1536 distingui
605 1502 744 1538 possent,
765 1496 939 1539 pendebat)
956 1507 1013 1529 nos
1034 1497 1119 1530 litem
1142 1502 1172 1531 et

434 1557 561 1581 causam
583 1558 637 1581 seu
657 1559 767 1581 causas
788 1549 970 1582 huiusmodi
997 1550 1171 1584 venerabili

435 1599 523 1633 fratri
545 1607 655 1634 nostro
676 1602 815 1635 Mariano
830 1603 981 1646 episeopo
994 1604 1172 1637 Tusculano

434 1655 471 1687 de
492 1654 658 1688 Camerino
677 1662 706 1689 et
725 1656 841 1689 dilecto
860 1656 925 1689 tilio
939 1662 1048 1690 nostro
1062 1657 1172 1690 lliero-

432 1718 528 1752 nymo
544 1708 624 1741 tituli
639 1709 737 1742 saneti
753 1709 846 1743 Blasii
861 1710 900 1743 ‹le
912 1711 1036 1743 Annulo
1050 1710 1079 1743 S.
1090 1711 1124 1743 R.
1139 1711 1171 1745 E.

432 1762 625 1806 presbyteris
650 1763 866 1796 cardinalibus
891 1763 1070 1806 Pamphilio
1091 1774 1171 1797 nun-

433 1815 572 1859 cupatis,
599 1816 801 1849 Minimorum
823 1817 921 1850 saneti
944 1817 1104 1850 Francisci
1133 1818 1171 1851 de

432 1867 550 1900 Paula³
572 1869 613 1911 (et
643 1869 776 1902 fratrum
804 1870 962 1903 Minorum
991 1872 1030 1904 de
1055 1871 1170 1904 Obser-

432 1921 536 1953 vantia
559 1920 714 1954 Ordinum
740 1922 924 1955 huiusmodi
951 1923 1036 1967 apud
1064 1933 1121 1957 nos
1143 1930 1173 1957 et

433 1974 648 2017 Apostolicarn
668 1974 781 2008 Sedem
798 1976 974 2019 respective
994 1976 1171 2020 protectori

432 2033 463 2060 et
482 2027 549 2061 viee
567 2029 753 2072 protectori)
771 2029 957 2071 audiendas,
977 2040 1172 2073 eognoscen-

432 2081 499 2120 das,
528 2081 739 2123 decidendas,
764 2082 892 2127 fineque
918 2084 1026 2117 debito
1058 2084 1169 2118 termi-

433 2134 564 2173 nandas,
582 2135 668 2167 omni
687 2141 718 2168 et
733 2147 936 2180 quacumque
958 2138 1173 2181 appellatione

432 2189 566 2228 remota,
587 2188 814 2222 commisimus.

288 2252 325 2276 Qu.
342 2252 417 2282 aetnae
478 2242 494 2282 ξ
515 2240 545 2273 2.
569 2240 627 2279 Qui
646 2241 774 2284 quidem
797 2243 955 2276 Marianus
973 2249 1001 2278 οἱ
1022 2244 1174 2288 [lierony-

235 2282 420 2353 ἶξῖἶῗὲἶξιῖἲῖιῗῃὲῖῗέἒ
436 2303 505 2326 mus
516 2294 705 2335 cardinales,
718 2295 747 2327 in
759 2296 1008 2339 exequutionem
1024 2298 1174 2331 commis-

235 2358 299 2405 gnpm
338 2361 419 2405 eestlare
434 2347 533 2379 sionis
556 2347 738 2381 huiusmodi
761 2359 854 2392 saepe
887 2350 1013 2393 saepius
1045 2351 1173 2393 praedi-

251 2391 261 2404 ἓ
279 2391 313 2405 PFG
336 2392 359 2405 CX
390 2392 419 2405 lll-

235 2412 418 2464 'ill-'lulTYFJl’L‘'
435 2400 493 2432 etis
506 2401 649 2443 partibus
671 2401 701 2434 in
716 2411 792 2434 voce
805 2407 835 2434 et
857 2402 885 2434 in
900 2403 1026 2446 seriptis
1046 2403 1173 2445 auditis,

236 2465 419 2489 tuorparutiusta-
436 2454 662 2498 mulIOIIesqtlt]
697 2461 723 2487 CI
761 2462 885 2488 malum
920 2456 958 2488 ai)
991 2456 1035 2489 CIS
1065 2457 1171 2490 consi-

236 2495 274 2510 nae
296 2497 368 2516 nigrae
398 2495 419 2512 ot.

236 2517 302 2564 {22¹³
318 2519 417 2540 ianae-ai.
435 2506 545 2540 derato
571 2507 755 2541 huiusmodi
790 2509 941 2551 negotio,
970 2519 1027 2552 pro
1061 2510 1173 2543 maiori

474 2588 481 2613 l
506 2586 551 2613 Vel
563 2588 623 2621 lege
633 2588 832 2621 eliminentur,
845 2589 885 2614 vel
898 2589 1084 2617 terminentur
1095 2591 1172 2625 (ns).

470 2630 485 2656 ⁹2
506 2630 677 2666 llyperbalon
697 2640 749 2659 non
771 2632 929 2668 corrigimus
944 2633 984 2667 (n.
1000 2634 1046 2665 iu).

471 2674 486 2701 3
507 2675 586 2701 Aliud
604 2676 770 2710 hyperbaton
789 2677 840 2703 iam
852 2680 948 2704 notum
967 2678 1004 2707 (n.
1022 2679 1069 2709 π),

1014 274 1194 298 RULLARII'M
1220 274 1370 300 ROMANUM

1209 323 1369 356 dictorum
1390 323 1523 356 fratrum
1543 324 1626 357 inter
1641 334 1674 357 se
1691 325 1797 368 quiete
1815 331 1846 359 et
1863 330 1945 359 tran-

1208 376 1363 420 quillitate
1390 376 1583 418 iudicarunt,
1607 377 1816 411 decreverunt
1835 385 1866 412 et
1884 385 1945 413 sta-

1209 436 1348 470 tuerunt,
1365 435 1400 464 ut
1411 430 1496 464 iuxta
1511 430 1651 474 ipsorum
1667 431 1822 474 regulam,
1839 432 1943 466 indul-

1207 489 1300 527 taque
1319 494 1517 518 summorum
1533 484 1736 525 Pontificum,
1758 485 1944 529 praesertim

1207 537 1306 571 felicis
1328 538 1561 572 recordationis
1575 539 1745 573 Clementis
1757 539 1860 584 Papae
1879 539 1945 573 VIII

1207 591 1462 634 praedecessoris
1498 592 1597 626 nostri
1616 620 1623 633 ‚
1658 592 1784 626 habitus
1820 592 1945 636 praedi-

1208 650 1332 677 ctorum
1360 645 1492 678 fratrum
1523 645 1620 679 Tertii
1652 645 1780 679 Ordinis
1805 646 1844 679 de
1868 646 1945 680 Poe-

1207 697 1340 731 nitentia
1370 699 1544 743 nuncupati
1578 699 1616 732 sit
1641 710 1677 733 ex
1701 699 1815 732 humili
1839 709 1944 743 panno

1207 752 1370 786 confectus
1400 753 1460 786 boe
1497 753 1618 794 modo,
1653 753 1822 795 videlieet,
1851 759 1885 786 ut
1909 764 1944 787 ex

1207 810 1346 848 quatuor
1361 806 1505 849 partibus
1520 807 1610 840 lanae
1626 806 1815 840 naturaliter
1825 807 1944 850 nigrae,

1207 863 1237 890 et
1257 858 1324 892 sine
1338 859 1443 903 aliqua
1461 859 1596 893 tinctura
1619 866 1784 894 contextae
1795 858 1815 902 ¹,
1836 865 1867 894 et
1883 863 1946 894 una

1206 917 1296 955 parte
1321 913 1412 946 lanae
1437 913 1533 946 etiam
1559 913 1748 948 naturaliter
1773 913 1942 954 candidae,
1998 955 2004 961 .

1206 965 1248 997 ita
1263 966 1348 1008 quod
1369 965 1502 1009 singulis
1515 972 1654 1010 quatuor
1674 967 1763 1000 libris
1776 967 1868 1001 lanae
1888 977 1946 1000 na-

1206 1018 1353 1052 turaliter
1373 1019 1495 1062 nigrae,
1516 1020 1652 1054 addatur
1672 1031 1735 1053 una
1757 1020 1838 1053 libra
1854 1021 1945 1054 lanae

1206 1072 1308 1114 albae,
1337 1079 1369 1107 et
1388 1073 1476 1115 alias,
1493 1080 1589 1118 prout
1614 1074 1645 1107 in
1670 1074 1859 1108 eorumdem
1883 1074 1944 1108 Ma-

1206 1126 1286 1159 riani
1313 1132 1343 1160 et
1367 1127 1552 1172 Hieronymi
1578 1129 1789 1162 cardinalium
1815 1129 1944 1163 decreto

1207 1179 1344 1223 desuper
1369 1181 1450 1214 facto
1482 1180 1608 1225 plenius
1633 1181 1749 1215 dieitur
1772 1181 1941 1215 contineri.

1251 1235 1267 1275 ἓ
1299 1233 1328 1267 3.
1365 1234 1440 1268 Cum
1479 1240 1584 1268 autem
1618 1235 1783 1279 utriusque
1818 1235 1944 1269 Ordinis

1206 1286 1361 1328 praedicti
1387 1287 1502 1328 fratres
1522 1288 1614 1321 nobis
1638 1299 1742 1332 nuper
1762 1288 1877 1332 exponi
1898 1288 1943 1321 fe-

1206 1340 1336 1381 cei-init,
1354 1340 1412 1384 ipsi
1426 1341 1602 1385 plurimum
1627 1341 1756 1385 cupiant
1780 1341 1944 1375 decretum

1206 1392 1391 1427 huiusmodi
1411 1405 1471 1438 pro
1486 1394 1570 1428 illius
1588 1394 1723 1428 firmiori
1744 1395 1944 1429 subsistentia

1206 1451 1236 1479 et
1256 1446 1430 1480 inviolabili
1450 1448 1672 1482 observatione
1692 1459 1709 1482 a
1722 1449 1814 1483 nobis
1828 1448 1945 1483 contir-

1206 1499 1286 1533 mari
1301 1505 1332 1533 et
1346 1501 1529 1545 approbari,
1554 1502 1606 1535 et³
1627 1502 1699 1536 ideo
1714 1502 1806 1536 nobis
1820 1501 1946 1535 humili-

1207 1556 1253 1584 ter
1265 1552 1437 1596 supplicari
1453 1553 1594 1594 fecerint,
1605 1559 1639 1587 ut
1655 1564 1753 1598 super
1766 1553 1946 1598 praemissis

1206 1610 1387 1647 opportune
1408 1599 1629 1649 providere'de
1644 1606 1840 1649 benignitate
1853 1616 1943 1650 apos-

1207 1657 1301 1689 tolica
1327 1657 1542 1700 dignaremur:

1987 1240 2079 1266 Uterque
2087 1239 2144 1261 Ordo

1959 1267 2087 1293 supplicavit
2105 1266 2143 1298 ξας

1959 1292 2144 1346 ἓὲἓηὸωψῗέξὲὶ

1960 1346 2054 1368 batione.

1251 1711 1267 1752 ἕ
1282 1710 1311 1743 si.
1324 1710 1385 1744 Nos
1401 1711 1507 1753 igitur,
1523 1712 1650 1745 illorum
1673 1712 1764 1754 rotis,
1781 1722 1844 1756 quo
1858 1712 1945 1756 quie·
1959 1719 2036 1772 pffiffi
2049 1719 2144 1771 lfll'dpssllj

1208 1763 1268 1796 tius
1282 1770 1312 1796 et
1324 1764 1467 1798 securius
1483 1765 1513 1797 in
1527 1765 1716 1799 humilitatis
1730 1765 1842 1809 spiritu
1857 1765 1946 1799 Altis·
1959 1772 2143 1825 gggggiggsww

1206 1817 1287 1850 simo
1314 1818 1461 1850 famulari
1488 1818 1622 1859 valeant,
1650 1829 1803 1859 annuere,
1827 1829 1945 1862 eosque
2066 1815 2069 1819 ’

1206 1870 1398 1913 specialibus
1423 1871 1582 1904 favoribus
1607 1877 1636 1904 et
1662 1871 1772 1914 gratiis
1792 1871 1945 1916 prosequi

1207 1924 1358 1965 volentes,
1379 1929 1411 1957 et
1429 1935 1445 1957 a
1462 1924 1626 1968 quibusvis
1643 1925 1945 1959 excommunicatio-

1207 1976 1265 2018 nis,
1286 1983 1360 2018 ete.,
1376 1983 1550 2019 censentes,
1571 1977 1755 2011 huiusmodi
1785 1977 1945 2022 supplica-

1208 2030 1347 2064 tionibus
1373 2031 1525 2072 inelinati,
1546 2031 1709 2065 decretum
1735 2031 1947 2075 praedictum,

1207 2089 1237 2116 et
1251 2084 1359 2117 onmia
1373 2090 1403 2117 et
1419 2084 1544 2126 singula
1562 2084 1592 2116 in
1611 2084 1664 2118 illo
1679 2090 1838 2124 contenta,
1855 2094 1947 2128 apos-

1208 2137 1301 2170 toliea
1331 2137 1540 2178 auctoritate,
1570 2144 1680 2171 tenore
1714 2137 1943 2182 praesentium,

1208 2196 1362 2234 perpetuo
1392 2190 1621 2224 confirmamus
1653 2196 1683 2224 et
1715 2191 1942 2235 approbamus,

1208 2244 1334 2288 illisque
1360 2244 1509 2278 omnibus
1524 2249 1554 2278 et
1567 2244 1699 2287 singulis
1721 2249 1895 2288 perpetuae
1916 2249 1945 2277 et

1208 2297 1399 2331 inviolabilis
1431 2296 1590 2331 firmitsstis
1622 2298 1721 2331 robur
1754 2297 1942 2337 adiieimus,

1208 2361 1384 2395 omnesque
1409 2357 1439 2384 et
1462 2351 1624 2393 singulos,
1653 2356 1715 2384 tam
1742 2350 1818 2383 iuris
1849 2360 1944 2394 quam

1209 2404 1280 2437 faeti
1307 2410 1337 2437 et
1361 2415 1583 2448 quoscumque
1612 2405 1690 2437 alios
1715 2405 1808 2438 etiam
1837 2414 1941 2448 quan-

1210 2458 1324 2491 tumvis
1348 2458 1571 2491 substantiales
1597 2458 1749 2498 defectus,
1772 2457 1796 2491 si
1814 2457 1868 2501 qui
1891 2457 1944 2491 de-

1208 2521 1303 2554 super
1333 2511 1578 2555 quomodolibet
1610 2511 1858 2551 intervenerint,
1891 2517 1944 2544 aut

1244 2592 1254 2616 1
1279 2591 1327 2617 Ed.
1340 2590 1419 2618 lllain.
1431 2591 1481 2626 teg.
1497 2593 1628 2618 contexta
1644 2594 1669 2617 et
1681 2593 1760 2617 antea
1768 2590 1940 2624 niqrams).

1242 2633 1258 2660 2
1277 2634 1375 2670 Supple
1395 2635 1470 2669 quod
1488 2635 1526 2669 (n.
1542 2634 1588 2669 12).

1242 2678 1257 2704 3
1278 2677 1439 2706 Particulam
1455 2681 1478 2706 et
1494 2686 1542 2704 nos
1558 2677 1680 2705 addimus
1694 2678 1787 2712 (mr.)⁴

1961 277 2008 304 An.
2025 276 2053 304 c.
2075 277 2143 304 1610
2193 260 2194 266 ’
