2227 3241
256 262 304 288 An.
322 261 351 289 C.
371 262 439 290 1608

291 643 393 668 nouaque
409 641 438 662 in·

255 673 314 692 certa
322 672 343 690 et
357 674 394 695 pet·
403 673 439 689 eos

255 697 350 723 captivus
384 695 439 715 mal-³

255 726 316 750 parta
361 721 439 743 condo-

255 750 326 772 nandi.

280 1015 406 1035 Par-amenta
417 1016 436 1034 et

254 1043 376 1062 ornamenta
406 1046 429 1060 er·

254 1068 374 1088 ctesiastica
403 1067 439 1087 lte·

254 1095 372 1115 uenit-enai.

295 1440 395 1466 Religiosi
418 1441 438 1459 et

255 1467 290 1487 alii
321 1466 437 1492 presbytori

255 1494 320 1513 etiam
345 1493 438 1518 captivi,

254 1520 317 1540 certis
327 1519 383 1540 horis
392 1524 439 1540 nus-

254 1552 299 1567 sam
315 1546 334 1566 in
344 1546 383 1566 illis
391 1551 438 1571 par-

253 1573 311 1594 tibus
330 1572 438 1593 celebrare

254 1599 335 1625 possint
350 1599 370 1619 in
386 1599 438 1619 locis

254 1626 318 1646 etiam
347 1625 439 1651 profanis

255 1658 302 1672 cum
310 1652 438 1672 ornamentis

255 1681 276 1699 et.
286 1679 306 1699 iu
315 1679 381 1698 attare
393 1683 438 1704 por·

254 1705 315 1726 utili.

284 2289 309 2310 Et
323 2294 440 2310 sacramen-

258 2318 300 2336 tum
329 2316 440 2337 Eucharis-

257 2345 300 2362 ttae
315 2342 342 2363 ad
357 2342 439 2363 christi-

256 2369 330 2389 fideles
358 2369 439 2390 deterre

256 2395 346 2416 valeant.

483 254 548 288 462

455 318 484 345 et
503 322 564 356 pro
584 317 728 356 tempore
746 312 924 355 existentes,
946 323 963 346 a
984 313 1192 357 quibuscum-

454 375 516 408 que
534 364 624 406 votis,
647 375 711 398 non
730 371 836 399 tamen
853 365 1042 400 solemniter
1059 367 1192 409 emissis,

454 418 500 450 rel
514 416 613 461 quae⁴
633 418 745 462 captivi
767 419 921 462 praedicti
936 420 967 453 in
982 420 1102 454 eisdem
1120 432 1192 465 par-

454 470 537 503 tibus
551 477 775 505 conversantes
798 473 845 505 vel
864 479 975 516 postea
993 473 1024 506 in
1046 473 1192 507 libertate

453 524 616 557 constituti
638 525 806 559 commode
827 526 1006 570 adimplere
1030 532 1192 571 poterunt,

453 576 575 620 pariter
595 576 778 619 absolvere3

498 629 558 672 §4-
577 630 745 664 Praeterea
758 632 836 664 sub⁹
850 633 941 666 bonis
955 633 1094 673 incertis,
1112 643 1192 677 quae

454 683 569 727 captivi
599 685 755 728 praedicti
786 686 869 719 male
900 693 991 730 parta
1021 686 1193 720 habuerint

454 736 598 780 (erogata
619 743 725 772 tamen
749 739 838 782 prius
859 740 965 783 aliqua
986 739 1135 784 portione
1161 740 1191 773 in

453 788 646 823 beneficium
666 797 695 824 et
716 801 808 825 usum
831 793 1063 836 redemptionis
1084 793 1193 826 huius-

454 843 553 883 modi,
577 844 728 877 Bernardi
757 850 784 877 et
815 846 1032 889 professorum
1059 846 1189 890 praedi-

454 902 578 930 ctorum
606 897 762 940 arbitrio),
790 898 980 942 disponere,
1010 899 1127 943 illaque
1149 900 1193 932 eis

455 951 632 984 concedere
659 957 688 985 et
711 952 914 992 condonare,
1109 957 1111 960 '

500 1002 567 1045 ξῦ.
596 1003 751 1048 Quodque
783 1005 964 1038 Bernardus
994 1012 1021 1039 ct
1058 1006 1191 1049 professi

454 1058 623 1101 praedicti,
645 1069 703 1103 pro
719 1070 777 1093 usu
803 1060 947 1093 locorum
969 1066 999 1093 et
1023 1060 1189 1093 ministro-

455 1122 524 1144 rum
546 1112 835 1146 ecclesiasticorum
861 1114 1016 1146 dictarunt
1038 1114 1189 1157 partium,

453 1172 639 1209 paramenta
659 1172 687 1199 et
710 1173 899 1200 ornamenta
913 1167 1125 1200 ecclesiastica
1143 1168 1193 1200 be-

452 1219 613 1257 nedicere,
631 1230 668 1252 eo
686 1225 829 1264 tempore
844 1221 1009 1253 dumtaxat
1027 1231 1090 1264 quo
1107 1221 1190 1265 apud

453 1272 582 1306 eosdem
617 1272 762 1306 infideles
793 1274 1100 1314 commorabuntur,
1133 1274 1190 1306 nisi

453 1325 495 1358 ibi
518 1326 676 1370 quispiam
699 1327 779 1359 alius
799 1327 989 1371 reperiatur,
1010 1327 1063 1370 qui
1090 1337 1123 1360 ex
1147 1328 1191 1359 of-

453 1377 526 1411 neto
549 1379 602 1412 illa
620 1379 812 1412 benedicere
839 1380 958 1417 valeat;

497 1433 513 1474 ξ
535 1432 564 1464 (5.
589 1432 744 1476 Quodque
764 1433 903 1475 religiosi
926 1439 953 1466 et
981 1434 1032 1466 alii
1059 1435 1190 1479 presby-

454 1485 524 1525 teri,
543 1485 636 1518 etiam
660 1485 784 1528 captivi,
811 1486 841 1518 in
864 1485 926 1518 illis
946 1487 1090 1530 partibus
1108 1498 1191 1521 nunc

454 1546 482 1572 et
504 1550 562 1583 pro
582 1547 724 1584 tempore
746 1541 925 1581 existentes,
947 1551 1003 1585 per
1022 1552 1117 1575 unam
1136 1543 1192 1576 ho-

454 1604 521 1626 ram
548 1600 619 1626 ante
646 1600 750 1627 ortum
775 1593 857 1631 diei,
887 1604 987 1637 usquc
1015 1595 1053 1627 ad
1079 1595 1191 1629 horam

455 1647 677 1688 meridianam,
699 1654 729 1680 et
747 1653 816 1691 post
835 1648 1000 1681 meridiem
1023 1660 1079 1692 per
1097 1650 1190 1683 aliam

454 1700 578 1742 horam,
609 1701 748 1741 missam,
778 1701 808 1733 in
833 1701 911 1734 locis
936 1702 1031 1735 etiam
1049 1703 1192 1746 profanis

453 1753 492 1786 ad
526 1754 556 1787 id
588 1754 633 1787 eis
665 1754 958 1795 commodiorihus,
990 1765 1061 1788 cum
1090 1766 1192 1789 orna—

454 1807 568 1840 mentis
594 1814 624 1840 et
645 1807 736 1840 altari
761 1808 903 1851 portatili
930 1808 1093 1842 celebrare
1117 1820 1191 1853 pos-

451 1860 533 1901 sint,
557 1860 680 1894 etiamsi
709 1866 855 1905 tempore
882 1861 1107 1896 celebrationis
1131 1863 1191 1895 hu-

452 1914 590 1947 iusmodi
601 1914 850 1956 Mauriffurcae,
862 1915 1191 1959 ludaei,·idololatrae,

452 1967 617 2008 haeretici,
641 1973 815 2011 apostatae,
840 1969 887 2001 vel
909 1968 961 2001 alii
993 1969 1032 2001 ab
1053 1970 1191 2004 Ecclesia

452 2021 612 2055 Catholica
630 2022 780 2065 separati,
802 2022 920 2055 ibidem
938 2028 1124 2066 praesentes
1142 2034 1192 2056 ex-

453 2074 549 2107 istant
570 2074 648 2118 (nisi
667 2074 746 2108 adsit
769 2074 947 2118 probabilis
964 2075 1103 2119 suspicio
1122 2076 1193 2109 illos

454 2126 610 2160 irridendi
631 2127 691 2160 hoc
712 2138 837 2160 sacrum
867 2129 1052 2173 mysterium
1071 2129 1118 2162 vel
1137 2129 1193 2163 ali-

455 2191 550 2224 quam
573 2180 667 2213 aliam
691 2180 931 2214 irreverentiam
965 2182 1008 2214 illi
1036 2182 1191 2215 inserendi

455 2235 550 2266 causa
576 2232 694 2266 ibidem
721 2244 756 2266 ex
782 2234 924 2277 professo
951 2234 1102 2277 adesse);

501 2288 516 2329 ξ
543 2285 572 2319 7.
608 2288 709 2330 Atque
730 2293 792 2319 tatu
822 2287 982 2329 religiosi,
1011 2298 1106 2331 quam
1139 2288 1192 2321 alii

455 2340 629 2384 presbyteri
662 2339 837 2383 praedicti,
864 2341 1100 2374 sanctissimum
1134 2342 1194 2374 Eu-

456 2393 624 2426 charistiae
649 2393 902 2434 Sacramentum,
921 2394 950 2426 in
971 2394 1078 2438 aliqua
1099 2393 1192 2438 capszl

456 2447 494 2479 ad
521 2446 550 2480 id
572 2457 629 2490 per
650 2446 749 2480 dictos
771 2446 936 2489 religiosos
956 2447 1126 2480 benedicta
1147 2447 1192 2480 in-

491 2537 502 2563 1
526 2535 586 2563 Non
605 2536 671 2563 satis
691 2535 876 2562 mihiconstat
888 2539 979 2562 utrum
996 2536 1067 2562 istud
1087 2544 1194 2563 comma

456 2580 489 2606 nd
509 2581 694 2616 exceptionem
716 2580 757 2607 vel
777 2580 809 2606 ad
831 2580 1018 2607 extensionem
1039 2580 1129 2615 potius
1155 2580 1194 2607 sa-

457 2625 565 2652 cultatis
585 2626 720 2652 reseratur
735 2626 776 2660 (a.
789 2626 836 2660 τ.).

492 2669 507 2695 ‘2
528 2669 581 2695 Nisi
602 2670 662 2704 quis
682 2669 757 2697 malit
776 2670 869 2705 legere
889 2677 971 2705 super
987 2670 1024 2704 (a.
1042 2678 1089 2705 rs.

1035 265 1217 291 BULLARIUM
1236 265 1390 291 ROMANUM

1974 268 2026 295 An.
2040 267 2070 296 C.
2093 267 2163 305 ¹608
2182 287 2188 291 -
2222 265 2223 268 ’

1226 314 1361 355 clusum,
1382 314 1422 347 ad
1445 314 1679 356 christifideles,
1703 316 1757 360 qui
1779 317 1818 350 ad
1842 317 1960 357 locum,

1227 367 1259 399 in
1284 377 1348 411 quo
1374 367 1503 402 missam
1533 368 1691 401 celebrari
1716 369 1887 412 contigerit
1907 380 1961 404 ac-

1226 420 1340 453 cedere
1367 421 1590 464 nequiverint,
1618 421 1687 455 sine
1718 422 1893 456 luminibus
1917 423 1964 456 vel

1226 473 1333 517 aliqua
1351 474 1497 508 esteriori
1518 477 1648 519 pompa,
1668 475 1780 509 subtus
1798 481 1900 510 vestes
1918 487 1967 510 or-

1227 526 1376 569 dinarias,
1401 528 1525 562 deferre
1549 528 1688 573 possin13

1272 581 1287 623 g
1314 580 1343 613 8.
1372 580 1528 626 Quodque
1554 582 1628 615 dicti
1660 582 1825 625 religiosi,
1854 592 1966 616 omnes

1227 640 1257 666 et
1277 633 1418 677 singulas
1442 635 1595 679 pecunias
1608 663 1615 676 ,
1643 646 1694 669 res
1714 641 1745 670 et
1764 636 1860 677 bona,
1883 646 1965 680 quae
2001 646 2066 677 ‚nona
2083 652 2108 684 uo
2123 646 2162 669 rra·
2190 645 2191 649 ¹

1227 687 1264 719 ad
1286 696 1340 720 eos
1365 687 1534 721 transmitti
1561 688 1748 731 contigerit,
1772 688 1916 733 recipere
1935 694 1966 722 et
1979 673 2050 726 ὲῖξῖἒῗέ
2071 675 2118 727 „ss
2129 679 2165 722 ἷῧῖ
2186 714 2188 723 ,

1228 740 1382 781 retinere,
1411 741 1528 785 illaque
1556 752 1653 785 penes
1679 752 1712 775 se
1733 741 1852 776 habere
1873 752 1909 775 ac
1933 742 1965 776 in
1980 729 2164 783 ἀ’ὲέρῗῗὲηὲιέῗῖ

1228 794 1423 828 necessarios
1445 795 1610 828 dumtaxat
1628 806 1714 837 usus,
1732 801 1795 829 tam
1815 794 1965 840 proprios
1980 781 2091 806 ‘mmmm'
2177 795 2183 803 ”’

1228 858 1322 890 quam
1337 849 1525 882 eorumdem
1541 848 1751 893 captivorum,
1768 849 1866 883 autin
1878 859 1968 894 prae-

1228 900 1386 933 dictorum
1406 901 1604 945 captivorum
1627 902 1865 946 redemptiones
1889 913 1966 937 con-

1228 960 1350 987 vertere
1375 955 1510 994 valeant,
1532 965 1603 988 cnm
1626 955 1756 989 aliunde
1776 966 1840 989 non
1862 955 1963 990 habe-

1229 1007 1317 1047 bunt,
1334 1008 1418 1041 unde
1432 1009 1617 1043 huiusmodi
1638 1009 1880 1043 necessitatibus
1893 1009 1968 1043 sub-

1228 1060 1334 1093 venire
1356 1061 1489 1104 possint,
1512 1073 1547 1094 ac
1568 1073 1641 1096 cum
1661 1062 1826 1106 quibusvis
1842 1063 1963 1103 Turcis,

1227 1114 1353 1152 Mauris,
1378 1115 1492 1156 Iudeis,
1517 1115 1686 1149 haereticis
1706 1121 1737 1149 et
1756 1116 1826 1150 aliis
1852 1116 1966 1150 infide-

1228 1166 1309 1199 libus
1327 1168 1578 1209 communirare,
1605 1168 1722 1213 pacisci
1745 1174 1774 1202 et
1795 1175 1965 1204 consuetu-

1227 1219 1334 1252 dinem
1360 1220 1490 1262 habere,
1517 1221 1596 1255 iusta
1617 1222 1810 1256 subsistente
1830 1224 1944 1263 causa;

1271 1274 1286 1314 ξ
1308 1273 1337 1305 9.
1362 1273 1518 1318 Quodque
1537 1274 1640 1308 dictus
1661 1275 1842 1309 Bernardus
1859 1281 1886 1309 et
1911 1276 1964 1310 alii

1225 1327 1357 1369 professi
1376 1328 1569 1368 sacerdotes,
1587 1339 1672 1362 nunc
1692 1335 1719 1362 et
1741 1339 1800 1373 pro
1820 1335 1963 1374 tempore
1979 1336 2164 1390 &gap-‘⁸333‘-

1227 1379 1256 1411 in
1287 1379 1347 1413 illis
1375 1380 1519 1424 partibus
1552 1381 1744 1422 existentes,
1775 1382 1899 1426 possint
1931 1383 1962 1416 in
1978 1389 2163 1437 ζιὲιιιξίῑξυὲυίζξιὲ

1226 1433 1365 1476 qualibet
1389 1435 1588 1468 hebdomada
1611 1440 1673 1469 tres
1693 1435 1804 1469 missas
1822 1436 1853 1469 in
1871 1435 2163 1490 res1'i·{‘,}¹„'}{³,3‚,⁵‡';‡{³'

1225 1487 1347 1528 gerium
1385 1488 1567 1521 animarum
1601 1489 1632 1522 in
1664 1488 1778 1522 Christi
1808 1489 1963 1524 charitate
2144 1485 2150 1490 ⁸

1227 1541 1449 1575 defunctorum
1480 1543 1586 1576 dicere
1607 1548 1638 1576 ct
1665 1543 1838 1584 celebrare,
1870 1550 1901 1577 et
1932 1544 1962 1577 in

1226 1605 1418 1638 unaquaque
1440 1595 1567 1628 illarum
1590 1606 1686 1629 unam
1705 1596 1846 1629 animam
1872 1608 1908 1631 ex
1930 1597 1966 1630 fi-

1227 1647 1351 1680 delibus
1377 1648 1407 1680 in
1434 1648 1494 1682 illis
1524 1649 1669 1692 partibus
1694 1649 1924 1684 decedentibus
1949 1660 1966 1683 a

1227 1701 1337 1744 poenis
1363 1702 1543 1745 Purgatorii
1569 1702 1706 1736 liberare
1734 1703 1874 1747 possint;

1239 1786 1249 1787 s
1271 1755 1287 1796 ξ
1309 1752 1361 1786 lO.
1382 1755 1536 1798 Denique,
1561 1755 1647 1799 quod
1668 1765 1779 1789 omnes
1797 1756 1964 1800 utriusque

1226 1807 1379 1850 praedicti
1401 1818 1493 1841 sexus
1519 1808 1753 1852 christifideles,
1779 1814 1842 1842 tam
1869 1808 1962 1843 liberi
1992 1802 2163 1862 mggffggwffgff

1226 1870 1321 1904 quam
1343 1861 1468 1905 captivi,
1486 1861 1516 1894 in
1532 1861 1623 1895 dictis
1643 1862 1788 1906 partibus
1804 1873 1863 1906 pro
1882 1867 1962 1896 tem·
1977 1846 2038 1888 ξω
2066 1866 2164 1888 &flmm-

1977 1893 2060 1915 dulibus
2075 1894 2097 1915 in
2121 1893 2164 1915 init

1226 1925 1303 1958 pore
1326 1914 1507 1956 existentes,
1531 1915 1584 1959 qui
1605 1925 1663 1959 per
1686 1926 1785 1949 unum
1811 1921 1865 1949 aut
1883 1916 1963 1950 duos
1977 1920 2164 1968 gggssfflgcoffl

1227 1968 1293 2001 dies
1310 1973 1383 2002 ante
1404 1968 1588 2002 festivitates
1607 1968 1794 2010 Nativitatis‚
1814 1969 1965 2003 Resurre-
1978 1973 2166 2022 ssssgssggfssfeffi
2222 1988 2225 1992 -

1226 2021 1351 2062 ettonis,
1383 2022 1584 2055 Ascensionis
1611 2022 1739 2055 Domini
1768 2022 1869 2056 nostri
1894 2022 1964 2056 lesu
1980 2025 2131 2048 00¹¹0e⁶1¹¹¹¹¹¹‘·
2167 2024 2172 2027 “

1226 2075 1355 2116 Christi,
1379 2076 1599 2116 Pentecostes‚
1622 2076 1875 2121 Assutwtionis,
1905 2076 1966 2109 Na-

1229 2129 1376 2169 tivitatis,
1410 2128 1667 2170 Purificationis,
1701 2128 1967 2163 Annunciationis

1228 2182 1430 2216 beatissimae
1455 2187 1485 2215 et
1509 2181 1758 2224 gloriosissimae
1789 2182 1844 2216 Dei
1869 2181 1966 2216 Geni-

1229 2236 1316 2269 tricis
1336 2246 1527 2279 semperque
1540 2235 1678 2277 Virginis
1691 2234 1819 2276 Mariae,
1839 2246 1876 2269 ac
1893 2235 1967 2269 Om-

1229 2289 1317 2321 nium
1339 2289 1541 2329 Sanctorum,
1570 2288 1746 2322 Nativitatis
1771 2288 1854 2321 beati
1876 2288 1967 2321 loan-

1227 2342 1275 2375 nis
1296 2341 1465 2386 Baptistae,
1487 2341 1630 2386 martyrii
1651 2342 1708 2375 BB.
1728 2341 1812 2374 Petri
1834 2346 1863 2374 et
1878 2340 1974 2374 Pauli=

1227 2395 1466 2438 Apostolorum,
1487 2404 1611 2428 necnon
1629 2394 1729 2428 sancti
1748 2393 1854 2427 lacobi
1871 2394 1966 2427 Zebe-

1229 2448 1316 2490 daei,
1342 2452 1396 2481 aut
1425 2447 1454 2479 in
1477 2447 1552 2491 ipsis
1577 2446 1809 2488 festivitatibus,
1835 2452 1965 2491 peccata

1227 2511 1285 2534 sua
1309 2501 1463 2542 confessi,
1488 2507 1517 2535 et
1543 2503 1632 2535 sacra
1654 2500 1882 2534 communione
1908 2510 1960 2534 re-

1229 2555 1300 2588 secti
1315 2555 1353 2598 (si
1368 2555 1538 2589 commode
1552 2554 1604 2588 itta
1618 2554 1706 2588 refici
1721 2554 1855 2598 possint,
1872 2554 1960 2595 alias,

1227 2607 1252 2641 si
1269 2617 1333 2641 non
1354 2607 1379 2641 si
1399 2607 1533 2652 possint,
1556 2608 1666 2641 saltem
1687 2607 1964 2641 sacramentaliter

1229 2660 1380 2704 confessi)
1397 2671 1456 2705 pro
1477 2660 1666 2694 exaltatione
1694 2660 1768 2694 fidei
1787 2660 1962 2694 catholicae

2106 1920 2161 1941 oxin-
