2227 3241
295 285 343 311 An.
363 284 390 311 C.
411 284 475 312 1604

324 1628 353 1648 1¹¹⁴
364 1630 437 1653 ldsquu
451 1628 482 1647 sd-

296 1654 382 1674 ricwini«
404 1660 482 1679 appru-

297 1683 412 1706 prtaliuuvz
462 1683 482 1700 et

298 1708 481 1728 teutltllotlt‘slattl·

297 1740 359 1760 quatu
369 1734 435 1753 luctas
444 1740 481 1759 ap-

297 1761 373 1787 proliai
381 1763 401 1780 il.

523 276 562 308 72

494 343 574 377 quos
594 332 661 376 ipse
691 331 856 375 Philippus
877 341 931 364 rex
960 328 1122 370 voluisset,
1152 339 1232 374 quo—

494 395 632 428 cumque
660 384 762 423 titulo,
794 383 890 416 etiam
911 388 1087 427 perpetuae
1112 382 1231 416 aliena-

495 438 599 477 tionis,
609 436 801 470 venditionis
814 442 844 469 et
857 435 1151 480 concessionis,pro
1164 446 1233 479 pre-

495 490 538 523 tio
555 500 611 523 seu
625 489 736 532 pretiis
749 489 913 533 reperibili
925 494 978 522 aut
992 488 1228 533 reperibilibus,

494 548 524 575 et
537 542 615 574 alias
628 541 689 574 sibi
710 541 878 583 benet-isis,
894 541 926 575 in
941 541 1143 586 praedictum
1158 541 1233 574 effe-

494 600 579 627 ctum
595 600 625 628 et
642 595 681 627 ad
696 605 903 628 communem
922 594 1020 639 ipsius
1039 594 1232 628 christianae

494 647 658 689 religionis
694 647 829 681 salutem
866 647 1101 688 convertendis,
1130 654 1232 681 trans-

494 701 598 741 ferre,
623 701 780 741 alienare,
805 702 984 736 concedere
1004 708 1035 735 et
1056 701 1229 743 assignare,

493 764 529 786 ac
550 753 692 797 pretium
710 765 766 787 seu
786 754 892 798 pretia
909 754 983 788 inde
996 754 1189 798 proveniens
1203 760 1231 787 et

493 806 717 850 provenientia
736 807 892 852 recipere,
916 813 947 841 et
966 808 998 841 in
1019 818 1113 841 usum
1133 817 1230 851 prae-

493 859 616 892 dictum
637 866 824 894 convertere
843 861 901 905 (ita
922 867 1027 894 tamen
1045 861 1133 905 quod
1149 860 1235 894 bona

493 912 709 947 ecclesiastica
722 914 1004 955 monasteriorum,
1020 914 1234 958 prioratuum,

493 966 803 1010 praepositurarum,
828 967 1019 1011 dignitatum
1045 973 1075 1000 et
1096 967 1233 1000 aliorum

493 1019 764 1063 supradictorum,
786 1031 867 1064 quae
889 1027 1034 1064 tempore
1053 1020 1231 1064 separatio-

494 1073 543 1106 nis
561 1078 592 1107 et
604 1074 818 1115 alienationis,
834 1075 944 1117 vigore
962 1074 1065 1108 dietae
1078 1074 1235 1108 facultatis

496 1126 676 1167 faciendae,
709 1133 813 1160 essent
840 1132 1000 1167 vacantes,
1028 1133 1082 1160 aut
1108 1133 1235 1171 pastore

495 1185 653 1221 carerent,
677 1181 862 1214 nullatenus
878 1186 1107 1225 separarentur
1130 1190 1235 1223 neque

494 1232 731 1275 alienarentur,
756 1234 857 1268 donec
883 1244 959 1267 suos
984 1239 1145 1278 pastores,
1173 1233 1232 1266 ab·

494 1286 583 1320 batos
604 1293 634 1320 et
653 1293 795 1321 rectores
816 1287 1017 1331 habuissent)
1034 1287 1135 1320 libere
1155 1292 1185 1320 et
1198 1286 1236 1319 li-

494 1341 557 1375 cite
584 1342 716 1383 valeret,
747 1342 832 1375 dicta
860 1342 1052 1375 auctoritate
1078 1346 1235 1384 perpetuo

495 1396 677 1440 applicavit,
706 1395 927 1440 appropriavit
948 1401 978 1428 ct
1006 1395 1232 1439 incorporavit,

495 1460 532 1483 ac
556 1450 798 1491 distncnibrata,
828 1449 1047 1494 appropriata,
1078 1448 1236 1492 applicata

496 1510 527 1538 et
546 1504 753 1548 incorporata
775 1514 842 1538 esse
857 1503 968 1544 voluit,
986 1503 1125 1537 decrevit
1139 1509 1169 1536 et
1183 1504 1236 1536 de-

497 1558 646 1598 claravit,

542 1614 558 1655 g
580 1612 609 1645 3.
635 1612 671 1645 Et
692 1623 750 1656 pro
778 1611 896 1656 potiori
915 1612 1050 1653 cautela,
1071 1611 1237 1645 alienatio-

497 1676 563 1707 nes,
580 1666 791 1706 venditiones,
808 1666 1042 1706 translationes,
1057 1666 1238 1699 concessio-

496 1729 552 1752 nes
573 1725 602 1752 et
619 1719 862 1762 assignationes,
879 1719 1053 1763 omniaque
1067 1725 1095 1752 et
1113 1719 1238 1762 singula

496 1772 560 1805 alia
583 1773 778 1816 supradicta,
809 1783 866 1816 per
901 1772 1083 1817 Philippum
1115 1783 1235 1815 regem,

496 1831 527 1859 et
537 1826 577 1859 ab
587 1836 625 1860 eo
637 1826 856 1870 deputandum
869 1837 923 1859 seu
935 1826 1137 1870 deputandos
1146 1837 1238 1870 prae-

495 1880 608 1921 dictos,
624 1880 733 1923 vigore
747 1880 849 1914 dietae
863 1881 1032 1920 facultatis,
1046 1881 1085 1914 de
1099 1880 1238 1924 oppidis,

495 1933 634 1974 arcibus,
659 1933 831 1974 sortalitiis,
853 1933 945 1974 villis,
975 1934 1066 1967 terris
1091 1940 1121 1967 et
1146 1934 1235 1975 locis,

495 1998 531 2020 ac
551 1987 622 2020 aliis
642 1987 827 2031 praemissis
847 1987 1018 2024 faciendas,
1039 1998 1073 2021 ex
1091 1993 1163 2020 tunc
1180 1999 1237 2032 pa-

496 2040 584 2081 riter,
600 2046 696 2084 prout
712 2051 748 2074 ex
759 2051 797 2074 eo
810 2047 955 2085 tempore
968 2046 1138 2085 postquam
1157 2042 1238 2075 sacta

496 2094 613 2135 forent,
629 2100 659 2128 et
680 2105 696 2128 e
716 2100 839 2135 contra,
856 2095 967 2131 eadem
981 2094 1170 2128 auctoritate
1184 2106 1239 2139 ap—

497 2147 645 2192 probavit
665 2154 696 2182 et
716 2148 929 2189 confirmavit,
950 2159 986 2182 ac
1010 2148 1189 2193 approbata
1210 2154 1239 2183 et

497 2202 689 2236 confirmata
703 2213 771 2236 esse
787 2203 896 2243 voluit,
916 2204 1069 2247 supplens
1084 2214 1194 2237 omnes
1209 2209 1239 2237 et

498 2255 641 2299 singulos
655 2256 850 2300 praemissos
863 2263 926 2290 tam
941 2256 1019 2290 iuris
1037 2267 1132 2300 quam
1152 2257 1236 2298 sacti,

498 2316 529 2343 et
549 2321 830 2354 quarumcumque
850 2311 1105 2351 solemnitatum,
1117 2311 1147 2343 in
1162 2311 1239 2344 alie-

499 2363 683 2397 nationibus
704 2364 864 2398 bonorum
879 2364 1168 2398 ecclesiasticorum
1184 2365 1239 2398 ob-

499 2417 617 2451 servari
638 2417 831 2458 debitarum,
850 2419 1004 2459 desectus,
1020 2419 1111 2463 siqui
1133 2420 1239 2460 forsan

501 2471 749 2505 intervenissent
778 2471 810 2504 in
835 2471 976 2512 eisdeni;
1002 2483 1037 2505 ac
1061 2473 1239 2506 decernens

501 2523 834 2566 dismembrationeiu,
852 2525 1101 2569 separationem,
1116 2536 1236 2570 appro-

501 2577 707 2619 priationem,
724 2578 986 2622 applicationem,
1008 2579 1241 2624 incorporatio-

502 2640 589 2670 nem,
616 2641 741 2665 necnon
771 2632 993 2673 alienationes,
1027 2633 1238 2674 venditiones,

506 2684 739 2729 translationes,
762 2687 986 2722 eoncessiones
1003 2692 1034 2721 et
1051 2687 1241 2731 assignatio-

1076 281 1251 305 Bt'LLAntt'st
1279 281 1426 305 quANUM

1264 338 1330 371 nes,
1347 340 1383 363 ac
1397 329 1506 364 omnia
1520 335 1551 363 et
1566 329 1692 373 singula
1705 329 1777 371 alia,
1798 340 1880 374 quae
1894 330 1925 363 in
1939 330 2001 364 vim

1264 384 1368 418 dictae
1390 383 1559 423 facultatis,
1575 389 1611 417 ut
1630 383 1821 428 praefertur,
1844 383 1913 417 fieri
1927 394 2003 418 con-

2013 281 2062 309 Αη.
2080 281 2108 309 C.
2129 281 2195 312 ¹604

1265 436 1396 479 tigisset‚
1413 439 1569 480 perpetua
1588 436 1714 470 roboris
1732 436 1882 470 firmitate
1899 436 2017 470 subsi-·

1264 495 1359 530 stere,
1383 500 1523 534 suosque
1543 489 1706 534 plenarios
1731 489 1863 523 effectus
1881 489 2001 531 sortiri,

1265 553 1300 577 ac
1322 554 1378 587 per
1398 543 1577 588 episcopos,
1593 543 1866 587 archiepiscopos,
1886 543 2004 588 prima-

1267 603 1322 638 tes,
1346 597 1488 638 abbates,
1505 597 1642 641 priores,
1660 596 1847 638 abbatissas,
1871 596 2005 640 prioris-

1266 660 1326 690 sas,
1354 650 1566 694 praeposssos,
1594 650 1745 694 capitula,
1773 654 1949 683 conventus
1974 655 2006 684 et

1267 704 1346 737 alios
1370 713 1595 747 quoscumque
1615 702 1829 748 supradictos,
1846 708 2004 737 caeteros-

1267 767 1330 801 que
1354 757 1444 797 alios,
1468 757 1507 790 ad
1528 767 1610 800 quos
1624 767 1660 790 ea
1674 756 1787 800 quovis
1807 756 1906 789 modo
1925 766 2002 800 per-

1268 810 1408 844 tinerent
1428 816 1457 844 et
1477 809 1640 854 pertinere
1664 815 1810 854 possent,
1840 808 2006 853 perpetuis

1268 863 1384 897 suturis
1410 863 1612 908 temporibus
1633 862 1865 896 inviolabiliter
1893 863 2006 897 obser-

1267 916 1335 950 vari
1357 917 1485 956 debere,
1502 916 1636 960 perinde
1650 926 1686 949 ac
1706 915 1730 949 si
1745 916 1784 949 ab
1798 915 1912 950 eodem
1929 915 2007 951 Gre-

1268 970 1360 1013 gorio
1381 970 1639 1014 praedecessore,
1663 975 1694 1003 et
1713 969 1898 1013 Apostolica
1910 969 2004 1011 Sede,

1268 1034 1327 1067 pro
1348 1023 1492 1057 eiusdem
1505 1022 1595 1057 Sedis
1614 1022 1851 1066 urgentissimis
1871 1021 2008 1056 necessi-

1269 1076 1398 1117 tatibus,
1419 1087 1492 1109 cum
1504 1076 1764 1109 solemnitatibus
1780 1086 1797 1109 a
1815 1075 1886 1109 iure
1900 1074 2009 1119 requi-

1268 1129 1336 1163 sitis
1353 1134 1384 1162 et
1401 1128 1471 1162 aliis
1487 1128 1686 1170 necessariis,
1700 1127 1942 1169 dismembrata,
1958 1137 2008 1161 se-

1268 1187 1391 1225 parata,
1414 1181 1633 1226 appropriata,
1656 1181 1828 1226 applicata,
1851 1180 2005 1225 incorpo-

1269 1240 1348 1276 rata,
1363 1235 1512 1276 alienata,
1524 1235 1652 1269 vendita
1662 1241 1693 1268 et
1703 1235 1855 1268 translata
1865 1233 2010 1275 fuissent;

1269 1298 1395 1321 necnon
1417 1294 1480 1321 tam
1504 1288 1569 1328 illa,
1585 1298 1681 1332 quam
1696 1288 1842 1321 eiusdem
1862 1286 2009 1330 Gregorii

1268 1341 1525 1385 praedecessoris
1543 1342 1665 1375 litteras
1678 1342 1817 1385 desuper
1833 1339 2007 1384 expeditas,

1270 1406 1305 1429 ex
1327 1396 1437 1441 quavis
1451 1399 1558 1437 causa,
1578 1396 1617 1430 de
1634 1395 1800 1436 nullitatis‚
1824 1400 1879 1429 aut
1897 1395 2010 1429 subre-

1269 1450 1389 1494 ptionis
1410 1456 1440 1484 et
1456 1450 1656 1495 obreptionis
1675 1450 1764 1492 vitio,
1784 1461 1841 1484 seu
1859 1450 2011 1484 intentio-

1269 1504 1318 1537 nis
1330 1504 1428 1548 ipsius
1441 1505 1588 1548 Gregorii
1600 1504 1857 1549 praedecessoris
1871 1504 2008 1546 defectu,

1271 1558 1375 1592 notari
1397 1559 1444 1592 vel
1470 1558 1663 1603 impugnari,
1687 1570 1723 1592 ac
1748 1559 1927 1603 episcopos,
1954 1569 2008 1592 ar-

1272 1611 1505 1656 chiepiscopos,
1522 1612 1689 1656 primates,
1706 1612 1849 1653 abbates,
1872 1612 2008 1656 priores,

1272 1666 1484 1710 praepositos,
1507 1667 1658 1710 capitula,
1682 1672 1858 1700 conventus
1882 1672 1913 1700 et
1932 1667 2012 1701 alios

1272 1719 1455 1763 praedictos
1473 1730 1489 1753 a
1510 1719 1694 1764 praemissis
1708 1726 1739 1753 et
1751 1720 1821 1753 aliis
1839 1730 1950 1754 eorum
1965 1720 2012 1753 vi-

1272 1782 1350 1815 gore
1362 1773 1526 1814 faciendis,
1538 1772 1651 1817 quovis
1660 1773 1756 1806 etiam
1768 1773 2013 1808 enormissimae

1272 1826 1423 1860 laesionis
1448 1832 1631 1871 praetextu,
1664 1832 1719 1860 aut
1746 1837 1783 1860 ex
1808 1837 2014 1872 quacumque

1273 1880 1345 1922 alia,
1369 1881 1464 1914 etiam
1490 1880 1663 1914 iustissima
1688 1883 1793 1921 causa,
1810 1881 2014 1925 quomolibet

1272 1935 1437 1978 appellare
1457 1944 1513 1967 seu
1540 1934 1728 1974 reclamare,
1756 1945 1793 1967 ac
1817 1934 1880 1968 illis
1905 1934 2014 1979 aliqua

1272 1987 1450 2032 privilegia,
1475 1987 1569 2020 etiam
1590 1997 1649 2031 per
1670 1987 1788 2020 dictam
1806 1987 1933 2029 Sedem‚
1953 1988 2013 2022 sub

1273 2051 1479 2086 quacumque
1506 2042 1607 2074 forma
1630 2047 1661 2074 et
1680 2042 1854 2075 verborum
1878 2052 2011 2086 expres-

1273 2095 1363 2129 sione
1384 2105 1535 2128 concessa
1549 2105 1605 2128 seu
1619 2095 1837 2136 concedenda,
1851 2096 1890 2129 ad
1904 2095 1966 2130 hoc
1979 2100 2015 2130 ut

1274 2148 1607 2188 dismembrationem,
1635 2148 1886 2193 separationem,
1909 2148 2013 2193 appli-

1275 2203 1446 2243 cationem,
1476 2202 1786 2246 appropriationem,
1818 2202 2010 2246 incorpora-

1276 2257 1408 2297 tionem,
1435 2256 1658 2296 alienationes,
1682 2254 1894 2296 venditiones,
1912 2261 2014 2289 trans-

1275 2310 1431 2349 lationes,
1464 2309 1689 2347 concessiones
1718 2314 1749 2342 et
1781 2308 2014 2351 assignationes

1275 2363 1473 2404 huiusmodi,
1497 2363 1623 2407 aliaque
1637 2372 1693 2407 per
1711 2362 1814 2407 ipsum
1829 2362 2014 2407 Philippum

1275 2428 1382 2460 regem
1404 2422 1434 2451 et
1460 2417 1498 2450 ab
1524 2427 1562 2450 eo
1587 2416 1806 2460 deputandum
1832 2426 1888 2450 seu
1908 2416 2012 2460 depu-

1276 2471 1386 2505 tandos
1406 2480 1465 2515 pro
1480 2476 1624 2515 tempore
1636 2469 1727 2507 sacta,
1741 2479 1776 2502 ex
1794 2469 1904 2513 quavis
1921 2471 2016 2503 causa

1274 2537 1329 2559 seu
1351 2524 1532 2564 occasione,
1561 2520 1657 2557 &tiam
1682 2522 1926 2556 enormissimae
1951 2523 2016 2556 lae-

1275 2579 1374 2613 sionis
1388 2577 1586 2618 huiusmodi,
1607 2581 1739 2610 autnon
1754 2582 1950 2610 servatarum
1965 2585 2016 2610 so-

1277 2632 1477 2666 lemnitatum
1499 2642 1517 2665 a
1537 2631 1606 2664 iure
1630 2629 1878 2674 requisitarum,
1902 2629 2017 2662 annul-

1277 2687 1354 2728 lare,
1378 2685 1554 2720 invalidare
1573 2690 1604 2718 et
1623 2689 1797 2718 retractare
1821 2693 1877 2717 seu
1903 2683 2011 2728 impu-
