2227 3241
241 289 289 316 An.
305 289 334 314 (z.
360 288 425 315 leot
471 278 534 311 116
1066 282 1242 309 ΒυηΑῐιιυΜ
1266 281 1416 309 nettutvnu

442 343 472 370 et
492 337 668 381 percipere,
697 335 781 369 acin
803 333 879 367 dicti
899 333 982 367 aeris
1006 333 1099 366 alieni
1127 344 1178 366 so-
1214 338 1243 366 ct
1269 333 1438 366 utilitatem
1466 338 1650 366 convertere
1679 332 1775 366 simili
1801 333 1897 367 modo
1918 333 1954 366 li-

442 391 596 424 lutionem
629 395 659 423 et
694 390 871 431 legatorum
908 386 1175 427 satisfactionem,
1214 387 1290 419 bere
1308 393 1337 419 et
1358 386 1442 419 licite
1463 392 1593 430 possent
1614 392 1644 418 et
1664 386 1825 419 valerent:

442 454 642 487 onerumque
671 442 894 476 executionem
926 446 1111 474 convertere
1136 441 1175 472 li-
1259 439 1314 482 gli,
1333 439 1462 472 Necnon
1485 439 1685 480 mandantes,
1702 439 1732 472 iu
1753 439 1868 473 virtute
1881 450 1953 474 san-
1968 441 2154 490 ,gmfflssffiffij
2184 450 2191 482 ζ

442 498 516 530 bere
535 503 565 530 et
583 496 667 530 licite
686 500 816 540 possent
833 500 863 529 et
880 494 1040 535 valerent3
1060 505 1094 527 ac
1113 505 1179 527 sus-
1215 498 1282 525 ctae
1301 492 1515 533 obedientiae,
1531 498 1561 525 ct
1574 492 1633 526 sub
1651 492 1879 536 indignationis
1896 504 1954 527 no-
1968 495 1998 516 ¹³⁰
2012 495 2086 516 h³f¹¹¹¹¹
2100 495 2156 516 mm·
2184 491 2188 494 ’

1977 523 1981 526 ”
2131 527 2139 541 s

442 550 628 594 pendentes,
646 550 753 593 quoad
771 549 857 583 bunc
878 548 1024 582 ess'cctum
1041 553 1177 589 tautum,
1215 552 1315 586 strae,
1341 552 1390 587 ct,
1417 546 1447 578 iu
1470 546 1668 587 subsidium,
1697 546 1954 580 excommunica·
1967 525 2156 575 35:333&ss
2180 543 2192 575 .'

442 610 599 647 quatenus
613 614 693 647 opus
711 608 802 644 esset,
820 603 915 636 ctiam
934 612 993 647 pro
1010 602 1179 636 efficaciori

1972 283 2023 311 An.
2034 283 2063 311 C.
2084 281 2153 311 160¹AE
2167 297 2198 327 '1:¹-

279 1579 309 1599 tia
323 1581 400 1601 tamen.
416 1580 436 1598 ut

252 1606 439 1625 cessantibuscou-

252 1632 353 1652 cessionis
362 1632 439 1656 causis,

253 1665 322 1679 oiuuta
349 1659 438 1683 pristino

253 1686 317 1705 statui
342 1685 438 1705 restituc-

253 1713 331 1734 ruutur,
340 1717 438 1731 necessa-

253 1738 289 1758 rtis
305 1739 331 1758 ad
347 1738 387 1758 boc
402 1744 438 1764 ap-

253 1764 328 1789 positis
356 1765 438 1785 clausu-

1217 600 1311 633 tiouis
1341 599 1472 633 maioris
1503 600 1585 633 latae
1616 600 1793 634 sententiae
1817 601 1950 644 poenis,
1969 577 2035 603 mm

443 658 585 690 remedio
611 663 639 690 et
662 657 914 701 praemissorum
936 656 1081 690 omnium
1104 656 1180 689 vali·
1217 654 1359 688 eiusdem
1380 654 1520 698 Philippi
1542 654 1572 687 in
1588 654 1679 687 dictis
1699 654 1806 697 regnis
1824 654 1954 688 militia-

1217 719 1353 753 rumquc
1365 708 1697 742 administrationibus
1706 708 1956 750 successoribus,

1217 768 1246 796 ct
1264 763 1333 795 aliis
1354 762 1611 806 quibuscumque
1626 762 1664 795 ad
1679 773 1759 806 quos
1776 762 1956 806 quomodo-

1218 815 1295 849 libet
1307 821 1476 860 spectaret,
1490 822 1534 857 ut,
1550 816 1652 849 donec
1670 815 1845 860 praemissa
1859 816 1956 850 modo

1219 875 1248 902 et
1266 870 1368 903 sormz‘i
1386 880 1444 914 per
1458 870 1562 914 ipsum
1576 870 1761 914 Philippum
1776 879 1885 912 regem
1900 870 1956 903 de-

1219 923 1388 965 clarandis,
1411 934 1468 957 seu
1486 923 1573 964 alias,
1590 929 1625 957 ut
1644 924 1836 968 praefertur,
1853 923 1956 956 adim-

1219 978 1304 1021 pleta
1324 983 1354 1011 et
1374 977 1555 1011 executioni
1581 978 1773 1011 demandata
1802 977 1953 1018 fuissent,

1220 1030 1250 1063 in
1280 1031 1467 1065 executione
1498 1036 1529 1064 et
1559 1031 1764 1075 perceptione
1796 1030 1957 1065 dictorum

1220 1086 1395 1126 fructuum,
1417 1085 1602 1119 reddituum
1623 1091 1654 1119 et
1674 1091 1898 1130 proventuum,
1922 1095 1958 1119 ac

1220 1137 1351 1179 iurium,
1372 1138 1601 1172 obventionum
1621 1139 1957 1173 etemolumentorum

1220 1201 1500 1235 quorumcumque
1511 1192 1695 1226 nullatenus
1711 1203 1745 1226 se
1764 1192 1959 1226 intromitte-

1222 1250 1302 1285 rent,
1327 1255 1386 1278 nec
1407 1245 1601 1288 creditores,
1622 1240 1805 1288 legatarios,
1826 1255 1863 1279 ac
1880 1245 1960 1278 alios

1222 1299 1253 1331 in
1271 1309 1410 1342 quorum
1437 1299 1577 1333 savorem
1598 1309 1698 1333 onera
1717 1299 1881 1344 praedicta
1900 1299 1960 1332 im-

1223 1358 1441 1395 ponerentur,
1471 1363 1528 1386 seu
1559 1352 1638 1386 alios
1669 1363 1890 1397 quoscumque
1920 1353 1960 1386 ab

1223 1405 1298 1450 ipsis
1318 1416 1446 1439 causam
1466 1406 1632 1439 habituros
1649 1406 1869 1450 aliquomodo
1888 1417 1961 1450 per·
1980 1424 1981 1427 κ

1225 1459 1366 1500 turbare,
1391 1459 1577 1500 molestare,
1601 1459 1792 1504 inquietare,
1815 1459 1863 1492 vel
1884 1459 1961 1493 alias

1226 1512 1382 1557 impedire
1402 1513 1558 1546 auderent
1575 1523 1630 1546 seu
1648 1518 1909 1557 praesumerent·‚
1926 1523 1962 1546 ac

1225 1566 1431 1600 decernentes
1467 1571 1592 1600 nostras
1627 1567 1766 1611 desuper
1797 1566 1827 1599 in
1860 1566 1962 1599 forma

1226 1619 1331 1653 Brevis
1349 1621 1511 1653 consectas
1534 1620 1656 1653 litteras
1680 1619 1719 1653 de
1744 1618 1963 1663 subreptionis

1226 1673 1272 1706 vel
1296 1673 1494 1717 obreptionis
1515 1673 1591 1706 vitio
1616 1683 1671 1707 seu
1695 1672 1881 1706 intentionis
1906 1682 1963 1706 no-

1225 1732 1308 1761 strae
1321 1728 1445 1761 defectu
1460 1739 1494 1761 cx
1509 1727 1619 1771 quavis
1632 1729 1727 1761 causa
1740 1732 1770 1760 et
1782 1726 1960 1767 occasione,

1226 1787 1281 1815 aut
1301 1781 1413 1825 quovis
1432 1786 1597 1825 praetextu
1616 1792 1672 1814 seu
1692 1780 1803 1825 quovis
1816 1780 1964 1824 quaesito

1226 1835 1355 1875 colore,
1377 1835 1503 1875 notari,
1527 1845 1583 1868 scu
1608 1834 1814 1878 impugnari,
1842 1838 1898 1866 aut
1923 1833 1963 1866 ad

1227 1888 1309 1921 viam
1332 1888 1412 1921 iuris
1434 1888 1545 1921 reduci
1573 1898 1636 1921 non
1666 1897 1759 1932 posse
1784 1897 1889 1930 neque
1909 1885 1964 1920 de-

1227 1941 1319 1982 bete,
1343 1952 1379 1974 ac
1400 1941 1442 1974 ita
1458 1941 1490 1973 in
1511 1941 1662 1974 omnibus
1676 1946 1707 1974 et
1726 1940 1859 1983 singulis
1872 1950 1965 1984 prae-

1227 1995 1330 2028 missis
1343 2005 1402 2039 per
1412 2004 1634 2039 quoscumque
1649 1994 1770 2028 iudices
1783 1993 1965 2027 ordinarios

1227 2053 1256 2082 et
1270 2049 1444 2092 delegatos,
1465 2048 1561 2082 etiam
1576 2058 1744 2082 causarum
1763 2047 1872 2080 Palatii
1886 2057 1965 2092 apo-

1227 2102 1329 2135 stolici
1344 2102 1506 2136 auditores
1520 2101 1658 2145 (sublata
1671 2101 1715 2135 eis
1729 2107 1882 2135 eteorum
1897 2101 1965 2135 cui-

1228 2155 1306 2189 libet
1325 2156 1435 2200 quavis
1455 2156 1548 2189 aliter
1568 2156 1732 2190 iudicandi
1753 2162 1783 2190 et
1803 2155 1963 2200 interpre-

1229 2209 1315 2243 tandi
1337 2210 1485 2243 l'acultate
1506 2215 1536 2244 et
1556 2209 1759 2253 auctoritate)
1780 2209 1914 2243 iudicari
1936 2215 1966 2243 et

1229 2263 1356 2297 deliniri
1371 2264 1507 2303 debere;
1525 2274 1562 2298 ac
1580 2264 1707 2297 irritum
1721 2268 1752 2297 et
1766 2263 1860 2297 inane
1872 2263 1965 2307 quid-

1229 2317 1306 2361 quid
1327 2327 1418 2350 secus
1438 2327 1535 2361 super
1554 2317 1603 2350 bis
1623 2327 1641 2350 a
1660 2327 1835 2361 quoquam,
1857 2316 1966 2360 quavis

1229 2368 1429 2409 auctoritate,
1452 2369 1590 2402 scienter
1608 2368 1654 2402 vel
1669 2368 1866 2411 ignoranter,
1884 2379 1964 2402 con-

1231 2422 1336 2465 tigerit
1371 2422 1521 2455 attentari
1543 2434 1549 2462 ;
1590 2427 1688 2466 prout
1718 2422 1749 2454 in
1785 2422 1903 2455 nostris
1934 2422 1967 2455 in

1229 2475 1415 2509 huiusmodi
1450 2476 1553 2509 forma
1587 2475 1693 2509 Brevis
1722 2475 1782 2508 sub
1814 2476 1887 2508 data
1915 2475 1967 2509 die

1230 2541 1247 2563 v
1273 2529 1347 2563 maii
1373 2539 1497 2564 nexem
1521 2528 1726 2573 pontificatus
1755 2529 1857 2562 nostri
1882 2539 1966 2562 anno

1229 2584 1371 2618 secundo
1392 2585 1544 2619 consectis
1573 2584 1685 2618 litteris
1711 2584 1837 2629 plenius
1865 2584 1967 2618 conti-

1229 2644 1324 2672 netur
1337 2637 1357 2672 ¹.

1266 2703 1275 2727 l
1299 2700 1352 2729 Sub
1372 2699 1421 2728 liae
1441 2700 1502 2729 dat&
1521 2700 1636 2729 liabetur
1656 2700 1764 2736 quidem
1785 2700 1811 2728 in
1831 2699 1967 2729 Bullario

443 711 539 744 ditate
555 715 585 743 et
599 710 760 751 firmitate,
771 716 838 744 toto
851 710 911 744 boc
924 710 1180 754 le1npore,trium

444 774 625 797 mensarum
647 763 879 806 magistralium
898 764 1137 808 praedictarum
1153 775 1184 796 u-

443 819 572 851 nionem
595 817 723 851 coronis
744 817 905 850 dictorum
934 827 1120 860 regnorum,
1150 823 1181 850 ut

443 871 635 914 praefertur,
652 871 842 904 auctoritate
859 871 1033 915 apostolica
1055 871 1180 911 sactan1;

444 924 487 957 ita
507 930 553 965 ut,
577 934 745 968 quousque
767 924 944 968 praemissa
964 924 1137 968 adimpleta
1154 929 1184 957 ct

444 977 651 1021 exequutioni
689 978 883 1011 demandata
923 988 988 1011 non
1026 978 1157 1011 fuissent
1174 1005 1180 1019 ,

444 1031 600 1075 praedicti
622 1032 755 1072 fructus,
776 1031 922 1065 redditus
947 1037 978 1065 et
997 1037 1180 1076 proventus,

445 1096 481 1118 ac
498 1085 579 1125 iura,
597 1085 807 1119 obventiones
828 1091 858 1119 et
877 1086 1095 1119 emolumenta
1113 1086 1183 1119 uni-

445 1150 546 1180 versa,
570 1139 601 1172 in
622 1139 720 1180 alios,
745 1150 841 1184 quam
863 1140 895 1172 in
914 1140 1075 1184 praefatos
1096 1151 1181 1180 usus,

446 1193 540 1226 etiam
556 1203 614 1236 per
624 1193 818 1237 praedictos,
840 1193 915 1226 dicti
936 1193 1074 1237 Philippi
1094 1193 1125 1226 in
1140 1193 1185 1226 di-

447 1247 504 1280 ctis
524 1246 631 1289 regnis
655 1246 909 1290 militiarumque
930 1247 1183 1280 administratio-

446 1300 541 1332 nibus
573 1310 773 1333 successores
802 1310 1024 1344 quoscumque
1038 1327 1045 1340 ,
1079 1299 1186 1343 aliquo

448 1353 557 1394 inodo,
573 1352 634 1393 via,
656 1352 737 1393 iure,
755 1354 861 1394 causa,
884 1364 940 1387 seu
961 1353 1074 1397 quovis
1091 1363 1188 1397 quae-

447 1406 507 1438 sito
528 1406 636 1439 colore
655 1411 685 1439 et
703 1411 869 1450 praetextu
893 1406 1035 1439 converti
1056 1406 1188 1439 minime

450 1465 581 1504 possent
609 1466 640 1493 et
671 1460 846 1494 deberent:
878 1465 1047 1504 postquam
1081 1466 1186 1494 autem

451 1512 628 1557 praemissa
645 1513 754 1546 onmia
767 1513 942 1557 adimpleta
959 1519 990 1547 et
1009 1513 1188 1547 executioni

453 1566 644 1600 demandata
665 1566 812 1607 fuissent,
837 1566 935 1610 ipsius
956 1566 1094 1611 Philippi
1118 1577 1190 1600 suc-

454 1630 595 1654 cessores
612 1620 768 1664 praedicti
783 1620 814 1653 in
832 1620 940 1664 aliquo
958 1621 1091 1654 ulterius
1111 1620 1190 1653 obli-

453 1673 517 1715 gati
546 1683 612 1706 non
641 1679 746 1707 essent
776 1684 836 1707 nec
866 1684 934 1707 esse
962 1679 1187 1713 censerentur;

452 1737 512 1760 nec
529 1737 594 1760 non
608 1727 684 1760 dicti
702 1728 832 1768 fructus,
853 1726 996 1760 redditus
1010 1732 1040 1760 et
1053 1736 1190 1771 proven-

456 1785 514 1821 tus,
538 1791 575 1814 ac
595 1780 675 1822 iura,
696 1780 906 1814 obventiones
924 1786 954 1814 ct
974 1781 1190 1814 emolumenta

453 1844 677 1879 quaecumque
696 1835 736 1868 ab
756 1834 942 1868 huiusmodi
962 1834 1188 1878 applicatione,

452 1888 650 1930 obligatione
670 1894 701 1922 et
719 1888 897 1933 hypotheca
911 1888 1084 1932 praedictis
1098 1898 1190 1932 pror-

451 1953 504 1976 sus
529 1942 633 1976 libera
657 1948 688 1976 et
711 1947 858 1986 exempta
882 1947 1104 1982 remanerent,
1133 1953 1191 1975 nec

451 2005 516 2028 non
536 1995 700 2039 praedicta
717 1995 806 2036 unio,
823 2006 859 2029 ac
876 2005 1098 2040 quaecumque
1116 1995 1188 2036 alia,

453 2047 485 2080 in
505 2047 696 2091 pristinum,
720 2053 815 2091 atque
840 2058 932 2089 eum,
957 2047 988 2080 in
1014 2058 1078 2091 quo
1099 2053 1191 2080 antea

453 2102 590 2143 fuerant,
610 2107 641 2135 et
662 2106 736 2134 tuuc
754 2107 854 2144 erant,
868 2107 984 2135 statum
1003 2101 1146 2135 redirent
1163 2106 1193 2134 ct.

454 2161 690 2190 reverterentur
703 2166 741 2189 eo
756 2155 842 2200 ipso,
862 2167 898 2190 ae
918 2155 1073 2200 praedicti
1095 2155 1193 2199 ipsius

454 2209 593 2254 Philippi
614 2209 646 2243 in
667 2209 759 2243 dictis
780 2209 1193 2252 regnisetadministratio-

455 2263 549 2296 nibus
568 2273 768 2297 successores
782 2263 820 2296 dc
834 2263 1001 2305 fructibus,
1016 2263 1193 2296 redditibus

456 2322 486 2350 et
506 2316 726 2361 proventibus,
743 2327 779 2350 ac
793 2316 927 2357 iuribus,
948 2316 1194 2349 obventionibus

456 2376 487 2404 et
500 2370 726 2404 emolumentis
739 2370 896 2403 universis
908 2369 1081 2414 praedictis
1095 2370 1194 2414 (iuxta

457 2429 563 2457 tamen
589 2424 776 2458 earumdem
809 2423 995 2457 militiarum
1020 2428 1138 2457 statuta
1158 2435 1193 2457 ac

455 2477 682 2519 stabilimenta,
698 2487 824 2511 necnon
841 2477 1017 2511 secundum
1032 2477 1195 2511 facultates

458 2531 533 2575 ipsis
547 2531 737 2565 auctoritate
751 2530 927 2575 apostolic-:1
944 2541 1109 2564 concessas
1128 2536 1194 2563 tan-

458 2590 535 2626 tum,
549 2590 579 2617 et
596 2594 661 2618 non
675 2584 784 2628 ultra),
800 2583 832 2617 in
849 2583 999 2618 omnibus
1012 2589 1043 2617 et
1056 2594 1113 2627 per
1126 2594 1193 2617 om-

458 2637 510 2669 nia
523 2637 704 2681 disponere,
719 2638 867 2682 illlosque
881 2644 910 2671 et
922 2637 987 2679 illa,
1003 2637 1083 2671 sicut
1096 2637 1193 2681 prius,

458 2690 584 2732 exigere
604 2696 634 2725 et
654 2692 832 2736 percipere,
852 2701 889 2726 ac
906 2691 938 2725 in
956 2691 1099 2736 ipsorum
1120 2702 1195 2726 usus
