2227 3241
31 248 82 275 An.
99 246 126 273 C.
149 245 215 273 1608

225 292 389 337 pecunias,
410 298 577 336 apponunt
591 292 778 331 clausulam,
798 291 966 324 wratislavi!

224 347 358 386 cassari,
379 346 568 390 etamplius
586 356 650 379 uon
671 345 848 384 inoleslarz',
869 354 965 388 quam

225 410 284 433 nec
303 400 478 440 carcerati,
507 410 566 433 nec
587 398 729 443 inquisiti
759 404 789 432 et
808 408 872 432 non
899 407 966 431 car-

225 453 324 486 cerati
356 452 474 497 apponi
499 457 614 496 petunt
648 461 707 484 nec
739 457 864 491 curant,
892 460 964 483 cre-

225 504 355 539 dentes¹
377 505 423 538 sic
455 505 561 538 locum
590 514 658 537 esse
678 503 835 537 exactioni
864 503 967 536 dictae

225 563 332 596 notae,
353 563 384 591 et
400 557 582 598 cassationi,
603 557 694 601 quasi
715 557 788 590 illae
806 556 967 590 clausulae

225 610 462 644 absolutionem
493 610 689 654 importent,
720 609 818 653 idque
842 608 964 652 saepis-

226 664 306 697 sime
331 663 498 706 contingit,
522 663 711 707 praesertim
740 663 770 695 in
797 662 969 696 carceratis

227 727 286 761 pro
306 718 476 761 praetensa
505 716 768 750 contraventione
789 715 874 749 exilii
891 743 897 755 ,
920 716 968 748 vel

227 770 389 814 praecepti
422 780 481 814 pro
512 769 674 803 delatione
705 779 870 803 armorum
903 779 968 802 non

227 822 479 867 prohibitorum,
495 833 554 866 pro
574 822 641 855 rixa
659 833 731 856 cum
753 821 882 856 modico
899 823 968 855 vul-

228 887 325 917 nere,
360 881 415 909 aut
444 876 603 910 similibus
632 876 760 916 causis,
790 885 873 920 quae
902 875 970 908 sine

227 931 323 974 plena
347 940 462 963 causae
479 930 664 973 cognitione
684 929 773 963 brevi
794 940 892 962 manu
918 940 970 962 ex-

228 984 409 1029 pediendae
429 989 520 1024 sunt;
547 983 633 1016 unde
662 983 825 1016 interdum
852 982 966 1022 evenit,

229 1038 317 1082 quod
350 1047 508 1081 pauperes
533 1037 699 1077 carcerati,
723 1047 788 1070 non
816 1036 975 1075 habentes

229 1091 315 1124 unde
331 1091 465 1131 solvant,
488 1091 521 1123 in
546 1090 730 1124 carceribus
752 1091 967 1129 detineantur,

228 1155 289 1178 nec
309 1144 443 1178 relaxari
465 1151 614 1188 possunt,
638 1145 698 1177 nisi
728 1145 759 1177 in
786 1144 837 1178 die
858 1144 967 1176 visita—

229 1199 324 1232 tionis
345 1209 534 1240 carcerum,
559 1199 591 1232 in
612 1210 676 1243 quo
700 1204 813 1243 petunt
837 1204 868 1232 et
888 1198 971 1231 obti-

229 1259 305 1286 nent
338 1253 437 1295 gratis
468 1253 615 1286 relaxari.
645 1253 820 1286 Adducunt
850 1258 968 1291 autem,

229 1308 311 1341 sicut
336 1308 431 1342 etiam
458 1307 652 1351 accepimus,
676 1307 715 1340 ad
737 1317 849 1340 eorum
872 1316 972 1339 excu—

230 1362 386 1395 sationem
403 1361 531 1401 notarii,
546 1361 633 1404 quod
651 1360 694 1393 ita
711 1361 743 1392 in
760 1359 970 1404 praeteritum

230 1416 288 1448 fuit
314 1416 530 1453 observatum,
555 1420 585 1447 ct.
606 1414 692 1457 quod
718 1415 758 1447 ab
779 1414 838 1446 bac
860 1413 971 1445 obser-

231 1469 334 1502 vantia
361 1469 406 1501 sic
431 1469 543 1501 eadem
571 1474 640 1501 taxa
671 1467 971 1510 interpretationem

230 1522 362 1566 recipit:
387 1522 590 1564 ignorantes,
617 1532 674 1554 seu
696 1521 802 1564 potius
823 1520 973 1562 ignorare

231 1575 384 1615 volentes,
408 1575 495 1619 quod
515 1575 586 1607 talis
598 1585 662 1607 non
685 1573 899 1613 observantia,
917 1573 972 1606 sed

231 1628 416 1672 corruptela
432 1629 555 1661 etmala
570 1626 781 1670 extorquendi
793 1626 912 1659 alienas
924 1636 974 1669 pe-

231 1681 341 1714 cunias
358 1681 558 1715 consuetudo
573 1681 710 1714 dicenda
723 1686 780 1719 est,
798 1679 885 1723 quod
902 1689 975 1712 con-

231 1735 355 1768 stitutio
376 1740 407 1768 et
429 1740 498 1768 taxa
512 1734 695 1778 praedictae
709 1733 973 1777 interpretatione

233 1788 366 1821 minime
397 1788 607 1829 indigebant,
642 1798 714 1820 cum
741 1797 851 1819 earum
877 1786 974 1819 verba

233 1842 330 1882 clara,
351 1851 416 1874 non
442 1846 549 1874 autem
571 1840 669 1874 dubia
689 1840 761 1873 sint.
783 1840 864 1878 Quin
878 1839 973 1872 etiam

233 1895 330 1928 iidem
359 1894 474 1927 notarii
502 1894 687 1938 frequenter
708 1903 780 1926 reos
805 1892 975 1936 inquisitos

233 1954 264 1981 et
283 1953 495 1991 processalOS,
519 1957 584 1980 non
607 1952 712 1980 tamen
733 1956 876 1990 unquam
907 1956 974 1978 car-

233 2006 367 2041 ceratos,
384 2001 432 2033 vel
454 2001 548 2034 ctiam
572 2001 634 2033 iam
656 2005 849 2039 carceratos,
866 2005 897 2032 ct
916 1999 975 2032 sub

233 2053 441 2097 obligatione,
458 2055 505 2086 vel
524 2054 730 2087 fideiussione
748 2053 787 2086 de
801 2063 833 2085 se
852 2063 977 2096 reprae-

232 2108 407 2147 sentando,
431 2108 479 2140 vel
511 2107 589 2140 alias
610 2113 683 2140 ante
709 2116 823 2139 causae
844 2106 975 2149 expedi-

235 2161 353 2194 tionem
376 2162 543 2201 relaxatos,
564 2161 604 2194 ad
625 2160 784 2194 eiusmodi
806 2170 976 2203 processus

233 2214 468 2255 cassationem,
494 2214 733 2253 sententiaeve‚
767 2224 823 2247 seu
855 2213 975 2246 decreti

233 2268 422 2302 absolutorii
444 2268 659 2312 prolationem
679 2278 696 2300 a
715 2268 876 2301 iudicibus
894 2267 977 2300 obti-

234 2324 373 2357 nendam
396 2326 444 2366 (ut
465 2323 579 2356 exinde
601 2323 777 2356 indebitum
808 2327 975 2365 quaestum

234 2377 364 2410 notulae
389 2376 577 2415 sentcntiae,
599 2377 644 2408 rel
667 2375 798 2412 decreti,
824 2380 854 2408 et
874 2386 977 2407 cassa-

235 2431 330 2464 tionis
351 2441 518 2474 processus
544 2430 683 2471 saciant)
705 2430 798 2462 variis
831 2429 974 2467 artibus,

235 2488 267 2517 et
291 2483 435 2523 fallaciis,
459 2483 648 2527 praesertim
671 2493 729 2527 per
749 2482 917 2515 citationes
938 2482 977 2514 ad

273 2565 281 2589 1
308 2564 473 2598 Credentes,
496 2567 522 2590 ut
545 2564 671 2595 videtur,
700 2564 750 2598 ipsi
778 2562 901 2597 inquisiti
931 2563 978 2588 dc-

235 2608 305 2642 cepti
326 2608 359 2634 ab
375 2608 428 2635 illis
444 2607 613 2635 notariorum
630 2607 764 2639 formulis,
778 2607 817 2633 vel
834 2607 980 2634 credentes

237 2652 310 2679 mala
331 2653 384 2679 side
404 2653 455 2689 ipsi
475 2653 574 2680 notarii
590 2655 627 2685 (n.
644 2653 684 2687 τ.)

867 242 983 267 rAULus
1008 244 1027 266 V
1052 243 1098 266 Π).

1646 230 1706 263 471

1000 302 1032 324 se
1054 291 1372 334 repraesentandum,
1397 290 1444 323 vel
1466 288 1659 322 sententiam
1686 299 1741 320 au-

1001 344 1176 381 diendum,
1201 344 1231 376 in
1259 344 1432 375 maximum
1460 352 1636 386 pauperum
1669 351 1740 375 reo-

1000 406 1071 429 rum
1097 397 1314 440 dispendium,
1340 396 1456 429 invitos
1479 396 1607 429 trahunt
1636 400 1667 428 et
1693 394 1741 427 in-

1001 450 1133 482 ducunt.

1046 505 1062 545 ξ
1083 503 1113 536 3.
1139 504 1288 536 Volentes
1309 503 1405 545 igitur
1425 503 1610 536 huiusmodi
1640 508 1743 535 extor-
1785 514 1862 533 Paulus
1883 517 1942 538 prae-

1001 556 1167 594 sionibus,
1207 562 1234 589 et
1273 556 1489 589 indebitarum
1531 556 1742 599 pecuniarum
1758 540 1942 587 &iiiiiiiiat‘ffln'

1002 608 1222 642 exactionibus
1247 619 1306 652 pro
1324 609 1494 653 pastoralis
1515 609 1613 642 oflicii
1635 608 1744 641 debito

1002 672 1184 701 occurrere,
1199 673 1375 706 omnesque
1397 663 1427 696 id
1453 674 1554 705 genus
1579 663 1697 696 abusus
1715 668 1744 696 et

1003 717 1203 760 corruptelas
1223 718 1262 750 de
1289 717 1394 750 medio
1417 718 1540 757 tollere,
1564 728 1600 750 ac
1626 727 1746 761 paupe-

1003 780 1052 803 res
1073 776 1263 810 carceratos,
1288 781 1343 803 seu
1372 771 1552 814 inquisitos,
1573 771 1620 804 vcl
1643 780 1744 814 quae-

1003 825 1131 864 relatos,
1159 830 1314 868 quantum
1330 825 1399 858 fieri
1420 831 1535 869 potest,
1560 825 1744 863 sublevaret,

1004 878 1135 921 idcirco,
1154 884 1242 911 motu
1256 879 1399 922 proprio,
1416 889 1480 911 non
1492 879 1531 912 ad
1544 878 1679 911 alicuius
1696 889 1748 911 su-

1004 942 1060 975 per
1080 931 1141 964 hoc
1162 931 1254 964 nobis
1279 932 1406 965 oblatae
1431 932 1596 975 petitionis
1621 932 1745 964 instan-

1005 985 1092 1025 tiam,
1116 986 1170 1018 sed
1196 995 1231 1018 ex
1258 988 1347 1018 mera
1373 985 1606 1019 deliberatione
1626 988 1746 1025 nostra,

1005 1050 1040 1072 ac
1066 1049 1100 1071 ex
1127 1041 1213 1072 certa
1241 1039 1390 1078 scientia,
1423 1040 1527 1083 deque
1553 1039 1749 1083 apostolicae

1006 1092 1171 1136 potestatis
1196 1092 1409 1136 plenitudine,
1435 1092 1696 1125 reformationem
1721 1098 1748 1124 et

1007 1150 1109 1178 taxam
1137 1145 1180 1178 Pii
1207 1146 1243 1178 tv
1269 1145 1526 1189 praedecessoris
1555 1145 1746 1189 praedictas,

1006 1198 1181 1242 omniaque
1210 1204 1238 1231 et
1265 1199 1390 1241 singula
1412 1199 1444 1231 in
1466 1199 1510 1232 eis
1531 1203 1693 1238 contenta,
1715 1208 1751 1231 ac

1006 1258 1102 1296 prout
1115 1252 1157 1284 ibi
1173 1252 1390 1287 continentur,
1409 1262 1467 1296 pro
1486 1251 1613 1285 insertis
1630 1252 1750 1284 haben-

1008 1311 1063 1346 ῑοε,
1093 1306 1282 1339 auctoritate
1308 1306 1481 1349 apostolica
1503 1306 1746 1343 confirmamus,

1007 1360 1225 1403 approbamus
1251 1366 1279 1392 et
1307 1360 1507 1393 innovamus.

1052 1414 1068 1453 ξ
1094 1413 1124 1446 li.
1149 1414 1185 1445 Et
1215 1414 1358 1457 insuper,
1393 1413 1497 1446 cidem
1525 1414 1748 1446 reformationi
1792 1418 1951 1443 ¹‘r0111b01‘i210-

1764 1451 1831 1466 minu<
1874 1444 1951 1464 notai-ii

1007 1473 1035 1499 et
1063 1472 1153 1499 laxae
1175 1466 1389 1505 inhaerentes,
1418 1472 1459 1503 et,
1483 1472 1642 1509 quatenus
1667 1476 1749 1510 opus
1764 1472 1880 1518 ‹ipuniuffi
1892 1476 1951 1517 33*ss

1006 1520 1057 1559 sit,
1075 1531 1127 1553 cas
1141 1521 1353 1559 declarantes,
1378 1520 1437 1553 liac
1458 1522 1565 1553 nostra
1592 1521 1749 1564 perpetua
1763 1506 1792 1546 1⁵¹?
1802 1504 1951 1545 §.winemarum

1007 1574 1141 1607 valitura
1165 1574 1394 1607 constitutione
1424 1574 1606 1611 statuimus,
1635 1575 1750 1607 decer-

1007 1629 1123 1667 nimus,
1145 1639 1181 1660 ac
1199 1628 1343 1661 districte
1365 1628 1597 1671 praecipiendo
1619 1628 1753 1661 manda-

1009 1693 1078 1715 mus
1106 1682 1258 1714 omnibus
1290 1687 1320 1714 et
1347 1681 1482 1723 singulis
1507 1682 1608 1714 nostri
1631 1687 1662 1715 et
1679 1692 1753 1715 san-

1007 1741 1077 1768 ctae
1103 1736 1267 1768 Romanae
1292 1734 1452 1768 Ecclesiae
1473 1735 1663 1774 camerarii,
1685 1735 1754 1768 vice

1008 1789 1189 1825 camerarii,
1213 1788 1453 1831 gubernatoris,
1476 1788 1632 1821 auditoris
1653 1799 1754 1821 came-

1009 1853 1074 1881 rae,
1092 1841 1213 1879 vicarii,
1231 1849 1259 1874 et
1283 1841 1475 1874 clericorum
1492 1841 1587 1874 etiam
1607 1852 1755 1875 camerae

1009 1900 1137 1928 nostrae
1152 1894 1419 1938 praesidentium,
1438 1895 1607 1934 senatoris,
1625 1906 1754 1928 conser-

1009 1954 1169 1985 vatorum,
1195 1948 1304 1980 curiae
1329 1948 1441 1990 Burgi,
1466 1949 1505 1981 de
1527 1948 1672 1991 gabellis,
1696 1949 1751 1981 Ri-

1010 2011 1145 2045 paeque,
1169 2007 1196 2033 et
1221 2001 1374 2044 Ripettae,
1399 2008 1428 2034 et
1443 2002 1577 2035 aliarum
1600 2013 1754 2046 quarum-

1011 2066 1149 2098 cumque
1179 2055 1275 2088 ctiam
1304 2055 1432 2098 piorum
1468 2056 1613 2089 locorum
1651 2057 1755 2088 almae

1010 2109 1103 2142 Urbis
1128 2115 1257 2141 nostrae
1279 2109 1453 2149 curiarum,
1489 2110 1535 2142 vel
1562 2109 1610 2143 ius
1639 2110 1751 2143 dicen-

1011 2162 1089 2195 tium
1105 2162 1250 2200 notariis,
1269 2162 1430 2201 actuariis,
1448 2162 1676 2202 scribentibus,
1699 2168 1755 2194 aut

1010 2225 1142 2258 quoquo
1160 2216 1256 2248 modo
1274 2215 1458 2249 criminales
1476 2226 1586 2249 causas
1602 2225 1755 2260 exercen-

1012 2269 1105 2308 tibus,
1130 2280 1169 2301 ne
1190 2269 1262 2306 (sub
1284 2272 1388 2312 poena
1414 2269 1601 2313 privationis
1630 2269 1753 2302 osticio-

1010 2332 1081 2354 runi
1114 2332 1293 2365 eorumque
1325 2323 1532 2366 proprietatis
1567 2322 1635 2365 ipso
1672 2322 1754 2355 facto

1012 2375 1216 2415 incurrenda‚
1241 2381 1429 2408 etcaiuerac
1455 2380 1583 2408 nostrae
1604 2375 1755 2418 apostoli-

1011 2439 1066 2461 cac
1092 2429 1303 2472 applicanda,
1327 2429 1461 2472 aliisque
1494 2429 1695 2469 gravioribus
1726 2435 1756 2461 et

1012 2483 1235 2526 corporalibus
1260 2484 1393 2515 arbitrio
1415 2483 1528 2516 iudicis
1550 2483 1755 2526 imponendis

1014 2536 1044 2568 in
1070 2547 1144 2569 casu
1170 2537 1441 2569 contraventionis
1470 2536 1595 2580 poenis)
1618 2536 1656 2569 de
1682 2547 1754 2569 cac-

1014 2595 1082 2623 tero
1115 2590 1255 2623 audeant
1279 2591 1326 2622 vel
1360 2595 1567 2633 praesumant
1592 2590 1755 2623 mercedes

1013 2643 1144 2676 notulae
1160 2643 1347 2683 sententiae,
1368 2648 1422 2676 aut
1439 2642 1534 2676 etiam
1553 2643 1684 2685 decreti,
1703 2649 1756 2678 aut

1759 239 1808 265 An.
1826 238 1853 265 C.
1875 238 1940 265 1608
