2227 3241
38 243 89 272 An.
106 243 136 271 C.
154 243 224 271 ¹603

89 2639 232 2667 Exoquumres

51 2667 154 2693 designat.

820 243 825 245 “
853 240 1002 266 CLEMENS
1020 241 1080 265 vm
1099 240 1150 265 Pr.

236 292 371 326 scientia
388 297 421 326 et
432 291 599 337 potestatis
612 289 817 335 plenitudine
836 289 982 334 paribus,

237 345 334 380 etiam
360 344 646 386 consistorialiter,
674 349 706 378 et
736 343 814 377 alias
839 352 981 387 quomo-

237 399 424 444 documque
448 404 480 433 et
503 398 786 443 qualitercumque
810 407 870 441 pro
904 402 985 431 tem-

237 463 317 497 pore
345 452 519 493 emanatis,
546 451 809 496 quibuscumque
837 450 985 484 formulis

238 511 431 550 conceptae,
459 515 497 538 ac
527 504 607 538 alias
632 509 664 538 et
689 504 828 537 decretis
856 503 986 536 irritan-

239 559 325 593 tibus
355 559 505 593 suffultae
529 557 661 600 suerint,
688 568 725 591 ac
749 557 775 591 si
796 558 835 591 de
863 557 984 591 eisdem

238 613 463 659 praesentibus
477 617 508 646 et
522 622 634 646 earum
649 617 716 646 toto
735 617 848 645 tenore
862 622 898 644 ac
911 611 986 645 data

238 666 398 712 specialis,
420 665 581 710 specifica,
606 675 756 710 expressa
776 670 807 699 et
826 665 866 699 de
887 665 986 699 verbo

239 721 280 755 ad
300 720 434 755 verbum
447 719 569 753 mentio
588 719 654 760 fiat,
672 719 916 763 comprehendi3
929 719 986 752 sed

241 779 405 819 tamquam
436 773 469 807 in
501 773 669 816 religionis
700 773 777 806 fidei
806 772 986 806 catholicae

240 829 395 870 favorem,
419 827 642 862 defensionem
663 833 694 861 et
713 828 983 872 propagationem

240 892 405 923 concessa,
425 892 555 926 semper
580 887 611 915 et
631 881 765 916 omnino
791 881 830 915 ab
851 881 915 915 illis
933 891 985 915 ex-

240 942 346 980 cepta,
369 940 401 969 et
419 934 546 979 quoties
563 935 638 968 illae
658 934 867 976 emanabunt,
891 934 986 968 toties

220 989 274 1023 ·in
298 989 471 1034 pristinum
497 994 530 1023 et
561 989 807 1030 validissimum,
834 999 871 1022 ac
896 1000 982 1030 eum,

242 1044 275 1076 in
289 1053 353 1088 quo
371 1048 466 1078 antea
480 1043 729 1087 quomodolibet
742 1048 845 1084 erant,
866 1048 984 1077 statum

242 1097 401 1139 restituta,
418 1097 560 1142 reposita
572 1103 604 1131 et
615 1097 762 1142 plenarie
773 1097 982 1140 reintegrata,

242 1163 279 1186 ac
299 1152 338 1186 de
357 1162 458 1193 novo,
489 1151 586 1185 etiam
608 1151 668 1185 sub
695 1162 904 1195 quacumque
928 1162 986 1195 po-

242 1205 383 1246 steriori,
398 1205 494 1238 etiam
513 1206 597 1238 nova
611 1205 694 1247 data,
709 1215 768 1248 per
783 1204 986 1248 praedictum

244 1258 393 1292 Carolum
408 1258 617 1291 Emanuelem
633 1262 664 1290 ct
683 1267 743 1301 pro
763 1263 909 1301 tempore
921 1257 987 1291 exi-

244 1316 380 1345 stentem
406 1311 523 1344 ducem
549 1316 581 1344 et
612 1320 766 1352 magnum
794 1310 985 1353 magistrum

245 1364 404 1406 eligenda,
419 1373 584 1403 concessa,
601 1363 774 1407 validaque
794 1369 825 1396 et
844 1363 987 1397 efficacia

243 1416 311 1450 sore
335 1422 366 1450 et
387 1427 472 1457 esse,
499 1427 537 1449 ac
560 1427 636 1450 suos
660 1416 826 1460 plenarios
846 1422 877 1450 et
901 1417 985 1451 inte-

243 1479 317 1512 gros
337 1469 471 1503 effectus
491 1469 613 1510 sortiri,
637 1475 669 1503 et
689 1470 752 1503 vim
771 1470 868 1504 validi
889 1476 920 1504 et
939 1471 986 1504 ef-

243 1522 351 1557 ficacis
363 1528 550 1557 contractus
564 1522 649 1557 inter
662 1523 726 1557 Nos
747 1528 778 1557 et
792 1523 911 1557 dictam
929 1524 986 1559 Se-

243 1577 316 1610 dem
348 1587 386 1610 ex
414 1579 501 1618 una,
532 1587 570 1610 ac
602 1576 806 1621 praedictum
836 1577 986 1612 Carolum

242 1630 454 1664 Emanuelem
483 1630 599 1664 ducem
635 1635 667 1664 et
693 1641 848 1674 magnum
878 1631 983 1674 magi-

242 1689 344 1718 strum
364 1694 402 1717 ac
415 1684 613 1718 Conventum
627 1684 811 1728 praedictos
832 1695 869 1718 ex
886 1685 988 1718 altera

242 1738 389 1783 partibus
415 1738 475 1772 rite
502 1737 594 1779 initi,
624 1738 789 1783 stipulati,
821 1750 859 1773 ac
890 1739 986 1773 etiam

242 1791 396 1836 utrinque
414 1791 510 1825 iurati
530 1791 652 1826 habere
669 1797 701 1825 et
719 1798 878 1836 perpetuo
897 1793 988 1826 obti-

242 1854 332 1886 nere,
357 1855 394 1878 ac
414 1845 454 1878 ab
480 1845 632 1878 omnibus
646 1845 687 1878 ad
707 1855 788 1889 quos
807 1851 933 1889 spectat
957 1852 988 1879 et

242 1908 302 1942 pro
320 1905 467 1943 tempore
491 1898 650 1943 spectabit
673 1899 906 1934 inviolabiliter
928 1900 987 1935 ob-

243 1952 378 1992 servari;

287 2008 304 2049 5
329 2005 382 2039 15.
411 2006 528 2051 Sicque
547 2017 607 2051 per
623 2017 849 2052 quoscumque
867 2008 989 2043 iudices

243 2059 425 2094 ordinarios
450 2066 482 2094 et
502 2060 678 2103 delegatos,
701 2060 797 2094 etiam
819 2072 988 2095 causarum

244 2113 357 2147 Palatii
370 2114 548 2158 Apostolici
562 2114 738 2156 auditores,
756 2126 792 2150 ae
805 2116 990 2159 praedictos

244 2167 437 2209 cardinales,
461 2167 558 2202 etiam
581 2168 620 2201 de
637 2168 738 2202 latere
762 2169 899 2212 legatos,
923 2170 990 2204 dic-

245 2227 360 2265 taeque
373 2221 464 2256 Sedis
481 2221 687 2265 Apostolieae
701 2222 848 2261 nuncios,
863 2224 989 2257 sublata

245 2274 290 2309 eis
315 2279 346 2308 ct
371 2285 485 2309 eorum
519 2274 652 2308 cuilibet
684 2275 794 2319 quavis
819 2276 911 2310 aliter
935 2277 987 2310 iu-

245 2328 374 2362 dicandi
395 2334 427 2362 et
444 2328 681 2373 interpretandi
701 2329 852 2363 facultate
866 2336 896 2364 et
909 2341 987 2364 auc-

246 2382 387 2423 toritate,
411 2382 444 2415 in
462 2382 574 2426 quavis
594 2384 690 2416 causa
716 2388 747 2416 et
770 2383 922 2417 instantia
944 2384 991 2417 iu-

244 2436 345 2470 dicari
364 2443 394 2470 et
415 2437 545 2470 definiri
567 2438 699 2478 debere,
717 2437 844 2470 irritum
861 2449 991 2483 quoque

245 2496 276 2523 et
296 2490 392 2524 inane
409 2491 435 2524 si
456 2501 548 2526 secus
565 2502 664 2535 super
676 2491 726 2525 his
740 2503 757 2525 a
771 2502 989 2536 quocumque,

245 2545 357 2588 quavis
369 2545 571 2587 auctoritate,
583 2545 721 2580 scienter
733 2546 780 2580 vel
796 2546 991 2589 ignoranter,

247 2598 420 2642 contigerit
444 2600 606 2633 attentari.

293 2656 310 2694 5
336 2651 386 2686 tt‘».
407 2653 565 2693 Quocirca
584 2653 823 2688 venerabilibus
840 2653 992 2687 tratribus

1016 289 1136 322 nostris
1165 288 1355 322 Taurinensi
1385 293 1417 322 et
1443 287 1680 321 Tarentasiensi
1712 297 1764 320 ar-

1018 342 1255 386 chiepiscopis,
1284 353 1319 376 ac
1351 342 1469 376 dilecto
1495 341 1563 374 filio
1593 351 1763 375 causarum

1017 395 1126 429 euriae
1147 396 1299 429 Gamerae
1320 395 1523 440 Apostolicae
1544 394 1689 438 generali
1710 404 1766 427 au-

1018 448 1115 482 ditori
1140 459 1200 493 per
1224 455 1411 493 praesentes
1436 454 1527 482 motu
1552 448 1650 482 simili
1676 458 1766 481 man-

1018 503 1143 545 damus,
1164 509 1324 547 quatenus
1349 504 1422 547 ipsi,
1442 504 1491 538 vel
1509 504 1586 545 duo,
1609 509 1665 537 aut
1683 513 1767 536 unus

1018 566 1130 590 eorum
1148 567 1206 600 per
1218 567 1262 598 se,
1273 556 1320 589 vel
1335 556 1445 600 alium,
1461 567 1518 591 seu
1532 557 1622 599 alios,
1636 556 1766 590 easdem

1018 616 1206 654 praesentes
1219 610 1296 644 etin
1309 610 1354 644 eis
1363 615 1516 644 contenta
1529 621 1767 655 quaecumque,

1018 664 1074 697 ubi
1101 669 1132 697 et
1163 663 1294 708 quando
1324 673 1405 708 opus
1439 664 1549 705 fuerit,
1578 674 1615 697 ac
1639 663 1767 708 quoties

1018 727 1078 762 pro
1097 723 1189 761 parte
1202 727 1262 761 pro
1284 722 1431 761 tempore
1452 717 1656 751 existentium
1675 717 1767 751 ducis

1019 777 1050 805 et
1063 771 1171 815 magni
1185 771 1343 814 magistri,
1355 782 1392 805 ac
1401 777 1588 813 conventus,
1601 772 1763 816 priorum,

1018 831 1283 870 praeceptorum,
1304 825 1487 859 etmilitum
1507 826 1762 870 praedictorum,

1018 890 1075 913 seu
1100 880 1238 914 alicuius
1269 890 1382 914 eorum
1408 880 1549 924 desuper
1571 880 1691 914 suerint
1712 890 1765 914 re-

1019 934 1128 978 quisiti
1141 961 1149 976 ,
1183 934 1376 968 solemniter
1399 934 1621 978 publicantes,
1655 933 1766 978 eisque

1019 988 1052 1021 in
1076 988 1262 1033 praemissis
1287 988 1425 1022 efficacis
1449 987 1649 1021 defensionis
1673 998 1766 1032 prae-

1018 1042 1102 1076 sidio
1113 1042 1309 1084 assistentes,
1322 1042 1442 1076 faciant
1451 1041 1645 1076 auctoritate
1656 1044 1766 1075 nostra

1021 1102 1216 1140 praesentes,
1230 1102 1262 1130 et
1279 1096 1310 1129 in
1333 1096 1378 1130 eis
1398 1101 1551 1130 contenta
1563 1095 1763 1136 huiusmodi,

1019 1150 1059 1183 ab
1078 1150 1230 1183 omnibus
1251 1150 1291 1183 ad
1305 1159 1387 1194 quos
1407 1154 1541 1193 spectat,
1561 1154 1592 1182 et
1608 1158 1668 1193 pro
1683 1153 1765 1182 tem-

1021 1213 1099 1247 pore
1113 1203 1283 1247 spectabit,
1297 1203 1527 1236 inviolabiliter
1538 1201 1717 1243 observari,
1729 1212 1766 1235 ac

1020 1257 1173 1300 singulos,
1185 1267 1267 1301 quos
1281 1257 1369 1301 ipsae
1384 1256 1497 1290 literae
1508 1261 1720 1298 concernunt,
1734 1255 1767 1288 il·

1021 1311 1059 1345 lis
1075 1311 1213 1355 pacifice
1231 1310 1294 1343 frui
1313 1316 1344 1344 et
1366 1311 1522 1353 gaudere,
1543 1320 1608 1343 non
1624 1309 1762 1353 permit-

1022 1369 1123 1397 tentes
1136 1364 1223 1408 ipsos
1234 1364 1282 1397 vel
1296 1373 1410 1397 eorum
1424 1363 1610 1407 quempiam
1626 1363 1767 1407 desuper

1020 1416 1270 1460 quomodolibet
1294 1416 1478 1457 molestari3
1511 1415 1766 1449 contradictores

1020 1469 1184 1514 quoslibet
1195 1475 1227 1503 et
1243 1469 1392 1510 rebelles,
1409 1480 1468 1513 per
1479 1479 1633 1502 censuras
1647 1474 1678 1502 et
1690 1479 1767 1513 poe-

1020 1534 1077 1557 nas
1103 1523 1348 1564 ecclesiasticas,
1373 1533 1409 1556 ac
1429 1523 1525 1556 etiam
1547 1522 1764 1567 pecuniarias,

1020 1577 1150 1621 aliaque
1171 1582 1356 1621 opportuna
1373 1577 1518 1610 remedia
1539 1576 1618 1610 iuris
1631 1582 1662 1609 et
1678 1576 1765 1617 sacti,

1021 1631 1240 1676 appellatione
1271 1630 1469 1675 postposita,
1507 1630 1765 1674 compescendo,

1021 1694 1160 1727 necnon,
1174 1683 1329 1727 legitimis
1346 1683 1506 1728 superbis
1524 1683 1682 1716 habendis
1702 1693 1768 1716 ser-

1021 1737 1102 1771 vatis
1114 1737 1331 1782 processibus,
1344 1747 1497 1771 censuras
1508 1742 1539 1770 et
1548 1746 1671 1781 poenas
1684 1736 1769 1780 ipsas

1022 1791 1118 1825 etiam
1144 1792 1268 1826 iteratis
1292 1792 1415 1825 vicibus
1436 1791 1655 1834 aggravando3
1676 1790 1767 1824 invo-

1022 1852 1094 1880 cato
1108 1846 1207 1879 etiarn
1221 1845 1348 1887 adhoc,
1371 1845 1397 1879 si
1418 1855 1500 1890 opus
1524 1844 1630 1885 fuerit,
1648 1844 1770 1878 auxilio

1022 1899 1146 1934 brachii
1166 1899 1354 1934 saecularis.

1068 1956 1084 1996 5
1110 1953 1163 1987 17.
1192 1955 1261 1988 Non
1283 1953 1486 1988 obstantibus
1513 1953 1715 1998 praemissis,
1739 1958 1771 1987 et
1784 1954 1919 2003 hfb³¹³¹¹¹i³
1933 1954 1970 1975 ⁸0¹·

1022 2007 1136 2041 similis
1147 2007 1324 2041 memoriae
1333 2007 1488 2041 Bonisacii
1501 2008 1586 2052 Pape
1595 2007 1660 2041 VIII
1673 2007 1769 2041 etiam

1023 2061 1261 2106 predecessoris
1281 2061 1397 2103 nostri,
1414 2072 1479 2106 qua
1495 2067 1627 2095 cavetur
1639 2072 1680 2095 ne
1697 2061 1770 2106 quis

1024 2121 1113 2149 extra
1132 2126 1223 2149 suam
1245 2115 1406 2149 civitatem
1427 2115 1475 2149 vel
1494 2115 1680 2156 dioecesim,
1708 2115 1769 2148 nisi

1024 2170 1056 2203 in
1070 2169 1166 2203 certis
1186 2169 1327 2213 exceptis
1345 2169 1484 2210 casibus,
1501 2169 1577 2202 etin
1591 2167 1663 2202 illis¹
1686 2168 1770 2202 ultra

1024 2233 1122 2257 unam
1152 2223 1271 2256 dietam
1305 2233 1323 2256 a
1354 2222 1418 2256 fine
1444 2232 1521 2256 suae
1547 2221 1704 2256 dioecesis
1728 2222 1769 2255 ad

1025 2277 1181 2311 iudicium
1196 2283 1360 2317 avocetur,
1374 2287 1432 2310 seu
1444 2287 1485 2309 ne
1498 2276 1621 2310 iudices
1634 2275 1674 2308 ab
1686 2276 1770 2319 Apo-

1024 2330 1137 2364 stolica
1157 2330 1240 2365 Sede
1263 2330 1429 2374 praedicta
1449 2329 1593 2374 deputati
1614 2335 1704 2362 extra
1723 2328 1769 2362 ci-

1025 2384 1154 2418 vitatem
1177 2390 1208 2417 et
1227 2383 1416 2425 dioecesim,
1434 2383 1465 2416 in
1484 2383 1602 2427 quibus
1623 2382 1769 2426 deputati

1026 2438 1155 2479 suerint,
1188 2443 1301 2472 eontra
1326 2448 1551 2482 quoscumque
1576 2436 1766 2481 procedere,

1026 2498 1080 2526 aut
1105 2491 1169 2535 alii,
1194 2492 1244 2525 vel
1269 2492 1339 2524 aliis
1364 2491 1448 2525 vices
1473 2501 1547 2525 suas
1565 2490 1768 2524 committere

1026 2546 1167 2579 audeant
1191 2546 1239 2579 vel
1264 2550 1490 2589 praesumant,
1519 2550 1549 2577 et
1574 2544 1605 2576 in
1626 2543 1768 2577 Concilio

1026 2599 1168 2643 generali
1184 2599 1268 2632 edita
1283 2599 1322 2633 de
1337 2599 1463 2632 duabus
1476 2598 1581 2637 dictis,
1598 2603 1627 2631 et
1642 2598 1768 2631 Latera-

1066 2664 1072 2689 1
1093 2662 1269 2698 Subiutelligc
1286 2671 1320 2689 ne
1339 2663 1413 2690 ultra
1433 2669 1468 2696 tu
1486 2663 1533 2696 r.).

1688 227 1730 262 37
1778 237 1828 265 An.
1850 237 1878 264 e.
1898 236 1966 264 1603
