2227 3241
0 3076 7 3241 ——sdgffl
0 2969 3 3063 —-.-
0 2937 3 2948 -
0 2914 1 2918 Α
0 2894 1 2900 ᾼ

23 300 72 327 λιι.
88 298 117 326 C.
138 296 206 325 1606

217 342 473 385 Pedemontium‚
494 351 620 377 necnon
637 340 752 376 Niceae
772 340 959 375 Provinciae

217 403 420 442 nuncupatae
440 403 471 431 et
491 402 558 431 toto
580 396 647 430 eius
667 395 813 430 districtu
841 405 878 428 ac
898 400 960 428 ter-

217 451 331 485 ritorio
345 457 375 485 et
392 451 482 485 Statu
496 450 638 492 Oneliae,
651 460 688 484 ac
703 450 734 483 in
747 446 871 493 reliqua
885 454 961 482 tem-

217 505 322 548 porali
351 505 473 538 ditione
492 503 678 538 huiusmodi
695 531 702 543 ‚
723 508 882 547 quotquot
909 501 958 534 vi-

219 557 305 591 deris
325 557 496 602 expedire,
517 567 588 591 cum
613 556 711 591 simili
736 562 791 590 aut
815 555 962 596 limitata,

218 621 283 645 non
303 617 409 645 tamen
429 611 617 646 absolvendi
635 616 803 655 potestate,
824 615 857 643 ut
879 609 966 642 infra

219 665 365 706 dicetur,
389 664 631 706 constituendi,
656 674 797 708 eumque
827 664 875 697 vel
908 673 963 698 eos

219 719 354 753 arbitrio
387 726 441 754 tuo
472 719 643 754 revocandi
660 747 667 761 ,
701 719 902 763 negligentes
935 723 964 752 et

219 782 366 807 morosos
387 773 597 815 removendi,
620 784 657 807 ac
687 772 785 806 alium
807 782 863 806 seu
884 770 964 805 alios

218 825 428 869 subrogandi,
441 827 709 871 quotiescumque
724 825 779 859 tibi
792 824 962 864 videbitur3

220 880 252 913 in
277 879 503 925 delinquentes
533 886 564 914 et
592 886 801 914 contumaces
824 889 885 923 per
914 885 962 919 te,

219 933 268 967 vel
285 934 396 976 alium,
419 945 476 968 seu
495 934 586 975 alios,
605 934 701 968 etiam
727 933 917 978 simpliciter
937 939 967 967 et

220 987 260 1021 de
277 987 374 1032 plano
388 998 425 1022 ac
439 988 508 1022 sine
521 988 658 1033 strepitu
672 999 708 1022 ac
723 987 826 1030 figura
840 987 962 1029 iudicii,

222 1040 425 1086 inquirendi,
449 1048 479 1076 et
499 1042 622 1076 meritis
648 1042 763 1086 poenis
783 1040 964 1086 puniendi;

222 1096 338 1129 modos
357 1102 388 1130 et
409 1097 529 1131 formas
542 1096 573 1130 in
595 1096 770 1141 praedictis
790 1096 966 1130 servandos

221 1150 475 1194 praescribendi,
489 1150 587 1184 dubia
598 1160 822 1195 quaecumque
835 1150 865 1183 in
878 1161 967 1195 prae-

222 1203 328 1238 missis
348 1203 430 1238 sorte
450 1204 575 1238 oritura
595 1204 793 1244 declarandi,
817 1210 848 1237 et
872 1214 965 1247 pror-

222 1267 276 1291 sus
289 1257 397 1292 omnia
415 1262 446 1292 et
463 1268 687 1302 quaecumque
701 1258 785 1291 circa
800 1269 837 1291 ea
857 1268 966 1292 neces-

222 1310 306 1344 saria
323 1317 354 1345 et
374 1316 559 1356 opportuna
580 1311 730 1353 faciendi,
753 1312 913 1345 statuendi
937 1318 965 1345 et

223 1364 414 1409 exequendi,
428 1364 551 1398 etiamsi
567 1365 640 1398 talia
654 1365 768 1406 forent,
783 1376 865 1409 quae
881 1376 967 1398 man-

224 1418 336 1452 datum
365 1418 528 1462 exigerent
558 1419 659 1462 magis
685 1419 846 1462 speciale,
869 1429 965 1462 quam

224 1472 448 1516 praesentibus
465 1478 512 1506 est
529 1483 744 1516 expressumff

269 1527 287 1570 S
308 1526 338 1560 6.
362 1527 478 1560 Verum
506 1536 566 1570 pro
591 1526 788 1560 verificando
813 1537 887 1561 vero
908 1537 964 1559 va-

226 1580 294 1614 lore
319 1580 521 1624 singulorum
554 1580 788 1614 beneficiorum
820 1581 968 1614 volumus

225 1640 256 1668 et
281 1634 487 1668 decernimus
514 1640 548 1668 ut
576 1634 722 1668 locorum
754 1634 914 1668 Ordinarii
937 1634 966 1666 in

224 1689 281 1722 sua
305 1687 442 1732 quisque
469 1688 630 1729 dioecesi,
654 1693 766 1721 vocato
792 1688 877 1721 clero
905 1690 986 1720 tina,

223 1752 296 1776 eum
315 1742 440 1776 duabus
460 1741 606 1786 personis
626 1752 644 1774 a
669 1741 833 1785 praedicto
855 1741 968 1775 Carolo

223 1795 398 1829 Emanuele
412 1795 494 1829 duce
512 1795 716 1838 deputandis,
732 1795 896 1828 declarare
915 1794 968 1827 de-

224 1849 320 1883 beant
336 1855 493 1893 quantum
509 1849 665 1892 cuiusque
679 1847 828 1881 beneficii
844 1848 968 1882 ratione
985 1861 987 1865 ⁷

224 1913 283 1948 pro
303 1903 489 1937 huiusmodi
510 1903 636 1937 decima
657 1903 825 1936 debeatur.
849 1902 879 1936 Si
898 1902 969 1946 quis

225 1968 258 1991 se
278 1968 376 2002 super
398 1958 586 1991 huiusmodi
609 1957 827 1991 declaratione
852 1967 966 1999 grava-

227 2016 295 2045 tum
315 2011 470 2053 senserit,
494 2011 688 2053 gravaminis
716 2011 858 2054 cognitio
879 2011 918 2043 ad
941 2016 969 2044 te

227 2066 398 2110 pertineat.
986 2055 988 2062 ’

273 2120 290 2161 ξ
308 2119 338 2153 7.
356 2120 560 2154 Exactionem
584 2125 690 2154 autem
713 2119 898 2153 huiusmodi
917 2120 971 2152 de-

228 2172 384 2207 cimarum
408 2174 493 2208 iuxta
518 2174 635 2207 dictam
658 2174 909 2207 declarationem
940 2173 969 2205 in

227 2227 372 2271 qualibet
392 2227 530 2262 dioecesi
549 2239 565 2262 a
581 2228 706 2261 duobus
728 2227 967 2266 collectoribus,
987 2225 989 2265 ἔ

227 2281 266 2314 ab
293 2282 446 2326 episcopo
473 2288 502 2315 et
531 2282 617 2315 clero
644 2281 873 2321 nominandis,
905 2287 932 2313 et
955 2292 970 2313 a

227 2340 256 2368 te
279 2345 337 2379 per
363 2341 431 2368 tuas
452 2341 598 2379 patentes
619 2336 741 2368 litteras
763 2335 967 2379 deputandis,

227 2388 404 2423 faciendam
434 2400 526 2430 esse3
554 2389 707 2433 pecunias
737 2396 843 2423 autem
875 2399 989 2432 penest

227 2452 381 2486 personas
393 2443 456 2476 tide
469 2449 495 2476 et
509 2443 712 2477 facultatibus
723 2443 855 2476 idoneas
865 2453 990 2490 quem-2

228 2496 305 2530 libet
319 2497 507 2542 episcopum
527 2497 726 2541 deputandas
747 2507 871 2537 curare,
889 2496 972 2529 illas·
988 2523 989 2536 2

228 2559 290 2593 que
310 2557 420 2594 postea
445 2550 570 2584 statutis
593 2550 789 2584 solutionum
814 2550 968 2593 tempori·
988 2539 990 2555 ¹

231 2603 289 2637 bus
310 2604 340 2637 in
370 2614 483 2638 manus
513 2610 580 2638 tuas
610 2604 826 2638 transmittere
855 2604 990 2650 debere3

232 2656 378 2691 volumus
395 2663 425 2691 el.
454 2658 667 2691 declaramus.
699 2658 743 2691 Tu
770 2668 845 2691 vcro
871 2651 990 2701 pecu-³

233 2710 301 2744 nias
325 2711 503 2755 praedii-tas
533 2712 635 2745 eidem
663 2713 774 2745 tlarolo
806 2711 970 2744 limanucli

55 1534 126 1556 Modus
143 1534 210 1556 verili-

30 1562 89 1583 ean-tt
108 1562 210 1587 cuiusque

31 1587 125 1610 beneficii
140 1588 210 1609 rediti-

31 1617 78 1637 mm.

79 2125 214 2152 nectmasque

36 2151 149 2178 colligendi.

871 292 991 317 PAULUS
1011 293 1030 316 V
1048 293 1098 316 FP.

993 341 1088 382 duci,
1118 346 1171 374 aut
1208 340 1247 373 ab
1273 350 1311 375 eo
1340 340 1514 385 deputato,
1546 339 1736 383 consignare

994 395 1131 428 curabis.

1039 449 1055 491 ἓ
1077 448 1106 482 8.
1139 449 1327 491 Caeterum,
1351 449 1425 494 quia
1450 459 1515 484 non
1542 449 1738 483 intendimus

995 503 1101 537 eidem
1126 504 1239 538 Carolo
1267 503 1433 538 Emanueli
1455 503 1528 538 duci
1549 504 1632 538 ultra
1652 513 1738 537 sum-

996 567 1080 591 mam
1102 567 1242 592 annuam
1270 558 1381 592 decem
1411 558 1547 591 millium
1573 563 1738 591 scutorum

996 611 1066 645 auri
1087 612 1119 645 in
1140 622 1221 646 auro
1247 612 1372 646 ratione
1392 611 1579 646 huiusmodi
1597 611 1739 645 decima-

998 675 1068 699 rum
1088 675 1123 698 ex
1138 665 1281 709 qualibet
1298 676 1335 699 ex
1349 664 1441 699 dictis
1455 665 1643 706 ditionibus,
1658 664 1741 699 vide·

996 718 1071 763 licet
1086 719 1220 753 ducatus
1234 719 1424 760 Sabaudiae,
1434 724 1464 753 et
1476 718 1673 763 principatus
1684 719 1743 753 Pe·

998 770 1212 811 demontium‚
1229 776 1260 804 et
1273 770 1388 805 Niceae
1406 780 1478 804 cum
1494 770 1584 804 Statu
1596 769 1738 811 Oneliae,

1000 824 1192 864 concedere,
1204 824 1352 858 volumus
1364 830 1409 867 ut,
1420 824 1446 858 si
1464 823 1610 858 decimae
1623 824 1654 858 in
1668 834 1745 868 qua·

999 877 1075 912 libet
1091 888 1126 911 ex
1145 877 1239 911 dictis
1252 877 1428 911 ditionibus
1442 877 1643 921 colligendae
1656 887 1744 911 sum-

1000 942 1085 965 mam
1107 931 1305 976 praedictam
1332 931 1444 965 decem
1474 931 1611 965 millium
1635 937 1744 965 scuto-

1000 996 1072 1019 rum
1099 985 1293 1020 excesserint
1321 985 1353 1019 in
1377 984 1512 1020 notabili
1540 985 1741 1030 quantitate,

1001 1046 1033 1074 tu
1051 1040 1245 1082 illas(ratam
1260 1045 1385 1084 partem
1400 1039 1430 1073 in
1445 1039 1589 1084 qualibet
1606 1039 1744 1073 dioecesi

1000 1095 1176 1140 respective
1195 1094 1386 1138 minuendo)
1400 1095 1439 1128 ad
1454 1094 1573 1128 dictam
1585 1104 1744 1128 summam

1000 1149 1032 1182 in
1053 1148 1195 1193 qualibet
1216 1159 1251 1182 ex
1281 1148 1373 1182 dictis
1398 1147 1575 1182 ditionibus
1596 1148 1743 1189 reducas,

1001 1203 1042 1237 ita
1062 1209 1167 1237 tamen
1186 1209 1231 1244 ut,
1251 1203 1276 1236 si
1295 1203 1327 1236 in
1339 1203 1440 1237 altera
1461 1213 1497 1236 ex
1512 1202 1632 1237 eisdem
1651 1202 1746 1236 ditio-

1000 1257 1095 1291 nibus
1124 1256 1270 1291 decimae
1302 1257 1487 1291 huiusmodi
1517 1257 1557 1291 ad
1584 1267 1744 1291 summam

1001 1312 1112 1345 decem
1144 1311 1281 1345 millium
1307 1318 1472 1345 scutorum
1501 1321 1566 1345 non
1591 1311 1746 1345 ascende-

1002 1365 1084 1408 rint,
1109 1371 1138 1398 et
1169 1365 1200 1398 in
1221 1365 1321 1399 attera
1342 1366 1489 1399 eamdem
1510 1375 1671 1399 summam
1691 1375 1746 1399 ex-

983 1419 1152 1454 messerint
1170 1446 1177 1459 ‚
1201 1429 1266 1452 non
1300 1419 1439 1452 debeant
1464 1429 1524 1452 nec
1555 1418 1679 1463 possint
1710 1428 1747 1452 ex

1002 1472 1135 1507 decimis
1158 1472 1252 1506 unius
1278 1472 1459 1507 excedentis
1484 1472 1626 1516 suppleri
1653 1472 1744 1506 deci-

1002 1536 1072 1560 mae
1093 1526 1224 1560 alterius
1242 1526 1373 1560 ditionis
1391 1526 1582 1560 deficientis.

1047 1581 1063 1622 ξ
1084 1580 1114 1613 fl.
1139 1580 1185 1613 Ad
1207 1580 1392 1613 huiusmodi
1413 1586 1521 1613 autem
1543 1579 1745 1614 decimarum

984 1634 1195 1667 'solutionem
1222 1633 1343 1667 clerum
1370 1633 1505 1666 civitatis
1533 1639 1562 1667 et
1591 1633 1747 1668 dioecesis

1003 1688 1192 1722 salutiarum
1207 1688 1215 1704 ¹
1236 1688 1276 1721 ad
1297 1688 1395 1721 instar
1416 1688 1554 1721 aliorum
1576 1688 1677 1722 teneri
1697 1699 1750 1722 vo-

1004 1742 1110 1775 lumus
1128 1747 1155 1775 et
1179 1741 1392 1776 declaramus.
1414 1741 1634 1785 Volurnusque
1652 1742 1748 1775 etiam

1004 1801 1038 1829 ut
1057 1801 1088 1828 tu
1111 1806 1145 1829 ex
1167 1795 1300 1829 decimis
1316 1795 1346 1829 in
1368 1795 1551 1839 principatu
1572 1795 1750 1830 Pedemon-

1005 1850 1083 1883 tium
1105 1855 1136 1883 et
1157 1849 1270 1883 Nieeae
1292 1860 1328 1883 ac
1348 1849 1436 1883 Statu
1461 1850 1592 1883 Oneliae
1620 1850 1749 1894 praedi-

1005 1904 1062 1937 ctis
1083 1905 1159 1943 (non
1178 1910 1284 1937 autem
1304 1904 1336 1937 in
1357 1904 1476 1937 ducatu
1493 1903 1700 1946 Sabaudiae),
1717 1910 1752 1937 ut

1005 1958 1206 2001 praefertur,
1229 1957 1404 2001 exigendis,
1425 1963 1595 2002 postquam
1622 1963 1750 1992 exactae

1006 2011 1136 2052 suerint,
1159 2011 1319 2045 decimam
1338 2017 1463 2055 partem
1491 2021 1550 2055 pro
1572 2013 1625 2045 tua
1646 2011 1752 2055 provi-

986 2063 988 2067 “
1006 2065 1095 2099 sione
1118 2065 1256 2099 retinere
1274 2066 1395 2109 possis;
1420 2066 1462 2099 ita
1479 2071 1586 2099 tamen
1599 2071 1634 2099 ut
1647 2065 1751 2098 clerus

1006 2119 1084 2151 nibil
1107 2118 1232 2152 ratione
1257 2118 1443 2152 huiusmodi
1470 2118 1673 2162 provisionis,
1698 2124 1750 2151 aut

987 2200 989 2222 t
1006 2172 1066 2205 alia
1082 2172 1192 2216 quavis
1203 2172 1242 2206 de
1257 2175 1363 2215 causa,
1376 2172 1510 2206 ulterius
1524 2173 1636 2212 solvat,
1653 2182 1749 2215 quam

1009 2226 1145 2269 integras
1166 2227 1307 2260 decimas
1323 2227 1533 2270 supradictas.
1555 2227 1599 2259 Tu
1618 2236 1693 2259 vero
1714 2236 1750 2257 ex

1007 2280 1139 2322 singulis
1161 2280 1296 2321 decem,
1321 2291 1378 2324 per
1409 2287 1437 2314 te
1467 2291 1525 2324 pro
1553 2282 1605 2313 tua
1626 2279 1750 2313 decima

988 2371 989 2375 Ἰ
1007 2340 1096 2377 parte
1114 2340 1146 2367 ut
1166 2344 1263 2378 supra
1282 2334 1409 2375 exactis,
1430 2335 1494 2367 duo
1509 2340 1619 2367 uestro
1634 2339 1661 2367 et
1680 2342 1751 2366 sau-

1007 2394 1074 2422 ctae
1100 2389 1262 2422 Romanae
1289 2389 1449 2422 Ecclesiae
1478 2388 1655 2422 camerario
1677 2397 1748 2420 cum

1008 2443 1120 2476 ellectu
1142 2443 1316 2486 persolvas.

1052 2499 1067 2537 ,ξ
1098 2496 1149 2529 ill.
1185 2496 1253 2530 Non
1286 2496 1487 2530 obstantibus
1514 2496 1612 2529 l'clicis
1638 2505 1747 2528 recor-

1008 2549 1146 2583 dationis
1163 2550 1317 2583 Bonisacii
1336 2550 1439 2593 Papae
1460 2549 1536 2589 wll,
1560 2548 1749 2592 praedeces-

1007 2603 1087 2636 soris
1106 2604 1207 2638 nostri
1231 2604 1270 2637 de
1286 2603 1444 2645 1111:i‚cti1]
1460 2602 1596 2635 concilio
1610 2602 1749 2645 generali

1064 2676 1071 2701 1
1103 2675 1140 2702 lta
1168 2675 1193 2702 in
1220 2675 1338 2702 editione
1368 2674 1463 2703 Mam:
1485 2673 1531 2701 sed
1560 2674 1670 2701 l'orsitan
1699 2673 1751 2709 legi

1008 2720 1087 2747 «tebet
1109 2721 1292 2748 salutabunt
1311 2727 1347 2755 tlt.
1370 2720 1416 2753 Ίκ).

1637 280 1702 316 393
1747 289 1845 319 An.c.
1869 289 1937 318 1606

1782 461 1858 482 Decem
1876 461 1940 482 mittis

1754 491 1814 509 scuta
1825 488 1940 509 solummo-

1754 515 1781 536 do
1797 514 1892 541 quolibet
1904 521 1940 535 an-

1754 548 1780 563 no
1795 543 1907 567 exigenda.

1786 1587 1949 1612 t.t·.70=·1sinnt.t-

1764 1614 1796 1635 lae
1808 1615 1931 1635 servandae.

1793 2510 1904 2529 tlon-tiam
1916 2512 1942 2528 *ιιι

1766 2537 1842 2558 linitur.
