2227 3241
16 248 21 260 ’
50 242 99 272 An.
119 241 235 270 &1606

88 412 168 434 Causas
190 415 232 432 om-

51 439 234 462 ninmdelictorum

51 468 93 488 nm
120 466 141 486 in
175 463 231 485 Urbe

52 497 112 520 quam
120 493 177 512 extra
185 496 234 512 con-

53 522 84 542 tra
100 518 190 540 curiales
212 520 234 538 et

18 549 20 578 ζ
51 547 155 572 exemptos
160 550 236 571 cogno-

51 572 130 609 pecudi.

74 2012 182 2035 monitoria
191 2019 239 2035 con-

23 2045 25 2053 ·
63 2042 93 2062 m
130 2041 239 2067 episcopos

63 2066 88 2088 nd
105 2068 240 2094 personaliter

73 2095 232 2120 comparendum

63 2121 146 2146 praevia
170 2121 240 2147 Papae

61 2147 201 2168 commissione
208 2148 243 2169 de-

12 2203 13 2206 *
63 2174 164 2195 amendi.

89 2280 178 2303 Litteras
191 2288 242 2309 apo-

64 2307 146 2329 stolicas
171 2310 242 2333 solus,

66 2334 104 2359 vel.
129 2335 178 2357 dato
200 2336 241 2357 alio

903 237 1023 263 PAULUS
1043 239 1062 262 V
1082 239 1132 264 ΡΡ.

247 289 371 331 audire,
394 298 601 332 cognoscere,
629 288 779 323 decidere
797 292 828 321 et
848 286 913 324 fine
933 287 989 321 de-

246 344 314 378 bito
335 343 527 384 terminare3

292 399 309 441 ἓ
330 397 382 431 12.
411 398 541 432 Necnon
567 398 606 431 de
631 396 783 431 omnibus
808 401 839 430 et
858 394 992 438 singulis

249 452 509 497 quibuscumque
527 457 558 485 et
577 456 878 495 quantumcumque
898 459 993 482 enor-

250 505 356 539 mibus
377 505 578 545 criminibus,
600 503 725 538 delictis
746 508 777 537 et
796 502 989 543 excessibus,

249 565 314 594 tam
340 559 373 593 in
397 559 482 593 Urbe
503 564 535 592 et
558 558 649 592 Curia
675 557 868 602 praedictis,
896 567 992 600 quam

250 618 337 647 extra
354 623 418 653 eas,
442 622 500 656 per
516 606 741 655 quoscumque
761 616 826 643 tam
848 608 993 643 eiusdem

249 666 362 700 Curiae
386 672 483 710 atque
515 664 605 699 Sedis
636 664 790 698 officiales
815 674 912 708 quam
938 663 989 697 di-

249 727 334 754 ctam
354 720 471 754 Sedem
492 724 674 763 sequentes,
695 724 726 752 et
744 718 836 759 alios,
857 717 954 751 etiam
975 727 993 750 a

248 774 471 808 iurisdictione
496 773 742 807 Ordinariorum
771 777 936 816 exemptos
957 781 993 805 ac

249 828 354 863 dictae
373 828 446 862 Sedi
468 827 653 861 immediate
679 826 859 867 subiectos,
887 825 993 860 cuius-

249 893 389 927 cumque
406 881 641 916 ecclesiasticae
661 881 710 914 vel
735 881 918 914 mundanae
939 879 993 913 di-

249 936 390 980 gnitatis,
415 935 510 969 etiam
532 934 741 979 episcopalis,
773 932 992 978 archiepisco-

249 987 357 1032 palis,
388 986 580 1031 primatialis
611 987 661 1019 vel
693 985 842 1026 maioris,
874 991 904 1018 et
935 995 994 1029 per

250 1051 472 1086 quoscumque
498 1040 598 1090 alios,
623 1039 855 1084 cuiuscumque
879 1044 990 1079 status,

250 1095 380 1139 gradus,
409 1094 532 1128 ordinis
557 1094 606 1128 vel
628 1093 822 1128 conditionis
850 1093 990 1133 suerint,

249 1148 442 1194 perpetratis
466 1144 515 1182 vel
534 1146 794 1192 perpetrandis,¹
815 1147 854 1180 ad
875 1157 994 1191 procu-

249 1203 367 1236 ratoris
391 1201 509 1236 fiscalis
541 1201 826 1236 denunciationem
858 1206 889 1234 et
918 1211 993 1245 pro-

251 1257 442 1298 motionem,
466 1266 563 1301 quam
584 1256 679 1290 etiam
700 1255 841 1300 partium
868 1265 995 1288 accusa-

252 1310 372 1344 tionem
404 1310 453 1343 vel
479 1310 575 1344 etiam
607 1309 847 1352 instigationem
876 1319 932 1342 seu
957 1319 993 1341 ex

252 1375 343 1399 mero
368 1364 488 1405 officio,
512 1370 544 1398 et
563 1364 672 1408 quoad
692 1373 806 1396 omnes
825 1363 990 1407 privative,

251 1429 309 1463 per
328 1418 473 1452 notarios
494 1423 565 1451 tuos
585 1427 765 1461 eorumque
789 1416 990 1457 substitutos,

252 1484 289 1507 ac
309 1473 394 1506 inter
414 1477 444 1505 et
468 1477 580 1505 contra
602 1481 656 1505 eos
674 1481 710 1504 ac
730 1471 811 1504 alios
832 1471 864 1504 in
882 1481 991 1504 eorum

252 1526 366 1561 officiis
391 1532 422 1560 et
446 1525 530 1559 intus
556 1535 593 1558 ea
613 1525 729 1564 solum,
758 1524 935 1568 inquirere,
964 1530 995 1558 et

252 1591 349 1625 super
377 1580 447 1613 illas
478 1585 542 1612 tam
573 1589 630 1624 per
661 1578 744 1612 viam
776 1578 994 1622 inquisitionis

252 1644 348 1679 quam
373 1632 585 1667 accusationis
610 1643 665 1666 seu
690 1632 948 1665 denunciationis
966 1637 995 1665 et

251 1687 466 1730 instigationis
498 1686 686 1720 huiusmodi
722 1686 902 1730 procedere
920 1714 926 1726 ,
965 1691 996 1719 et

251 1741 428 1785 culpabiles
454 1747 610 1785 repertos,
635 1740 721 1773 iuxta
739 1750 871 1773 suorum
890 1750 995 1773 exces-

251 1806 346 1829 suum
373 1795 564 1838 exigentiam
587 1800 617 1827 et
642 1794 831 1838 qualitatem
848 1821 855 1834 ,
883 1793 996 1837 quovis

252 1850 361 1889 modo,
383 1849 503 1892 absque
522 1847 659 1881 alicuius
677 1847 925 1890 irregularitatis
942 1853 997 1881 aut

252 1902 383 1936 alterius
396 1913 550 1936 censurae
560 1901 795 1935 ecclesiasticae
808 1901 996 1934 huiusmodi

253 1956 395 1997 incursu,
423 1956 555 2000 punire,

299 2009 382 2053 §13
407 2011 472 2053 (lta
493 2015 612 2050 tamen,
629 2010 716 2054 quod
734 2010 908 2044 monitoria
926 2020 998 2043 con-

256 2069 304 2097 tra
322 2064 492 2108 episcopos
511 2064 559 2097 vel
581 2063 660 2096 alios
681 2074 794 2097 eorum
813 2063 998 2108 superiores

256 2117 438 2162 praedictos
467 2118 507 2151 ad
531 2118 788 2161 comparendum
813 2117 994 2161 personali-

255 2178 305 2206 ter
328 2172 457 2205 nonnisi
488 2172 615 2216 praevia
641 2170 868 2204 commissione
900 2182 998 2205 manu

256 2227 366 2258 nostra
390 2225 512 2268 signata
534 2225 726 2267 deccrnas);

301 2280 317 2320 ἓ
333 2278 383 2312 14.
401 2279 439 2312 Et
456 2278 587 2322 insuper
604 2278 690 2322 quod
709 2288 931 2322 quascumque
949 2277 998 2310 lit-

257 2337 339 2365 teras
360 2332 563 2376 apostolicas,
583 2332 749 2375 generales
769 2337 801 2365 et
819 2331 996 2376 particula-

256 2437 328 2464 valet
341 2437 505 2471 generaliter
516 2436 604 2473 quoad
621 2436 774 2472 obbligatos
798 2436 824 2463 in
841 2436 926 2464 forma
946 2436 998 2464 Ca—

257 2489 347 2508 merae
357 2486 384 2509 et
401 2482 461 2509 aliis
481 2481 573 2508 formis
589 2481 746 2517 praedictis,
762 2485 789 2508 ct
813 2481 894 2508 etiam
911 2481 999 2517 quoad

257 2525 334 2553 aliter
344 2525 488 2562 obligatos,
504 2526 550 2554 uhi
567 2534 621 2554 non
632 2529 727 2562 agatur
743 2525 776 2553 de
787 2525 881 2553 maiori
897 2527 999 2553 summa

258 2577 337 2605 quam
353 2570 395 2597 hic
406 2571 547 2607 praefinita
562 2574 599 2604 (n.
613 2572 663 2606 τ.).

297 2615 307 2641 1
330 2613 472 2643 Videt-etur
486 2615 630 2652 legendum
646 2619 705 2645 tam
720 2616 792 2644 ad...
810 2624 898 2652 quam
912 2616 999 2645 etiam

260 2657 309 2693 ad,
329 2662 381 2687 etc.
397 2659 436 2695 (n.
451 2661 500 2694 τ.).

1669 226 1733 261 359
1779 237 1829 264 An.
1846 236 1878 265 C.
1894 236 1962 265 1606

1025 297 1086 329 res,
1107 293 1172 321 tam
1190 288 1250 322 sub
1266 288 1402 333 plumbo
1420 287 1530 332 (etiam
1548 296 1607 332 per
1623 286 1767 321 officium
1784 303 1922 331 mquam,
1936 306 1971 322 eu-

1025 341 1209 375 audientiae
1229 347 1413 375 nostrarum
1434 341 1614 375 litterarum
1640 346 1769 375 eontra·
1784 328 1972 381 fflffiguenfflfn

1027 394 1186 428 dictarum
1198 405 1235 428 ac
1248 405 1305 439 per
1316 395 1461 429 officium
1475 394 1610 428 minoris
1623 394 1769 438 gratiae),

1027 459 1124 492 quam
1144 448 1174 481 in
1193 450 1298 482 forma
1314 450 1421 482 Brevis
1440 450 1613 494 expeditas,
1634 454 1675 490 et,
1692 460 1772 493 qua-

1029 511 1100 534 rum
1120 502 1221 535 solam
1244 502 1442 545 signaturam
1467 502 1615 536 sufficere
1641 512 1773 537 conces-

1027 565 1098 589 sum
1117 555 1224 596 suerit,
1241 556 1499 600 supplicationes
1511 567 1570 600 per
1586 566 1644 590 nos
1666 561 1696 590 et
1712 566 1772 600 pro

1029 614 1175 653 tempore
1201 609 1389 644 existentem
1418 611 1600 644 Romanum
1631 610 1769 644 Pontifi-

1028 673 1098 696 cem
1124 669 1179 696 aut
1205 663 1237 696 in
1262 663 1408 697 eiusdem
1428 664 1594 698 Pontificis
1622 674 1679 698 seu
1714 674 1773 698 no·
1809 666 1812 668 ’

1027 719 1090 750 stra
1104 717 1288 761 praesentia
1308 718 1460 760 signatas,
1484 728 1543 752 nec
1564 723 1629 752 'non
1650 718 1773 753 litteras

1027 781 1087 815 pro
1120 776 1267 815 tempore
1303 771 1506 805 existentium
1539 772 1709 805 camerarii
1743 778 1774 806 et

1027 824 1268 869 poenitentiarii
1289 825 1421 858 maioris
1446 831 1631 859 nostrerum
1653 826 1769 869 (dum-

1028 879 1126 912 modo
1151 878 1183 912 in
1204 878 1267 912 illis
1288 884 1318 912 et
1338 879 1453 912 litteris
1474 879 1658 923 apostolicis
1677 890 1772 923 prae-

1028 932 1121 966 dictis
1142 932 1195 965 alii
1213 938 1427 977 exequutores
1453 932 1597 977 deputati
1617 943 1684 966 non
1705 933 1773 967 sue-

1029 985 1102 1027 rint,
1119 986 1217 1028 solus,
1234 986 1267 1020 in
1281 986 1398 1031 quibus
1412 997 1487 1020 vero
1502 986 1646 1031 deputati
1661 992 1769 1028 erunt,
1817 1021 1820 1024 Α

1028 1040 1224 1073 cumulative
1244 1051 1317 1074 cum
1334 1040 1411 1083 illis)
1423 1040 1551 1084 exequi,
1563 1040 1772 1085 etsuperillis

1028 1104 1198 1137 processus
1218 1094 1344 1128 debitos
1365 1093 1396 1127 in
1418 1094 1521 1127 forma
1546 1094 1651 1135 solita,
1675 1094 1772 1128 etiam

1029 1158 1100 1181 cum
1123 1147 1384 1192 promulgatione
1407 1158 1616 1182 censurarum
1635 1148 1667 1181 in
1685 1148 1774 1182 simi-

1028 1201 1113 1234 libus
1133 1201 1335 1245 promulgari
1363 1201 1547 1242 solitarum,
1576 1202 1772 1244 decernere3

1073 1256 1089 1297 ξ
1105 1253 1156 1287 15.
1171 1256 1215 1288 Ac
1231 1265 1290 1298 per
1312 1260 1340 1288 te
1363 1260 1498 1299 tuosque
1516 1255 1772 1290 locumtenentes
1788 1264 1973 1318 {ffi‘cffinffifiemffi'

1028 1318 1085 1341 seu
1111 1308 1342 1351 vicesgerentes
1371 1314 1401 1341 et.
1421 1308 1574 1342 officiales
1595 1314 1650 1342 aut
1671 1310 1773 1353 depu-
1788 1319 1858 1339 dicum
1878 1319 1899 1339 in
1914 1325 1973 1339 cuna

1788 1347 1807 1365 et
1817 1347 1875 1365 extra
1884 1346 1937 1365 latas
1953 1348 1972 1365 et

1029 1368 1110 1395 tates
1138 1368 1168 1395 et
1192 1362 1321 1406 quosvis
1347 1363 1425 1396 alios
1452 1370 1515 1396 tam
1538 1363 1772 1397 ecclesiasticos
1788 1377 1899 1408 processus
1931 1374 1973 1392 tam

1029 1425 1125 1459 quam
1147 1416 1327 1448 saeculares
1349 1416 1485 1453 iudices,
1521 1422 1551 1449 et
1582 1415 1664 1449 tam¹
1687 1416 1772 1450 dele-
1787 1399 1971 1455 ἒὲῗῇἷῗιιιῗτὲἓῗῖἷ

1027 1474 1137 1511 gatos,
1167 1480 1203 1502 ac
1228 1469 1323 1502 etiam
1356 1479 1525 1502 causarum
1559 1469 1635 1502 dicti
1660 1470 1771 1503 Palatii
1788 1452 1910 1506 ssissufflff'“¹⁰
1926 1458 1973 1472 ω’

1028 1522 1202 1563 auditores,
1224 1523 1272 1556 vel
1302 1522 1392 1563 alios,
1415 1528 1470 1556 aut
1486 1523 1668 1556 Romanum
1694 1524 1774 1557 Pon-

1030 1576 1146 1609 tificem
1168 1586 1227 1620 pro
1250 1582 1396 1620 tempore
1417 1576 1605 1610 existentem
1621 1604 1628 1618 ,
1651 1583 1715 1610 tam
1741 1578 1773 1610 in

1028 1640 1147 1673 genere
1168 1640 1264 1673 quarn
1287 1629 1318 1663 in
1340 1629 1459 1673 specie,
1483 1640 1518 1662 ac
1539 1630 1617 1663 alias
1638 1641 1774 1675 quomo-

1029 1683 1151 1717 dolibet
1170 1683 1202 1716 in
1224 1684 1337 1717 eadem
1356 1683 1448 1717 Curia
1468 1689 1499 1716 et
1519 1689 1608 1717 extra
1625 1694 1695 1717 eam
1714 1694 1774 1729 pro

1029 1743 1175 1782 tempore
1200 1738 1338 1771 latarum
1368 1737 1601 1771 sententiarum
1616 1765 1623 1778 ,
1647 1748 1774 1772 necnon

1029 1801 1312 1836 quorumcumque
1340 1802 1551 1835 processuum
1571 1792 1772 1834 generalium

1029 1846 1077 1879 vel
1098 1845 1286 1889 specialium
1302 1873 1309 1882 ,
1334 1851 1397 1878 tam
1427 1845 1458 1878 in
1484 1845 1536 1879 die
1561 1846 1685 1879 Coenac
1704 1846 1771 1879 Do-

1030 1900 1109 1933 mini
1123 1910 1221 1943 quam
1236 1900 1324 1940 alias,
1338 1910 1410 1933 cum
1427 1909 1638 1933 censurarum
1654 1905 1685 1934 et
1702 1910 1776 1944 poe-

1030 1964 1145 1987 narum
1160 1953 1448 1987 ecclesiasticarum
1464 1954 1688 1988 fulminatione
1702 1954 1773 1988 fieri

1030 2008 1212 2049 solitorum,
1236 2008 1504 2051 exequutionem²
1531 2019 1621 2052 quas,
1649 2008 1774 2042 etiamsi

1032 2061 1186 2103 delegatis
1211 2066 1266 2094 aut
1289 2061 1507 2104 subdelegatis
1528 2061 1701 2105 praedictis
1727 2062 1773 2095 vel

1032 2114 1196 2159 quibusvis
1216 2114 1286 2147 aliis
1307 2114 1403 2147 etiam
1429 2114 1612 2158 specialiter
1635 2125 1693 2159 per
1717 2125 1775 2148 nos

1032 2174 1062 2201 et
1075 2168 1189 2202 Sedein
1207 2168 1407 2211 praedictam
1423 2168 1614 2201 commissae
1638 2167 1770 2208 suerint,

1034 2221 1090 2254 tibi
1109 2221 1302 2254 cumulative
1323 2227 1353 2254 et
1370 2232 1435 2254 non
1450 2221 1604 2265 privative
1625 2221 1775 2254 commis-

1032 2275 1094 2308 sas³
1112 2285 1178 2308 esse
1191 2276 1338 2308 volumus
1352 2281 1448 2318 atque
1466 2274 1697 2317 decernimus),
1710 2285 1775 2308 ser-

1033 2329 1110 2362 vatis
1142 2328 1287 2362 terminis
1312 2329 1343 2361 in
1367 2328 1519 2362 tribunali
1541 2328 1699 2362 auditoris
1720 2328 1775 2362 Ca-

1071 2435 1079 2462 1
1103 2434 1245 2462 Videretur
1261 2434 1404 2470 legendum
1421 2435 1508 2462 etiam
1527 2442 1573 2470 pro
1589 2436 1614 2461 et
1626 2437 1685 2461 tam
1696 2435 1774 2469 (ns).

1067 2480 1083 2507 2
1103 2480 1282 2516 subintellige
1297 2482 1402 2515 facere,
1416 2484 1444 2506 ut
1456 2483 1547 2515 postea
1563 2479 1685 2514 sequitur
1696 2481 1773 2513 (uxr).

1068 2526 1084 2553 3
1099 2526 1163 2553 Tam
1175 2525 1293 2553 Cherub.
1305 2529 1356 2552 tam
1368 2525 1449 2552 Main.
1464 2525 1522 2552 heic
1535 2525 1603 2560 legg.
1616 2526 1774 2558 commissa,

1033 2570 1096 2598 dum
1107 2574 1197 2598 tamen
1210 2574 1289 2598 antea
1304 2570 1395 2605 legunt
1409 2578 1480 2604 quas
1496 2573 1522 2596 et
1536 2569 1703 2597 commissae
1716 2570 1776 2604 fue-

1033 2616 1104 2644 rint:
1123 2615 1162 2643 vel
1178 2619 1257 2643 antea
1272 2615 1379 2651 legend.
1396 2614 1446 2642 fuit
1459 2622 1533 2649 quae
1550 2614 1657 2650 (nempe
1668 2617 1777 2643 senten-

1034 2660 1089 2689 tiae
1102 2663 1125 2689 οι
1139 2659 1297 2696 processus)
1312 2663 1339 2688 et
1353 2659 1506 2688 commissa
1521 2659 1635 2695 suerint
1656 2659 1692 2694 (rt.
1708 2659 1757 2694 T.).
