2227 3241
23 296 70 326 An·
81 294 109 325 C.
131 292 198 323 1606

261 340 480 384 conficiuntur
515 344 544 374 el
572 350 631 385 per
665 339 796 375 Galliae
826 349 960 384 reynum

261 395 530 437 transvehuntur,
550 394 741 439 apponendo
754 393 774 427 ¹.

215 467 329 495 Dilecto
349 467 411 494 filio
431 469 535 494 nostro
552 466 676 501 cynthio
691 466 777 494 tituli
793 466 894 494 sancti
909 466 962 493 Pe-

251 512 294 540 tri
313 514 349 539 ad
365 512 490 539 Vincula
505 511 682 546 presbytero
698 511 846 538 cardinali
863 511 962 539 sancti

253 557 386 592 Gregorii
404 559 588 590 nuncupato,
609 556 750 583 moderno
766 558 796 583 et
817 563 870 589 pro
886 559 963 583 tem-

252 610 325 637 pore
345 601 490 630 existenti
505 604 611 629 nostro
626 604 658 629 et
671 600 860 635 Apostolioae
877 601 963 628 Sedis

252 647 284 675 in
299 647 426 675 civitate
441 645 644 674 avenionensi
653 649 684 672 et
693 645 841 673 comitatu
849 646 963 673 nestris

252 690 438 725 Venayssino
454 691 491 717 de
507 691 605 717 latere
624 691 736 724 legato,
749 697 784 718 ac
805 689 870 717 eius
883 690 963 717 vice-

253 736 353 771 togato

452 770 563 798 Paulus
592 770 670 804 Papa
700 770 729 797 V·

237 833 351 862 Dilecte
367 832 412 861 tili
431 836 545 866 noster,
561 834 692 861 salutem
708 837 740 861 et
755 833 951 868 apostolicam

467 878 719 906 benedictionem.

27 953 36 967 1
53 950 144 974 Gemens
160 947 205 969 vttt

29 977 170 1003 transactionis
180 975 206 997 de

82 1006 102 1028 tn
115 1004 206 1027 ruht-ica,
220 992 312 1031 parte
343 986 538 1020 dilectorum
566 985 706 1019 tiliorum
738 985 909 1019 consulum
935 991 965 1019 et

221 1040 346 1075 consilii
361 1039 495 1073 civitatis
508 1044 636 1073 nostrae
649 1038 890 1081 Arenfflncnsis,
908 1050 966 1084 per

222 1095 355 1129 dilectos
372 1094 456 1128 filios
476 1093 683 1128 Franciseum
706 1093 745 1127 de
767 1093 884 1127 Berton
899 1104 966 1127 scu-

223 1149 350 1183 tiserum
368 1148 406 1182 de
426 1147 567 1191 Criglion
590 1147 847 1181 christianissimi
872 1148 967 1181 Fran-

221 1202 289 1236 ciae
320 1201 405 1244 regis
435 1200 669 1235 cubicularium
696 1205 725 1233 et
757 1200 964 1234 Laurentium

220 1254 349 1290 Ioannis
359 1255 395 1289 U.
412 1255 434 1288 I.
454 1255 488 1288 D.
506 1261 535 1288 et
550 1254 720 1297 legationis
736 1254 967 1288 Arenionensis

221 1308 444 1350 secretarium,
471 1318 583 1341 eorum
612 1308 697 1351 apud
724 1318 782 1341 nos
799 1313 963 1348 oratores,

223 1362 322 1408 quod,
340 1372 414 1396 cum
435 1361 535 1395 seticis
564 1361 797 1395 recordationis
823 1361 968 1395 Clemens

222 1417 308 1461 Papa
324 1415 403 1457 VIII,
418 1415 649 1460 praedecessor
663 1421 781 1455 noster,
797 1415 968 1448 novissime

222 1481 280 1516 per
300 1470 368 1504 eius
386 1469 419 1502 in
438 1470 542 1503 forma
563 1469 670 1502 Brevis
686 1469 808 1502 litteras
822 1468 880 1502 sub
895 1469 968 1502 data

224 1524 275 1558 die
295 1522 452 1558 x1v⁹iulii
468 1532 574 1563 macir,
587 1522 792 1566 pontificatus
814 1522 860 1555 sui
884 1533 968 1555 anno

223 1587 291 1619 xtn,
316 1576 478 1622 expeditas
499 1576 672 1620 quamdam
697 1575 965 1615 transactionem,

225 1632 308 1665 inter
328 1631 431 1665 dictos
451 1630 599 1664 consules
620 1635 648 1663 et
667 1629 835 1663 consilium
856 1640 890 1662 ex
905 1631 969 1662 una

225 1691 255 1720 et
284 1684 525 1728 redemptorem
558 1693 613 1716 seu
646 1683 880 1727 appaltatorem
914 1693 966 1716 re-

225 1739 311 1783 gium
337 1738 429 1782 regni
450 1737 601 1772 Franciae
623 1747 658 1770 ex
680 1737 779 1770 altera
800 1736 969 1781 partibus³

226 1795 336 1838 (super
352 1792 444 1835 signo
458 1802 514 1825 seu
530 1791 618 1825 bullo
634 1791 722 1834 regio
741 1790 771 1823 in
792 1791 906 1835 pannis
919 1802 968 1824 se-

227 1847 311 1887 ricis,
335 1846 389 1890 qui
415 1846 447 1879 in
473 1845 598 1878 civitate
623 1843 835 1878 Avenionensi
862 1844 966 1877 confi-

227 1901 356 1935 ciuntur
380 1906 412 1933 et
431 1910 489 1944 per
508 1899 630 1934 Galliae
652 1909 787 1941 reguum
807 1899 969 1932 transmit-

229 1960 349 1995 tuntur,
373 1954 581 1999 apponendo)
595 1964 667 1987 cum
685 1953 865 1985 interventu
884 1953 968 1986 eius-

30 1030 201 1057 confit-mationem

29 1060 111 1087 dauns
144 1057 206 1078 tricu-

29 1086 86 1109 nnn
93 1084 146 1107 Sede
156 1089 206 1110 apo-

30 1113 100 1135 antica
134 1113 205 1138 peten-

31 1138 75 1162 dam
89 1138 159 1159 voluit.

229 2061 354 2095 civitate
376 2061 542 2104 vicelegati
564 2061 688 2101 initam,
707 2060 884 2104 apostolica
914 2071 969 2093 au-

229 2115 374 2149 ctoritate
403 2114 643 2148 confirmaverit
669 2120 699 2147 et
728 2114 966 2158 approbaverit,

229 2169 371 2203 sedinter
392 2168 454 2201 alia
473 2168 608 2201 voluerit
642 2173 672 2200 et
701 2167 908 2203 ordinaverit,
938 2173 971 2200 ut

229 2222 412 2268 praedictae
434 2221 657 2255 transactionis
678 2227 707 2254 ct
725 2221 859 2253 aliarum
881 2220 970 2253 siuti-

230 2277 307 2310 lium
335 2276 540 2310 confirmatio
558 2276 597 2308 ab
624 2275 693 2320 ipso
723 2275 971 2319 praedecessore

231 2330 362 2375 eiusque
393 2330 632 2364 successoribus
658 2328 810 2362 Romanis
834 2328 969 2362 Pontifi-

231 2384 321 2418 cibus
342 2394 399 2428 per
413 2384 515 2417 dictos
537 2384 685 2416 consules
706 2387 736 2415 et
757 2382 972 2415 communita-

232 2443 294 2470 tem
315 2437 569 2471 Avenioncnsem
593 2437 632 2469 de
658 2435 796 2468 triennio
818 2435 847 2467 in
869 2435 969 2467 trion-

231 2490 319 2524 nium
332 2496 505 2536 peteretur,
515 2491 558 2524 ita
572 2490 669 2534 quod,
681 2490 705 2523 si
717 2490 825 2534 elapso
835 2489 972 2522 triennio

267 2581 278 2607 t
302 2580 339 2607 Ex
360 2580 467 2616 aegest.
490 2580 515 2607 iu
537 2580 636 2607 Secret.
654 2580 734 2607 Brev,

266 2625 284 2653 2
302 2626 350 2653 Vel
371 2626 459 2662 potius
477 2632 549 2660 xxttt,
571 2630 600 2653 ut
619 2629 713 2662 postea
733 2625 854 2652 dicemus
873 2632 911 2660 tn.
924 2631 972 2658 T.).

268 2669 283 2698 3
299 2670 396 2698 Vocem
417 2672 523 2700 initam
550 2671 593 2699 hic
617 2671 776 2706 emittimus,
799 2670 862 2706 quia
882 2674 975 2706 postea

233 2714 352 2751 sequitur
371 2716 409 2751 (n.
426 2715 475 2750 τ.).

316 2768 395 2797 Bull.
417 2770 500 2798 Rom.
526 2786 553 2791 ν
577 2770 632 2797 Vol.
650 2770 700 2798 XI.
882 2769 915 2797 38

857 289 977 316 PAULUS
998 291 1016 315 V
1038 292 1083 315 PF.

229 2009 300 2042 dem
333 2007 507 2042 Clementis
543 2007 801 2052 praedecessoris
828 2007 858 2039 in
885 2007 987 2041 dicta¹

992 339 1181 374 huiusmodi
1218 339 1340 385 absque
1377 342 1459 374 nova
1493 339 1741 375 confirmatione

995 394 1065 427 iura
1078 394 1236 438 praedicti
1254 394 1333 427 bulli
1353 394 1568 437 exigerentur,
1579 394 1658 428 tales
1675 394 1740 428 exi-

995 454 1106 489 gentes
1132 453 1161 480 et
1181 447 1352 480 consilium
1375 447 1518 481 ciusdem
1546 447 1682 481 civitatis
1709 447 1740 480 in

995 511 1134 545 poenam
1145 501 1436 545 scutorutndecem
1453 501 1591 534 millium
1605 501 1675 534 auri
1690 501 1743 536 Ca-

997 564 1104 587 merae
1134 553 1337 597 Apostolicae
1370 554 1639 598 applicandorum
1670 554 1741 598 ipso

997 608 1080 640 sacto
1110 607 1323 647 incurrerent,
1348 613 1444 650 prout
1466 607 1496 640 in
1513 607 1606 641 dictis
1626 607 1741 641 litteris

997 661 1124 706 plenius
1138 660 1324 694 continetur
1335 660 1360 700 ¹3

1043 716 1059 757 g
1081 714 1110 747 Ξ).
1129 713 1275 758 Cumque
1290 713 1383 747 dictis
1404 714 1539 748 consilio
1554 721 1583 749 et
1602 725 1744 749 commu-

998 768 1089 801 nitati
1101 768 1190 801 ralde
1206 767 1448 801 incommodum
1460 774 1487 802 ct
1499 768 1740 813 dispendiosum

999 822 1141 855 futurum
1156 821 1194 854 sit
1207 822 1334 864 singulo
1350 821 1490 855 triennio
1505 823 1545 855 ad
1560 823 1741 856 Romanum

980 907 982 919 4
998 875 1185 909 Pontificem
1202 881 1232 909 et
1246 872 1461 920 Apostolicam
1477 876 1592 909 Sedem
1611 887 1670 921 pro
1684 877 1743 909 bu-

266 935 282 976 g
306 932 334 966 1.
356 931 543 977 Expositum
563 931 658 965 nobis
681 942 786 976 nuper
811 931 881 973 suit,
904 927 982 976 pro*

1000 929 1138 963 jusmodi
1166 929 1413 963 confirmatione
1440 930 1614 963 obtinenda
1642 937 1743 964 trans-

1000 984 1143 1024 mitterej,
1162 989 1335 1028 propterea
1352 983 1445 1017 nobis
1459 984 1649 1017 eorumdem
1671 995 1742 1018 eon-

999 1038 1061 1072 silii
1092 1044 1119 1071 ct
1147 1037 1387 1072 communitatis
1417 1035 1559 1071 nomine
1579 1037 1744 1071 humiliter

1000 1091 1215 1136 supplicatum
1239 1090 1308 1131 fuit,
1325 1096 1359 1124 ut
1375 1090 1405 1123 in
1420 1091 1605 1134 praemissis
1626 1101 1744 1135 oppor-

1002 1150 1077 1178 tune
1094 1144 1264 1189 providere
1286 1143 1324 1177 dc
1345 1143 1544 1187 benignitate
1568 1144 1743 1189 apostolica

1001 1198 1220 1241 dignaremur.

1047 1254 1062 1294 ἓ
1084 1251 1113 1285 3.
1137 1252 1200 1285 Nos
1221 1252 1410 1285 eorumdem
1430 1252 1598 1285 consulum
1612 1258 1642 1285 et
1657 1262 1744 1286 com-

1004 1306 1167 1339 munitatis
1188 1306 1379 1347 commodis,
1404 1312 1559 1350 quantum
1586 1317 1658 1339 cum
1684 1308 1745 1340 Do-

1004 1361 1091 1394 mino
1116 1371 1307 1405 possumus,
1337 1361 1524 1405 prospicere
1557 1361 1741 1405 cupientes,

1004 1415 1139 1459 illosque
1165 1415 1357 1458 specialibus
1391 1415 1552 1448 favoribus
1581 1421 1609 1448 et
1635 1415 1745 1458 gratiis

1003 1469 1153 1513 prosequi
1181 1470 1340 1509 volentes,
1365 1475 1393 1502 et
1420 1479 1533 1502 eorum
1559 1469 1703 1512 singulos
1730 1480 1746 1502 a

1004 1523 1168 1566 quibusvis·
1189 1522 1546 1563 excomtimuit—ationis,
1564 1523 1748 1567 suspensio-

1004 1577 1052 1609 nis
1084 1582 1113 1609 et
1145 1576 1331 1615 interdicti,
1360 1575 1496 1620 aliisque
1524 1576 1748 1610 ecclesiasticis

1003 1630 1181 1671 sententiis,
1204 1630 1346 1664 censuris
1372 1636 1402 1663 et
1419 1630 1543 1674 poenis,
1568 1641 1584 1663 a
1606 1630 1675 1664 iure
1701 1631 1747 1664 vel

1003 1685 1042 1718 ab
1070 1684 1224 1725 homine,
1246 1684 1357 1728 quavis
1383 1684 1553 1718 occasione
1580 1684 1626 1718 vc]
1653 1687 1750 1718 causa

1003 1739 1086 1779 latis,
1100 1738 1123 1771 si
1138 1738 1255 1782 quibus
1269 1737 1513 1782 quomodolibet
1530 1737 1675 1771 innodati
1690 1738 1750 1772 exi-

1004 1799 1102 1835 stunt,
1118 1793 1156 1826 ad
1179 1792 1327 1825 effectum
1350 1792 1569 1836 praesentium
1585 1792 1751 1826 dumtaxat

1005 1846 1281 1891 consequendum,
1305 1846 1419 1879 harum
1441 1846 1523 1880 serie
1549 1846 1750 1880 absolventes

1005 1908 1035 1935 ct
1061 1901 1226 1935 absolutos
1253 1902 1320 1934 sore
1346 1907 1535 1943 censentes,
1564 1900 1750 1934 huiusmodi

1004 1955 1293 2000 supplicationibus
1312 1954 1469 1995 inclinati,
1495 1954 1563 1997 ubi,
1590 1960 1700 1988 nostro
1722 1961 1753 1989 et

1004 2009 1205 2054 Apostolicae
1226 2008 1316 2043 Sedis
1338 2008 1478 2050 nomine,
1500 2008 1750 2043 transactionem

1004 2063 1202 2108 praedictam
1214 2063 1340 2105 singulo
1353 2062 1491 2096 triennio
1506 2062 1546 2095 ad
1560 2062 1749 2106 petitionem

1006 2117 1174 2150 consulum
1191 2122 1220 2149 et,
1243 2115 1485 2149 communitatis
1505 2116 1750 2160 praedictorum

1006 2171 1182 2215 apostolica
1209 2170 1411 2211 auctoritate,
1437 2181 1509 2203 cuin
1529 2170 1749 2214 praesentium

1007 2226 1185 2258 litterarum
1209 2223 1395 2264 insertione,
1411 2229 1442 2256 et
1467 2233 1531 2256 non
1555 2223 1643 2264 alias,
1668 2234 1748 2257 cou-

1008 2278 1156 2311 firmandi
1176 2283 1205 2310 et
1223 2277 1425 2321 approbandi
1439 2277 1496 2320 (ita
1511 2282 1617 2310 tamen
1633 2283 1675 2317 ut,
1692 2277 1749 2309 nisi

1008 2333 1066 2376 ipsi
1093 2332 1240 2365 consules
1266 2337 1296 2364 et
1322 2331 1537 2364 communitas
1562 2330 1750 2363 huiusmodi

1007 2386 1287 2419 confirmationem
1302 2385 1504 2429 petierint‚iu
1515 2394 1652 2428 poenam
1664 2394 1754 2428 prae·

1009 2440 1125 2472 dictatu
1143 2445 1203 2472 tam
1226 2439 1282 2482 ipsi
1300 2449 1396 2482 quam
1418 2437 1487 2470 iura
1501 2437 1579 2469 tuitii
1595 2437 1750 2480 praedicti

1008 2494 1160 2537 deinceps
1179 2493 1341 2536 exigentes
1356 2492 1534 2535 incurrant)
1551 2491 1662 2525 cadem
1681 2501 1753 2535 apo-

1009 2547 1122 2580 stolica
1143 2546 1354 2587 auctoritate,
1380 2551 1490 2578 tenore
1511 2544 1749 2589 praesentium.

1010 2601 1189 2633 facultatem
1212 2599 1420 2633 concedimus
1442 2603 1472 2631 et
1491 2597 1704 2642 impertimur.

1043 2672 1055 2698 1
1073 2671 1227 2698 Praedictas
1238 2669 1384 2697 Clementis
1397 2669 1453 2696 VIII
1468 2669 1527 2696 vide
1539 2677 1620 2704 supra
1631 2677 1692 2705 pag.
1706 2670 1754 2696 tot

988 2740 990 2750 ,
1008 2715 1034 2743 b.
1055 2715 1117 2750 vot,
1131 2715 1176 2743 ubi
1192 2715 1270 2743 datae
1290 2715 1417 2751 leguntur
1437 2714 1480 2742 die
1501 2720 1563 2742 xxtu
1584 2713 1690 2747 iuliitu.
1704 2718 1752 2747 T.).

1754 290 1804 318 An.
1817 290 1846 319 C.
1870 289 1937 319 tssoo

1807 729 1910 750 Consules
1927 731 1949 749 et

1758 756 1899 776 communitas
1920 757 1946 776 Α-

1758 783 1897 803 venionenses
1906 782 1948 803 hoe

1758 810 1798 830 sibi
1833 810 1948 830 incommo-

1758 836 1807 856 dum
1823 841 1868 856 esse
1884 841 1948 856 asse-

1759 865 1813 884 runt.

1787 1263 1865 1284 Paulus
1888 1268 1949 1284 eam-

1760 1289 1808 1311 dem
1838 1290 1948 1311 confirma-

1761 1317 1839 1338 tionem
1875 1317 1946 1342 legato

1761 1344 1877 1364 conitiiittit.
