2227 3241
53 258 106 286 An.
122 257 152 285 C.
170 256 236 284 1603

87 1068 114 1090 Et
128 1067 192 1089 etiam
208 1071 244 1087 eos

61 1095 83 1116 in
106 1094 186 1116 iudicio
210 1098 245 1114 co-

62 1121 135 1149 genem

78 1903 82 1906 ι
105 1875 132 1906 Ιξι
151 1881 250 1896 necessa-

66 1909 98 1924 ria
113 1905 250 1923 instrumenta

66 1929 198 1951 conficiendi.

878 254 1024 279 CLEMENS
1044 254 1102 280 vm
1122 256 1172 280 PP.

252 305 325 338 liter
349 304 493 345 intersit,
516 303 603 337 illius
630 303 773 348 priorem
796 308 827 337 et
854 313 996 336 conven-
1033 314 1095 347 que
1116 314 1230 337 eorum
1249 304 1381 346 damno,
1402 310 1552 349 respectu
1575 304 1778 339 differentiae

255 365 334 400 tum,
355 364 410 391 aut
427 358 548 391 ibidem
562 357 732 398 vicarium,
749 357 889 390 aliumve
903 366 1000 399 agen·
1032 356 1204 400 utriusque
1217 357 1404 392 huiusmodi
1419 363 1580 399 monetae,
1593 358 1712 402 deponi
1728 359 1778 392 de-

254 418 318 445 tem
337 422 394 445 seu
408 417 549 454 agentes,
565 411 692 444 etiamsi
710 410 814 444 dictus
828 410 927 443 abbas
944 420 1000 443 seu
1033 410 1141 444 beant:
1174 412 1319 445 volentes
1344 418 1374 446 et
1395 413 1507 446 eadem
1531 413 1723 446 auctoritate
1747 423 1779 446 e-

254 465 562 507 commendatarius,
579 465 835 505 administrator,
858 474 1001 497 reserva·
1016 485 1019 514 ι
1034 464 1110 497 tiam
1128 472 1286 510 perpetuo
1299 472 1477 500 statuentes
1491 467 1579 511 quod
1591 467 1778 501 huiusmodi

254 520 367 561 tarius,
390 519 511 553 aliusve
528 519 727 563 praesidens,
743 518 773 552 S.
790 519 826 552 R.
844 518 877 551 E.
897 517 1001 551 cardi-

254 573 337 607 nalis
357 573 468 614 suerit,
491 578 665 617 propterea
691 572 843 613 adeundi,
874 582 927 612 ac,
946 571 1000 604 ubi

256 628 296 660 ad
309 637 422 660 eorum
437 626 584 660 notitiam
600 626 696 659 etiam
715 624 1002 659 extraiudicialiter

257 681 461 721 deduxerint,
482 691 538 714 seu
559 680 675 713 deduci
692 680 837 721 fecerint,
853 690 886 713 se
901 679 998 720 bona,

258 736 297 768 de
318 735 435 779 quibus
456 734 577 777 agitur,
611 734 791 768 affrancare
812 738 843 767 et
861 733 1002 766 liberare

256 789 357 829 velle,
385 788 425 821 de
452 787 557 832 perito
586 798 643 820 seu
671 787 783 832 peritis
811 787 1000 821 eorumdem

257 844 419 876 bonorum
441 841 703 875 aestimatoribus
724 841 948 882 conveniendi,
967 851 1003 874 ac

258 897 290 930 in
315 902 463 930 eventum
484 895 677 937 discordiae,
700 905 801 928 unum
816 905 873 928 seu
893 895 1003 939 plures

257 951 333 985 hine
353 950 428 984 inde
448 960 507 995 pro
529 949 673 994 qualibet
700 954 791 994 parte
825 948 911 982 circa
941 948 1004 982 hoc

258 1004 462 1050 deputandos
483 1003 690 1044 nominandi,

304 1059 319 1103 ἓ
332 1058 362 1092 5.
375 1058 594 1099 Declarantes,
607 1057 757 1090 abbatem
771 1067 828 1090 seu
842 1066 1005 1090 commen-

260 1112 434 1153 datarium,
455 1116 511 1145 aut
531 1111 847 1151 administratorem,
870 1121 927 1144 seu
952 1120 1003 1143 re-

259 1165 484 1206 servatarium,
508 1164 675 1198 antatium
689 1163 939 1208 praesidentem,
955 1164 1004 1196 vel

262 1220 440 1260 vicarium,
474 1219 614 1252 aliumve
633 1224 781 1261 agentem
801 1229 856 1251 seu
875 1223 1005 1260 agentes

261 1273 460 1318 praedictos,
484 1283 542 1317 pro
569 1283 682 1306 eorum
705 1278 736 1305 et
755 1271 913 1316 praedicti
935 1282 1004 1304 mo-

262 1327 394 1361 nasterii
408 1332 510 1371 parte,
527 1327 567 1360 ad
581 1327 734 1366 similem,
749 1326 844 1359 nnius
857 1325 1007 1359 videlicet

261 1382 309 1414 vel
329 1381 473 1424 plurium
493 1381 674 1424 peritorum
696 1380 954 1413 nominationem
976 1385 1007 1412 et

262 1433 509 1467 conventionem
530 1434 569 1467 de
590 1433 664 1474 illis,
685 1444 756 1466 eum
780 1433 902 1466 eisdem
920 1432 1006 1465 bona

261 1487 429 1532 praedicta
464 1486 606 1531 precarii
640 1497 696 1519 seu
725 1486 927 1529 precariatus
958 1487 1005 1519 vel

263 1541 505 1586 emphytlieusis
536 1540 602 1574 sive
634 1540 768 1573 alterins
791 1540 907 1573 similis
928 1550 1005 1573 con-

263 1600 384 1628 tractus
414 1595 507 1628 titulo
532 1593 789 1637 possidentibus,
825 1593 1006 1626 faciendam

263 1648 382 1689 teneri,
413 1653 442 1681 et
472 1647 645 1682 efficaciter
670 1647 829 1690 obligatos
850 1646 1003 1686 existere,

264 1702 364 1735 immo
386 1701 482 1735 etiam
504 1701 621 1734 invitos
640 1701 679 1734 ad
700 1701 773 1741 hoc,
794 1700 945 1733 omnibus
959 1700 1007 1732 iu-

264 1756 307 1789 ris
329 1762 358 1789 et
378 1755 450 1789 facti
471 1755 624 1789 remediis
645 1753 856 1799 opportunis,
885 1754 956 1797 cogi
978 1759 1008 1787 et

264 1809 414 1854 compelli
435 1819 540 1853 posse,

310 1866 326 1906 Ξ
347 1863 377 1897 6.
402 1864 497 1897 Facta
518 1870 625 1896 autem
652 1863 805 1907 deinceps
831 1863 870 1896 ab
895 1863 1007 1897 buius-

266 1918 353 1951 modi
375 1918 470 1962 periti
486 1918 534 1951 vel
552 1917 664 1961 peritis
681 1917 906 1951 aestimatione
925 1923 955 1950 et
972 1917 1008 1950 il-

264 1971 327 2005 iius
347 1972 514 2012 relationc,
531 1971 689 2015 pecuniae
707 1982 744 2004 ex
764 1971 871 2015 pretio
892 1971 1008 2004 affran-

266 2025 402 2058 cationis
416 2026 469 2069 <ad
485 2036 554 2058 eam
569 2035 653 2069 quae
673 2024 759 2058 dicta
773 2031 819 2058 est
834 2025 1004 2066 rationem,

266 2078 414 2112 videlicet
435 2078 579 2122 quinque
599 2089 659 2122 pro
687 2079 834 2122 quolibet
854 2085 1007 2113 centena-

267 2133 330 2176 rio)
356 2132 594 2177 provenientes,
615 2143 671 2165 seu
691 2133 863 2167 solvendae
884 2134 917 2166 in
938 2144 1008 2167 mo-

266 2190 341 2220 neta
362 2186 544 2227 Mutinensi,
566 2186 591 2219 si
612 2186 697 2220 bona
718 2187 883 2230 praedicta
910 2187 942 2220 in
963 2188 1008 2221 ci-

268 2240 363 2275 vitate
377 2240 551 2274 Mutinensi
565 2240 613 2273 vel
629 2242 714 2273 terrai
734 2241 936 2275 Nonantulae
956 2248 1011 2275 aut

269 2296 299 2329 in
318 2306 429 2329 earum
451 2293 659 2328 comitatibus
680 2299 709 2327 et
730 2294 930 2328 districtibus
950 2295 1010 2329 sita

268 2349 397 2389 suerint,
421 2349 500 2382 alias
520 2348 551 2380 in
574 2350 704 2381 moneta
721 2348 929 2389 Bononiensi,
955 2360 1009 2393 pe-

269 2413 326 2436 nes
346 2403 513 2447 publicum
533 2412 734 2445 campsorcm
750 2412 806 2435 seu
824 2403 1009 2435 nummula—

270 2456 353 2489 rium
386 2456 416 2488 in
450 2455 577 2489 civitate
609 2454 804 2488 Bononiensi
822 2483 828 2496 ,
856 2465 1006 2488 commu-

269 2509 353 2542 niter
383 2508 632 2552 approbandum
662 2519 720 2551 per
749 2507 893 2549 singulos
924 2508 1009 2541 dicta

271 2562 357 2595 bona
374 2561 512 2605 precarii
527 2572 582 2594 seu
597 2560 798 2604 pre‹3·a1·iatus
812 2561 860 2593 vel
875 2561 1008 2605 emphy-

271 2615 393 2649 theusis
421 2615 485 2648 sive
513 2615 646 2648 alterius
681 2614 796 2647 similis
825 2620 1009 2647 contractus

272 2668 365 2702 titulo
386 2668 598 2713 possidentes,
620 2669 741 2713 absque
767 2674 874 2702 tamen
895 2668 1005 2702 cuius-

1034 518 1195 562 pecuniis,
1223 529 1282 563 per
1300 520 1486 563 praedictos
1503 521 1589 554 bona
1612 521 1780 565 praedicta

1034 572 1173 616 precarii
1193 583 1250 605 seu
1269 573 1472 617 precariatus
1496 574 1544 607 vel
1566 574 1780 619 emphytheu-

1035 625 1078 658 sis
1097 625 1164 658 sive
1184 626 1317 659 alterius
1339 626 1453 661 similis
1474 633 1660 662 contractus
1687 628 1780 662 titulo

1034 679 1249 724 possidentes,
1274 680 1335 714 1100
1355 688 1449 725 paeto
1467 682 1591 723 solutis,
1616 693 1652 716 ac
1672 683 1703 716 in
1725 683 1780 716 de-

1035 733 1140 777 posito
1159 733 1380 775 existentibus,
1400 735 1508 768 statim
1534 741 1631 779 atque
1651 735 1711 780 ipsi
1736 736 1777 768 fi-

1037 787 1111 820 dem
1136 788 1184 820 vel
1205 788 1443 822 attestationem
1467 795 1522 822 aut
1542 789 1689 822 cedulam
1709 790 1781 823 talis

1035 842 1205 876 solutionis
1229 847 1260 875 et
1284 842 1422 886 depositi
1448 843 1574 884 abbati,
1602 854 1660 876 seu
1686 854 1778 877 com-

1037 896 1251 937 mendatario,
1278 902 1333 930 aut
1353 896 1622 938 administratori,
1651 908 1706 931 seu
1729 909 1781 932 re-

1037 949 1227 991 servatario,
1245 956 1300 983 ant
1320 950 1411 984 alteri
1432 950 1643 995 praesidenti,
1672 952 1732 993 vel,
1755 952 1781 985 si

1038 1015 1095 1037 sua
1112 1003 1296 1048 specialiter
1313 1003 1451 1046 intersit,
1468 1004 1582 1048 priori,
1600 1011 1629 1038 et
1644 1015 1783 1038 conven-

1039 1058 1095 1099 tui,
1113 1064 1167 1092 aut
1187 1058 1321 1099 vicario,
1336 1069 1392 1091 seu
1410 1059 1529 1102 agenti,
1546 1059 1594 1092 vel
1613 1059 1783 1102 agentibus

1038 1112 1211 1156 praedictis
1232 1112 1452 1153 exhibuerint,
1483 1113 1523 1146 ad
1544 1113 1783 1147 confectionem

1038 1166 1134 1199 unius
1161 1166 1210 1199 vel
1230 1165 1375 1210 plurium
1396 1165 1688 1199 instrumentorum
1718 1179 1781 1212 pu-

1038 1220 1216 1260 blicorum,
1245 1225 1276 1253 et
1299 1230 1397 1264 super
1421 1219 1555 1262 singulis
1581 1220 1785 1255 3111300300-

1039 1273 1134 1306 nibus
1163 1283 1223 1317 pro
1253 1278 1401 1317 tempore
1426 1273 1597 1315 faciendis,
1631 1275 1785 1319 utrinque

1039 1327 1183 1371 procedi,
1208 1338 1245 1360 ac
1265 1327 1296 1359 in
1318 1327 1438 1360 eisdem
1461 1328 1637 1369 clausulae,
1661 1329 1786 1372 obliga·

1040 1381 1155 1421 tiones,
1185 1381 1448 1415 renunciationes
1469 1388 1500 1415 et
1525 1382 1656 1416 decreta
1675 1393 1787 1416 neces-

1040 1434 1123 1466 saria
1148 1440 1179 1467 et
1196 1440 1393 1477 opportuna,
1411 1445 1446 1467 ac
1460 1435 1540 1469 ali-Eis
1556 1436 1651 1469 solita
1666 1442 1787 1470 010011-

1039 1492 1141 1527 sueta,
1155 1486 1275 1530 apponi
1288 1493 1319 1520 et
1332 1487 1481 1520 adhiberi
1496 1488 1632 1532 possint,
1646 1495 1676 1522 et
1689 1490 1785 1523 etiam

1041 1540 1191 1580 debeant,
1208 1540 1373 1585 bonaque,
1387 1541 1425 1575 de
1437 1553 1577 1586 quorum
1593 1542 1787 1577 liberatione

1042 1600 1072 1627 et
1092 1594 1325 1628 atrrancatione
1346 1601 1470 1637 agetur,
1495 1606 1534 1629 eo
1555 1596 1636 1640 ipso,
1657 1597 1788 1630 realiter

1042 1652 1073 1680 et
1098 1648 1138 1680 de
1159 1648 1255 1688 sacto,
1283 1648 1414 1691 penitus
1439 1654 1467 1682 et
1494 1649 1628 1683 omnino
1652 1650 1789 1684 liberata

1043 1707 1072 1734 et
1086 1701 1272 1741 affrancata,
1290 1712 1326 1734 ac
1341 1701 1476 1744 singulis
1491 1702 1575 1736 dicta
1590 1703 1675 1736 bona
1694 1714 1788 1748 prae-

1043 1755 1120 1788 carii
1142 1766 1198 1788 seu
1219 1755 1434 1799 precariatus‚
1459 1757 1505 1789 vel
1532 1757 1785 1801 emphyssmusis,

1042 1808 1107 1842 sive
1128 1809 1262 1842 alterius
1275 1809 1389 1842 similis
1404 1816 1589 1843 contractus
1604 1811 1698 1844 titulo
1716 1823 1789 1855 pos-

1042 1863 1234 1905 sidentibus,
1258 1875 1385 1897 necnon
1404 1875 1516 1898 eorum
1535 1865 1621 1906 filiis,
1638 1866 1789 1900 baeredi-

1043 1918 1113 1958 bus,
1137 1923 1167 1951 et
1188 1917 1430 1951 successoribus
1449 1918 1636 1962 praedictis,
1665 1930 1786 1963 appro-

1042 1972 1157 2016 priata,
1182 1971 1343 2016 applicata
1362 1977 1393 2004 et
1413 1972 1572 2015 acquisita
1592 1972 1655 2006 sint
1675 1979 1704 2006 et
1722 1984 1790 2007 esse

1043 2031 1249 2066 censeantur,
1273 2036 1310 2058 ac
1330 2026 1369 2058 ad
1392 2025 1464 2059 illos
1484 2025 1581 2070 pleno
1602 2026 1672 2059 iure
1692 2037 1787 2071 spec-

1045 2085 1112 2113 tent
1142 2085 1173 2112 et
1196 2079 1392 2124 pertineant.
1422 2079 1452 2113 Si
1479 2086 1585 2113 antem
1618 2080 1717 2114 abbas
1741 2081 1789 2114 vel

1044 2134 1355 2175 commendatarius,
1380 2140 1434 2167 aut
1455 2134 1710 2175 administrator,
1734 2145 1789 2168 seu

1045 2187 1294 2228 reservatarius,
1322 2193 1377 2220 aut
1401 2187 1483 2221 alius
1508 2188 1713 2231 praesidens,
1742 2188 1788 2221 vel

1044 2240 1099 2273 alii
1125 2250 1184 2284 pro
1214 2240 1416 2274 monasterio
1448 2247 1580 2283 agentes
1611 2241 1786 2284 praedicti,

1044 2294 1240 2327 confectioni
1276 2294 1465 2327 huiusmodi
1498 2294 1788 2327 instrumentorum

1044 2347 1250 2389 intervenire,
1275 2358 1311 2381 30
1329 2348 1451 2381 eisdem
1473 2348 1656 2381 consentire
1674 2348 1789 2381 nolue-

1044 2401 1119 2440 rint;
1141 2407 1216 2434 tunc
1236 2407 1268 2435 et
1281 2412 1318 2435 00
1333 2412 1408 2434 casu
1422 2401 1568 2444 singulae
1582 2401 1714 2435 cedulae
1734 2411 1790 2445 pe-

1044 2455 1227 2496 cuniarum,
1248 2466 1307 2499 per
1326 2455 1471 2497 singulos
1497 2455 1580 2487 dicta
1606 2455 1690 2487 bona
1711 2465 1787 2498 pre>-

1044 2508 1121 2541 carii
1153 2509 1202 2542 vel
1236 2508 1438 2552 precariatus
1468 2508 1515 2541 vel
1548 2507 1791 2552 einpliytheusis

1043 2562 1107 2595 sive
1122 2562 1255 2595 alterius
1273 2562 1388 2595 similis
1406 2567 1590 2594 contractus
1612 2562 1703 2594 titulo
1717 2572 1791 2606 pos-

1043 2615 1194 2656 sidentes,
1222 2616 1462 2654 solvendarum‚
1494 2620 1525 2647 et
1552 2620 1587 2646 nt
1615 2625 1713 2658 supra
1737 2615 1791 2647 de-

1042 2669 1281 2714 ponendarum,
1306 2669 1382 2710 vim,
1407 2669 1557 2709 sormam,
1582 2667 1732 2702 effectum
1759 2673 1791 2702 et

1703 244 1745 279 55
1791 254 1840 282 An.
1862 255 1890 283 C.
1910 255 1977 284 1603
