2227 3241
29 276 75 304 An.
91 274 119 301 C.
141 272 207 300 1504

55 600 175 630 Commissio
183 598 209 620 de

30 635 71 658 qua
82 629 102 650 in
117 628 208 649 rubrica.

67 2418 183 2441 Enni-dium.

848 267 993 292 CLEMENS
1012 268 1069 292 Vlll
1091 268 1136 291 Pr.

224 328 296 352 rum
312 317 408 352 etiam
423 317 594 352 haereticis
609 316 754 351 moribus
766 315 965 357 imbuantur,

224 376 257 405 et
269 370 404 405 dubium
417 380 486 405 esse
503 381 544 404 ne
560 370 654 404 simul
677 380 748 403 cum
765 369 847 403 lacte
865 367 966 412 (quod

224 434 290 459 non
310 424 414 459 solum
434 424 465 457 in
480 424 682 467 sanguinem,
700 423 755 456 sed
770 423 801 455 in
817 428 965 455 naturam

223 477 319 522 pueri
339 477 584 522 quodammodo
598 475 809 519 convertitur)
825 474 968 508 haeresis

227 540 359 575 quoque
379 540 540 564 venenum
555 529 697 563 ebibant.

270 585 286 626 ξ
311 583 341 616 2.
367 583 430 618 Nos
451 582 571 627 itaque,
596 592 655 627 pro
679 587 790 616 nostro
815 579 967 626 pastorali

226 646 371 678 munere,
384 636 459 670 huic
473 636 569 678 malo,
578 641 735 680 quantum
748 646 820 669 cum
833 634 968 669 Domino

225 699 409 733 possumus,
433 698 608 722 occurrere
631 688 785 729 volentes,
814 687 966 723 fraterni-

225 742 281 776 tati
310 748 381 776 tuae
401 752 460 787 per
479 740 668 787 praesentes
689 741 922 776 committimus
939 746 970 774 et

226 795 431 837 mandamus,
450 800 485 829 ut
502 795 562 829 sub
577 794 926 829 excommunicationis
940 801 970 828 et

228 847 298 882 aliis
314 848 450 882 arbitrio
472 854 526 882 tuo
547 848 753 893 imponendis
770 848 895 893 poenis,
912 858 969 881 au-

228 901 375 936 ctoritate
395 904 505 936 nostra
525 902 720 946 apostolica,
744 902 775 935 in
797 901 970 946 praedictis

228 955 381 990 Pinerolii
408 961 438 989 et
464 956 651 997 convicinis,
675 955 810 1000 aliisque
831 955 968 999 quibus-

230 1019 371 1053 cumque
391 1009 470 1043 Iocis
490 1014 562 1043 tuae
579 1009 760 1052 legationis,
784 1008 969 1053 prohibeas,

229 1072 270 1096 ne
282 1067 432 1107 parentes
450 1063 660 1106 imposterum
675 1062 759 1096 lilios
776 1062 967 1101 nutricibus,

231 1127 313 1161 quae
334 1127 444 1150 revera
469 1117 623 1150 catolicae
643 1129 710 1152 non
739 1117 801 1150 sint
822 1122 851 1150 et
872 1116 903 1149 in
919 1128 970 1149 ca-

230 1169 425 1204 tholicorum
445 1171 524 1205 locis
552 1182 617 1205 non
643 1173 809 1212 habitent,
840 1171 972 1205 alendos

231 1224 375 1266 tradant,
399 1225 442 1258 ita
463 1231 498 1259 ut
518 1226 678 1259 eiusmodi
700 1226 818 1259 abusus
839 1225 971 1259 omnino

231 1278 386 1312 tollatur:
413 1289 477 1323 qua
497 1279 528 1312 in
554 1290 588 1312 re
613 1290 743 1313 omnem
766 1279 822 1312 abs
845 1284 872 1312 tc
893 1279 968 1312 dili-

230 1334 371 1378 gentiam
400 1334 548 1368 adhiberi
577 1335 737 1380 cupimus.
773 1337 806 1369 ln
839 1341 967 1369 contra-

230 1388 316 1422 rium
337 1388 529 1422 facientibus
543 1399 606 1423 non
622 1390 824 1423 obstantibus
838 1391 971 1434 quibus-

231 1453 381 1487 cumque.

274 1496 389 1531 Datum
414 1498 534 1531 Romae
558 1498 644 1542 apud
668 1504 814 1532 sanctum
843 1499 971 1533 Petrum

231 1551 292 1585 sub
312 1552 432 1585 annulo
464 1551 637 1585 Piscatoris
658 1552 709 1586 die
734 1563 811 1587 xv111
840 1553 968 1587 februa-

231 1605 270 1639 rii
291 1615 400 1648 nnetv,
424 1606 633 1650 pontificatus
653 1607 754 1641 nostri
778 1618 863 1642 anno
883 1619 951 1643 xtu.

267 1669 325 1697 Dat.
347 1669 390 1697 die
412 1670 443 1697 18
462 1669 593 1698 februarii
615 1670 692 1704 1604,
713 1671 808 1706 pontif.
831 1680 873 1699 an.
895 1679 953 1700 xm.

484 1832 714 1886 cccxxxvttl.

233 1929 415 1964 Declaraeio
439 1931 522 1974 quod
543 1931 691 1965 ”zonat-hi
711 1931 974 1976 Cottyreyationis

276 1984 396 2018 Bcctltce
419 1984 547 2018 Mariae
572 1984 731 2018 Patrensis
761 1987 869 2019 suncti
900 1987 973 2020 Ber-

277 2037 377 2070 nardi
404 2036 621 2071 Cz'stcrciensis
646 2038 792 2079 Ordinis,
808 2041 862 2083 qui
878 2040 921 2073 cul
939 2051 975 2071 a-

278 2090 359 2124 lium
392 2091 580 2134 reliqioncm
598 2093 805 2131 transierint,
826 2093 869 2126 ml
893 2104 974 2126 eum-

277 2144 347 2176 dem
378 2144 494 2177 ilerum
519 2155 720 2189 nequaquam
745 2145 860 2190 absque
884 2146 974 2180 Sedis

277 2197 482 2241 Apostoliecte
502 2198 632 2231 licentii}
650 2199 883 2243 rccipz'untm‘¹.

412 2285 566 2317 Clemens
587 2287 679 2328 Papa
696 2287 794 2324 VIII,

354 2341 390 2369 ad
413 2344 586 2376 perpetuam
607 2342 652 2370 rei
672 2343 854 2371 memoriam.

282 2413 342 2446 Pro
367 2418 475 2447 nostro
496 2414 648 2458 pastorali
672 2424 805 2448 munere
823 2415 862 2448 ad
884 2425 920 2448 ea
938 2415 975 2448 ti-

239 2465 352 2500 benter
366 2466 563 2501 intendimus
576 2478 634 2512 per
653 2479 735 2512 quae
751 2468 974 2511 religiosorum

239 2519 339 2563 quieti
360 2526 543 2564 opportune
568 2521 759 2555 consulitur.

275 2600 285 2625 1
310 2598 505 2628 institutionem
532 2601 611 2628 buius
636 2601 851 2637 congregationis
873 2602 931 2630 vide
951 2602 976 2630 in

239 2643 327 2672 Const.
351 2651 422 2672 κων.
443 2645 509 2673 Sixti
527 2646 556 2680 V,
572 2646 739 2682 Retiaiosos,
765 2650 828 2675 tom.
850 2654 908 2681 rut,
930 2656 976 2683 pa-

237 2688 300 2724 gina
314 2690 374 2717 700.

1045 316 1061 358 §
1083 315 1109 348 l.
1134 315 1227 356 Sane,
1243 325 1328 357 cum,
1345 315 1426 349 sicut
1446 315 1642 360 accepimus,
1663 325 1744 350 non-

1000 368 1081 402 nulli
1103 379 1140 402 ex
1158 369 1326 403 monacbis
1340 369 1418 404 olim
1437 369 1469 403 in
1492 369 1744 413 congregatione

1001 422 1142 455 Fuliensi
1157 422 1285 456 Ordinis
1302 424 1403 457 sancti
1418 424 1572 457 Bernardi
1593 424 1742 468 professi,

1001 474 1056 519 qui
1082 486 1118 508 ex
1142 474 1195 509 itta
1217 476 1256 508 ad
1277 476 1353 510 alias
1371 476 1566 519 Religiones,
1591 477 1686 511 etiam
1705 477 1745 510 de

1001 528 1207 573 superiorum
1229 528 1369 571 licentia,
1395 530 1603 572 transierunt,
1626 530 1744 564 iterum

1002 581 1034 615 in
1044 582 1191 616 eamdem
1207 583 1492 626 congregationem
1505 584 1686 618 Fuliensem
1700 594 1745 618 re-

1002 635 1081 669 verti
1095 641 1282 680 procurent,
1300 637 1366 680 qui,
1387 637 1412 670 si
1430 637 1548 671 iterum
1563 638 1746 682 reciperen-

1002 694 1054 722 tur
1079 688 1130 727 (ex
1154 698 1192 721 eo
1213 689 1301 732 quod
1320 694 1409 723 extra
1430 690 1518 723 illam
1537 691 1663 725 diversa
1694 701 1745 725 re-

1003 742 1127 785 gularia
1151 741 1295 776 instituta
1317 748 1348 776 et
1366 743 1524 777 diversam
1539 744 1666 777 vivendi
1682 744 1746 778 sor-

1004 806 1090 829 mam
1114 801 1303 837 servarunt‚
1336 797 1391 831 sed
1420 798 1514 832 etiam
1537 810 1574 833 ex
1593 810 1630 833 eo
1659 800 1747 845 quod

1004 849 1162 891 licentius,
1183 860 1280 894 quam
1299 850 1468 893 religiosos
1491 852 1594 886 dictae
1614 864 1747 897 congre-

1005 902 1143 945 gationis
1174 903 1286 944 decet,
1324 903 1419 937 vitam
1441 905 1619 949 duxerunt)
1648 907 1747 951 ipsius

1006 956 1267 999 congregationis
1292 957 1433 1001 quietem
1461 959 1569 1000 facile,
1596 959 1690 994 sicuti
1716 961 1747 994 in

1006 1009 1075 1043 aliis
1100 1016 1267 1054 expertum
1295 1016 1352 1052 est,
1372 1012 1564 1056 perturbare
1586 1020 1729 1057 possent:

1051 1066 1067 1106 ἓ
1093 1064 1122 1097 2.
1145 1065 1207 1098 Nos
1221 1065 1295 1098 huic
1309 1066 1407 1106 malo,
1427 1072 1583 1110 quantum
1600 1078 1673 1100 cum
1688 1068 1747 1101 Do-

1006 1117 1094 1152 mino
1108 1128 1290 1161 possumus,
1309 1129 1479 1153 occurrere
1493 1120 1645 1162 volentes,
1660 1127 1748 1154 motu

1005 1171 1139 1215 proprio
1168 1177 1199 1204 et
1227 1182 1262 1205 ex
1291 1175 1376 1206 cert-21
1404 1176 1511 1207 nostra
1541 1174 1684 1214 scientia,
1713 1186 1749 1208 ac

1007 1228 1094 1258 mera
1115 1225 1367 1267 deliberatione,
1391 1226 1506 1260 harum
1528 1227 1610 1261 serie
1632 1228 1746 1261 statui-

1008 1290 1078 1313 mus
1092 1286 1123 1314 et
1139 1280 1337 1322 ordinamus,
1356 1291 1410 1314 eos
1428 1281 1596 1323 religiosos
1617 1282 1648 1315 in
1667 1282 1749 1317 dicta

1008 1335 1261 1379 congregatione
1281 1336 1447 1378 hactenus,
1468 1341 1520 1369 aut
1537 1336 1747 1381 imposterum

1008 1392 1181 1435 professos,
1194 1390 1247 1434 qui
1265 1401 1301 1423 cx
1314 1402 1521 1434 quacumque
1535 1395 1640 1429 causa,
1654 1393 1749 1426 etiam

1008 1445 1047 1478 de
1072 1444 1279 1488 superiorum
1306 1445 1446 1486 licentia,
1471 1455 1507 1478 ex
1533 1447 1643 1479 eadem
1669 1447 1749 1480 Con-

1009 1499 1196 1542 gregatione
1221 1498 1261 1531 ad
1286 1499 1381 1532 aliam
1404 1509 1643 1544 quamcumque
1664 1501 1749 1534 Reli-

996 1552 1137 1595 regionem
1159 1553 1313 1586 hactenus
1333 1553 1619 1593 transivei·unt‚vel
1635 1554 1751 1598 impos-

1011 1613 1112 1640 terum
1135 1606 1362 1647 transiverint,
1397 1607 1427 1639 in
1449 1608 1596 1641 eamdem
1620 1618 1751 1651 congre-

1010 1661 1129 1694 tionem
1144 1671 1202 1704 per
1216 1671 1439 1704 quoscumque
1454 1661 1538 1694 illius
1552 1662 1747 1705 superiores,

1009 1720 1063 1748 aut
1080 1714 1175 1748 etiam
1192 1725 1248 1758 per
1267 1715 1444 1759 capitulum
1458 1716 1619 1757 generale,
1634 1716 1750 1750 iterum

1009 1769 1109 1813 recipi
1135 1774 1165 1802 et
1189 1769 1316 1802 admitti
1337 1769 1521 1802 nullatenus
1541 1779 1635 1813 posse
1649 1797 1656 1811 ‚
1691 1770 1751 1804 nisi

1009 1833 1192 1867 expressam
1214 1828 1356 1856 nostram
1382 1828 1412 1856 et
1433 1823 1636 1867 Apostolicac
1661 1824 1752 1858 Sedis

1008 1877 1247 1921 specialemque
1268 1877 1451 1910 facultatem
1474 1878 1513 1910 ad
1544 1888 1656 1911 eorum
1678 1889 1749 1912 ma-

1010 1938 1089 1964 trem
1104 1930 1261 1964 redeundi
1284 1931 1468 1972 habuerint:
1486 1931 1677 1975 irritumque
1699 1933 1753 1966 de-

1008 1985 1171 2019 cernimus
1196 1991 1227 2019 et
1253 1984 1346 2019 inane
1365 1985 1520 2029 quicquid
1545 1996 1635 2019 secus
1656 1997 1753 2031 super

1009 2039 1057 2072 his
1070 2049 1087 2072 a
1102 2049 1278 2084 quoquam,
1296 2038 1407 2082 quavis
1425 2039 1627 2081 auctoritate,
1651 2040 1752 2073 scien-

1010 2100 1057 2127 ter
1078 2094 1125 2127 vel
1144 2093 1343 2135 ignoranter,
1369 2092 1540 2135 contigerit
1560 2094 1719 2127 attentari.

1054 2149 1070 2190 ξ
1088 2147 1118 2180 3.
1147 2148 1216 2180 Non
1235 2147 1436 2180 obstantibus
1456 2148 1621 2191 quibusvis
1635 2148 1751 2182 consti-

1012 2201 1189 2235 tutionibus
1214 2207 1243 2234 et
1270 2201 1530 2234 ordinationibus
1551 2201 1748 2245 apostolicis,

1011 2266 1045 2288 ac
1068 2255 1210 2288 eiusdem
1238 2254 1513 2297 congregationis,
1541 2254 1635 2287 etiam
1659 2255 1748 2288 iura-

1013 2314 1132 2349 mento,
1146 2308 1394 2341 confirmatione
1407 2308 1596 2352 apostolica,
1609 2308 1656 2341 vel
1672 2318 1751 2352 qua-

1013 2362 1059 2395 vis
1070 2361 1222 2395 firmitate
1234 2362 1294 2395 alia
1309 2361 1482 2403 roboratis,
1496 2361 1622 2394 statutis
1637 2367 1667 2395 ct
1682 2371 1754 2395 ron-

1011 2415 1247 2455 suetudinibus,
1273 2415 1447 2459 privilee‘iis
1461 2425 1601 2458 quoque,
1623 2414 1753 2449 indultis

1012 2476 1043 2503 et
1063 2469 1175 2502 litteris
1196 2468 1383 2513 apostolicis
1398 2468 1428 2501 in
1444 2468 1640 2502 contrarium
1660 2479 1753 2512 prac-

1014 2523 1183 2557 missorum
1206 2522 1450 2566 quomodolibet
1478 2521 1648 2562 concessis,
1677 2532 1754 2555 con-

1014 2576 1147 2610 firmatis
1173 2582 1202 2609 et
1223 2576 1422 2620 approbatis,
1451 2575 1649 2619 cacterisspte
1672 2586 1750 2610 con-

1014 2630 1118 2664 trariis
1139 2630 1409 2674 quibuscumque.

1059 2685 1074 2725 §j
1100 2683 1130 2716 4.
1161 2683 1314 2716 Volumus
1340 2688 1446 2716 autem
1474 2689 1507 2716 ut
1533 2683 1750 2727 praesentium

1763 267 1812 294 An.
1825 267 1853 295 C.
1877 268 1944 295 1605,

1787 330 1886 351 Monac-ht
1905 330 1945 351 Fu-

1760 357 1852 380 nenses,
1867 357 1903 383 qui
1918 357 1946 378 ad

1760 384 1813 404 alios
1855 383 1946 404 Ordines

1722 424 1727 429 .
1761 410 1897 432 transierant.
1919 410 1946 430 ad

1760 442 1818 466 suam
1829 436 1946 462 Congrcga-

1760 466 1838 484 tionem
1855 466 1945 484 reverte-

1760 489 1836 511 bantur

1824 1079 1948 1100 Huiusmodi

1765 1112 1883 1131 regressum
1904 1106 1948 1126 t'tnri

1766 1134 1820 1152 tutat
1853 1133 1948 1153 Pontifex

1765 1160 1845 1185 absque
1886 1159 1949 1179 Sectis

1765 1186 1899 1211 Apostolicao
1926 1186 1948 1205 1ι-

1765 1212 1841 1233 contin.

1815 2148 1953 2168 obstantibus

1767 2177 1871 2201 det'vtgmlt.

1809 2673 1953 2697 'l‘t'nnsuntpltss

1767 2702 1824 2723 credi
1841 2702 1906 2723 tubat.
