2227 3241
83 229 134 256 An.
150 227 179 255 C.
197 227 264 255 ¹607

931 226 1050 251 PAULFS
1071 228 1089 250 V
1109 228 1159 251 PP.

282 275 390 316 sectas,
411 281 442 309 et
462 275 698 309 investitionem
717 280 771 308 aut
792 275 1023 319 professionem
1059 275 1215 308 sanctioni
1242 275 1431 309 obedienter
1456 275 1644 319 aquiescant
1663 281 1693 308 et
1710 275 1800 308 satis-

283 329 441 363 eiusmodi
459 335 688 373 promoventes
700 329 748 362 vel
763 328 979 368 admittentes,
994 328 1023 360 in
1061 328 1187 362 faciant.

282 381 331 416 his
355 383 484 427 scriptis
504 389 535 416 et
560 383 778 427 praesentium
807 388 916 416 tenore
938 392 1024 415 com-

283 436 458 477 minamur,
479 447 497 470 a
519 447 580 480 qua
599 436 932 470 excommunicatione
950 445 1027 468 non-

282 489 342 523 nisi
367 500 384 523 a
409 490 502 523 nobis
527 495 581 523 aut
606 495 715 523 nostro
742 489 773 522 in
804 489 1025 533 spiritualibus

282 543 399 577 vicario
419 543 539 577 absolvi
562 543 698 583 valeant,
722 543 853 587 quando
878 543 941 576 lata
963 543 1027 575 sue-

281 596 353 638 rit¹,
377 603 505 641 praeter
530 597 607 630 alias
632 597 814 630 ordinarias
836 607 871 630 ac
890 596 1026 629 arbitra-

281 650 344 684 rias
364 660 485 694 poenas
503 656 589 684 certe
608 651 820 693 infligendas)
839 651 947 683 nullus
967 661 1024 694 po-

281 709 347 737 stea
368 714 406 738 eo
431 705 503 738 loco
524 704 605 747 (ubi,
626 710 737 737 contra
755 714 852 748 quam
871 703 1027 748 praescri-

281 756 405 799 bimus,
429 763 535 791 actum
562 757 679 799 fuerit)
700 757 888 791 investiatur
908 763 962 790 aut
987 757 1026 789 ad

281 810 514 855 professionem
536 810 713 843 faciendam
733 810 937 844 admittatur:
960 820 1027 843 mo-

281 864 399 898 rientes
425 875 566 909 quoque,
591 864 645 908 qui
667 869 857 897 testamenta
875 864 1027 897 condide-

283 917 358 956 rint,
382 928 438 951 seu
459 918 582 962 aliquid
608 917 882 962 praescriptorum
901 918 939 951 de
957 928 1027 951 exe-

282 972 365 1016 quiis
399 978 452 1006 aut
487 972 602 1005 annuis
635 973 741 1005 obitus
777 972 823 1006 sui
862 972 1027 1005 memoriis

282 1025 524 1067 ordinaverint,
559 1031 613 1058 aut
637 1025 860 1070 superioribus
884 1026 932 1059 vel
958 1026 1027 1059 aliis

282 1078 541 1124 quibuscumque
572 1079 742 1124 pecuniam
778 1086 831 1112 aut
865 1079 1026 1123 peculium

282 1133 522 1176 assignaverint,
552 1133 764 1166 ecclesiastica
791 1134 956 1178 priventur
973 1144 1023 1166 se-

282 1187 428 1230 pulturzl:
458 1187 642 1232 superiores
663 1197 739 1220 vero
761 1193 791 1220 et
812 1187 876 1226 alii,
898 1187 951 1231 qui
974 1198 1027 1230 pe-

283 1240 411 1274 cuniam
426 1241 473 1273 vel
492 1240 654 1285 peculium
675 1240 728 1273 tali
749 1241 845 1274 modo
863 1241 1028 1284 exegerint

283 1295 331 1328 vel
358 1295 550 1339 receperint,
579 1301 630 1327 aut
659 1294 918 1328 ordinationibus
943 1294 1023 1327 scri-

283 1348 346 1392 ptis
367 1349 586 1382 consenserint
609 1355 658 1381 aut
683 1348 881 1389 admiserint,
906 1359 922 1380 a
942 1358 1028 1392 prae-

284 1401 397 1435 laturis
412 1408 441 1435 et
455 1402 570 1435 officiis
583 1402 648 1435 suis
661 1403 723 1435 sint
743 1402 900 1446 suspensi,
925 1403 1026 1435 donec

283 1461 536 1498 transgressores
562 1456 601 1489 ad
623 1456 841 1489 obedientiam
869 1456 1023 1495 venerint,

284 1515 312 1542 et
331 1509 425 1543 nobis
442 1520 501 1553 pro
520 1510 700 1543 excessibus
717 1510 782 1543 suis
800 1511 1022 1543 satisfecerint.

372 1563 560 1597 Mandamus
580 1564 715 1607 proinde
738 1564 899 1597 fiscalibus
925 1564 1026 1596 omni-

285 1618 344 1651 bus
369 1624 401 1650 ut
427 1628 539 1651 omnes
565 1618 751 1661 diligentiae
777 1629 811 1651 ac
844 1619 1026 1661 vigilantiae

284 1682 398 1705 nervos
424 1671 610 1711 intendant,
645 1682 684 1704 ne
711 1672 787 1715 quid
821 1672 860 1704 ab
892 1672 936 1704 eis
966 1672 1023 1704 de-

238 1764 244 1768 ,
283 1725 442 1759 sideretur
474 1725 570 1759 offleii
609 1726 638 1758 in
675 1726 820 1759 facienda
853 1726 1024 1769 investiga-

286 1778 371 1812 tione
390 1785 417 1811 et
437 1779 598 1812 delatione
621 1779 805 1813 huiusmodi
825 1790 1023 1812 excessuum.

284 1831 343 1872 Qui
370 1843 408 1865 ne
434 1842 492 1876 per
516 1832 657 1876 aliquam
692 1833 892 1875 ignorantiae
927 1833 1027 1865 rimu-

286 1885 348 1919 lam
370 1886 477 1919 denuo
503 1885 578 1918 alibi
612 1886 776 1930 irrepant,
805 1893 857 1919 aut
884 1886 1026 1925 inolitae,

285 1940 430 1981 vitiosae,
457 1945 485 1973 et
514 1946 684 1984 corruptae
710 1940 953 1973 consuetudinis
979 1940 1025 1973 ia-

286 2004 383 2027 nuam
406 1994 512 2037 palam
540 1993 771 2036 ingrediantur,
795 1994 953 2032 volumus,
982 2001 1025 2032 ut,

287 2048 553 2092 quotiescumque
587 2048 704 2092 aliquis
735 2048 950 2081 investiendus
976 2055 1030 2081 aut

287 2101 520 2145 professionem
547 2102 691 2135 editurus
718 2108 784 2138 est,
815 2102 891 2134 haec
921 2108 1030 2135 nostra

288 2155 474 2189 constitutio
516 2156 545 2188 in
590 2156 841 2198 congregatione
885 2156 1029 2189 omnium

290 2209 379 2242 istius
397 2209 581 2242 monasterii
604 2210 820 2252 professorum
844 2209 970 2253 publice
994 2210 1032 2242 le-

289 2269 383 2304 gatur
407 2273 471 2295 uno
505 2272 613 2295 mense
640 2268 712 2295 antev
739 2262 974 2295 investitionem
1003 2269 1031 2296 et

288 2316 534 2360 professionem,
563 2317 741 2360 eademque
767 2327 823 2360 per
848 2317 1032 2361 superiores

290 2369 476 2403 monasterii
503 2370 688 2414 plenissime
716 2370 891 2413 explicetur
917 2381 1031 2413 paren-

291 2424 374 2457 tibus
412 2430 441 2457 et
479 2424 590 2456 amic-is
628 2423 898 2456 investiendorum
937 2430 1032 2466 atque

290 2477 520 2520 professionem
547 2478 772 2514 editurorum,
803 2487 920 2520 eosque
953 2488 1029 2519 pro-

292 2537 439 2564 moveant
467 2538 501 2564 ut
519 2531 670 2564 omnibns
689 2531 791 2563 modis
814 2531 886 2562 bui(-
907 2536 1033 2563 nostrae

328 2604 338 2628 t
363 2602 482 2630 Eri-enee
508 2604 574 2630 edit.
606 2603 687 2629 Μαίη.
717 2603 796 2628 babet
823 2604 898 2629 latae
923 2602 1035 2635 fuerim

292 2649 329 2681 (a.
348 2654 395 2676 T.

1149 382 1368 426 Praecipimus
1394 389 1565 427 propterea
1588 383 1802 416 visitatoribus

1060 441 1090 468 et
1116 437 1296 469 rectoribus
1322 438 1491 475 omnibus,
1519 444 1551 470 ut
1574 438 1720 470 eamdem
1747 447 1803 481 per

1060 490 1203 532 sing-utos
1217 491 1368 524 articulos
1385 492 1414 524 in
1434 492 1521 524 omni
1535 491 1715 525 visitatione
1736 494 1803 532 sua,

1061 549 1088 575 et
1115 544 1202 583 alias,
1231 544 1498 589 quotiescumque
1519 545 1690 585 videbitur,
1719 545 1800 587 vigi-

1061 596 1236 630 lantissime
1262 597 1442 642 inquirant,
1475 599 1658 632 examinent
1683 604 1712 632 et
1738 598 1804 631 vin-

1061 649 1179 683 dicent.

1150 704 1284 748 Insuper
1302 705 1396 746 (cum
1418 705 1458 738 ob
1480 715 1590 747 graves
1613 716 1724 739 causas
1745 706 1805 738 fre·

1061 762 1197 801 quenter
1214 757 1401 790 mandatum
1417 758 1467 797 sit,
1489 763 1522 791 ut
1541 758 1716 801 virginibus
1734 769 1805 791 san-

1062 811 1313 851 ctimonialibus,
1343 818 1470 855 praeter
1500 813 1699 846 ordinarium
1728 824 1804 846 con-

1061 866 1240 907 fessarium,
1266 867 1312 899 bis
1337 873 1388 899 aut
1413 873 1459 900 ter
1485 867 1514 899 in
1542 878 1626 900 anno
1647 867 1726 901 alius
1752 878 1804 900 ex-

1064 921 1297 954 traordinarius
1323 921 1537 954 confessarius
1563 921 1726 960 offeratur,
1750 922 1804 965 qui

1062 974 1207 1008 omnium
1227 975 1444 1008 confessiones
1470 975 1582 1008 audire
1608 975 1751 1011 deberet„
1777 982 1806 1007 et

1062 1029 1180 1062 nedum
1203 1029 1278 1061 satis
1304 1039 1362 1071 pro
1383 1028 1574 1061 afflictarum
1597 1029 1807 1062 conscientia-

1061 1093 1132 1116 rum
1154 1083 1374 1116 consolatione
1400 1093 1436 1116 ea
1454 1093 1503 1116 res
1526 1083 1556 1115 in
1576 1094 1666 1115 usum
1687 1083 1806 1126 ubique

1063 1137 1204 1172 venerit„
1239 1136 1315 1179 quin
1351 1137 1489 1180 supersit
1525 1139 1624 1169 iustae
1656 1137 1807 1180 querelae

1063 1191 1165 1234 locus)
1176 1191 1234 1223 sub
1251 1193 1353 1234 poena
1368 1190 1709 1224 excommunicationis
1724 1201 1809 1223 man-

1061 1245 1176 1278 damus
1188 1244 1338 1277 omnibus
1352 1244 1532 1285 abbatibus,
1547 1244 1708 1288 praelatis,
1721 1255 1808 1288 prac-

1062 1298 1195 1341 positis,
1220 1297 1409 1337 rectoribus,
1439 1297 1652 1337 eonfessariis,
1683 1307 1808 1330 monas—

1043 1351 1218 1383 ,terior-im
1246 1350 1433 1394 praefectis,
1465 1351 1502 1383 ad
1530 1361 1610 1394 quos
1636 1350 1713 1383 baec
1732 1361 1808 1383 cura

1062 1404 1170 1448 aliquo
1198 1404 1294 1436 modo
1329 1404 1491 1447 pertinere
1525 1403 1746 1446 dignoscitur,
1776 1410 1809 1435 ut

1062 1458 1235 1502 quotannis
1261 1458 1561 1491 sanctimonialibus
1586 1458 1661 1497 suis,
1688 1458 1734 1491 bis
1756 1464 1808 1490 aut

1063 1516 1122 1551 ter,
1152 1511 1292 1555 aliquem
1320 1522 1336 1543 a
1362 1511 1455 1543 nobis
1481 1518 1533 1543 aut
1559 1517 1670 1543 nostro
1693 1511 1722 1543 in
1744 1511 1807 1554 spi-

1062 1565 1230 1597 ritualibus
1258 1564 1374 1597 vicario
1400 1564 1614 1608 approbatum
1642 1564 1805 1597 confessa-

1062 1619 1144 1651 rium
1171 1618 1486 1656 extraordinarium,
1511 1618 1574 1650 sive
1609 1618 1807 1651 saecularem

1062 1672 1126 1704 sive
1140 1671 1334 1714 regularem,
1350 1671 1496 1712 offerant,
1507 1672 1560 1715 qui
1575 1672 1719 1705 omnium
1735 1681 1810 1705 con-

1063 1725 1216 1758 fessiones
1246 1725 1377 1761 audiat,
1410 1725 1563 1758 nimirum
1592 1725 1622 1771 31¹¹
1649 1725 1809 1769 principio

1063 1779 1351 1821 Qtiadtvagesime,
1377 1779 1416 1811 ad
1435 1779 1552 1812 festum
1576 1779 1810 1823 Assumptionis

1064 1832 1176 1865 beatae
1204 1832 1318 1865 Mariae
1345 1832 1502 1874 Virginis,
1531 1839 1560 1865 et
1586 1833 1670 1866 circa
1697 1833 1809 1866 festum

1064 1886 1209 1919 omnium
1229 1886 1432 1925 Sanctorum,
1451 1897 1506 1920 seu
1528 1887 1558 1919 in
1580 1887 1740 1931 principio
1754 1888 1812 1921 Ad-

1065 1946 1175 1973 ventus
1195 1940 1334 1980 Domini7
1358 1946 1410 1973 aut
1429 1940 1498 1973 aliis
1521 1941 1722 1984 temporibus
1745 1951 1810 1973 ma-

1065 1994 1111 2036 gis
1136 1994 1341 2038 opportunis:

1153 2049 1205 2089 Et,
1227 2054 1261 2081 ut
1279 2049 1372 2082 nobis
1391 2055 1513 2082 constet
1535 2049 1666 2093 quinam
1690 2056 1717 2081 et
1737 2060 1812 2093 qua<

1067 2103 1109 2134 les
1136 2101 1183 2134 isti
1210 2102 1456 2135 extraordinarii
1478 2103 1664 2135 confessarii
1686 2103 1759 2143 sim,
1781 2109 1811 2134 ct

1067 2166 1105 2187 ne
1132 2155 1247 2188 iniusta
1275 2155 1343 2188 sieri
1376 2155 1475 2199 possit
1503 2162 1614 2188 contra
1640 2165 1808 2199 personam

1067 2208 1222 2252 exceptio,
1249 2208 1443 2241 tenebuntur
1461 2209 1577 2251 singuli
1601 2209 1810 2241 monasterio-

1068 2273 1137 2294 rum
1157 2263 1301 2306 praelati,
1323 2263 1475 2306 praefecti
1497 2269 1552 2295 aut
1570 2268 1710 2295 rectores
1732 2263 1810 2305 (qui-

1069 2317 1126 2349 bus
1140 2317 1295 2349 incumbit
1311 2317 1494 2349 huiusmodi
1511 2316 1741 2349 confessarium
1755 2326 1809 2347 no-

1069 2370 1214 2404 minare)
1248 2381 1339 2403 suum
1375 2377 1402 2404 et
1437 2369 1621 2403 confessarii
1655 2369 1809 2402 ordinarii

1069 2430 1163 2467 atque
1196 2424 1461 2457 extraordinarii¹
1496 2434 1612 2456 nomen
1641 2423 1732 2455 nobis
1758 2430 1810 2455 aut

1070 2483 1179 2509 nostro
1202 2477 1230 2509 in
1253 2477 1473 2520 spiritualibus
1500 2477 1617 2509 vicario
1640 2476 1811 2519 quotannis

1108 2559 1115 2582 l
1142 2558 1232 2584 (mitia
1247 2558 1414 2585 Christiana
1433 2558 1481 2583 loc.
1505 2558 1548 2583 cit.
1572 2557 1668 2582 babet:
1691 2564 1808 2583 suornm

1070 2603 1240 2636 confessarii
1269 2603 1421 2629 ordinarit
1450 2606 1474 2629 el
1504 2603 1739 2629 exirccoru't'nnrit'
1760 2610 1809 2627 rto—

1072 2655 1134 2673 men
1152 2655 1190 2681 „tn
1208 2648 1254 2681 T.).

1701 217 1764 250 427
1811 226 1860 252 An.
1882 225 1909 253 C.
1933 225 1998 253 1607
