2227 3241
52 238 99 264 An.
113 237 141 263 C.
163 235 230 263 1604

854 232 1000 256 CLEMENS
1020 232 1077 256 vul
1100 232 1144 255 Pr.

250 282 336 316 cium
349 285 511 322 evocetur,
523 291 580 314 seu
592 291 632 314 ne
646 280 768 313 iudices
782 289 799 312 a
809 278 891 313 Sede
902 289 994 323 prae-

250 335 335 368 dicta
348 333 493 378 deputati
507 339 619 368 contra
636 343 860 378 quoscumque
880 342 994 376 proce-

250 389 397 429 dere‚aut
409 388 462 421 alii
473 388 521 421 vel
531 388 602 421 aliis
612 387 695 421 vices
706 398 778 420 suas
790 386 994 419 committere

250 447 470 486 praesumant,
491 446 522 474 et
538 440 570 474 in
589 440 726 474 concilio
743 439 887 483 generali
909 438 994 472 edita

252 496 292 529 de
315 495 442 529 duabus
469 494 563 528 dietis
578 521 585 535 ,
610 494 790 527 dummodo
820 493 905 526 ultra
930 496 994 525 tres

251 549 353 582 dietas
366 548 483 592 aliquis
500 547 692 581 auctoritate
711 545 932 591 praesentium
953 545 993 578 ad

251 601 406 635 iudicium
420 611 486 634 non
504 600 662 642 trahatur,
683 600 819 644 aliisque
837 598 994 632 constitu-

253 654 395 688 tionibus
408 659 439 688 et
451 653 712 687 ordinationibus
726 648 922 698 apostoliciS,
935 662 994 685 nec

251 719 317 742 non
334 708 499 752 prioratus
516 713 547 741 et
570 707 727 742 Ordinum
751 706 993 751 praedictorum

252 773 290 795 ac
310 761 583 794 monasteriorum
597 788 604 800 ,
628 771 646 793 a
665 760 783 804 quibus
803 759 880 793 dicti
901 759 991 803 prio-

252 819 340 847 ratus
360 813 564 858 dependent,
585 813 791 853 iuramento,
813 812 991 846 confirma-

254 867 342 901 tione
365 867 542 911 apostolica
563 867 610 900 vel
632 867 742 910 quavis
762 866 916 899 firmitate
934 865 994 898 alia

252 920 425 961 roboratis,
437 919 575 959 statutis,
585 925 615 953 et
627 918 996 962 consuetudiniluispri-

253 972 377 1016 vilegiis
391 983 534 1017 quoque,
552 973 684 1006 indultis
698 979 728 1006 et
741 972 856 1005 litteris
869 977 997 1016 aposto-

254 1026 335 1067 licis,
348 1025 410 1059 illis
420 1036 601 1070 eorumque
614 1025 838 1069 superioribus
848 1030 879 1058 et
891 1034 997 1068 perso-

253 1078 303 1112 nis
323 1089 382 1122 per
402 1089 627 1123 quoscumque
644 1079 807 1112 Romanos
824 1077 997 1111 Pontifices

253 1132 520 1176 praedecessores
540 1137 667 1166 nostros
687 1143 724 1165 ac
744 1142 802 1165 nos
822 1138 853 1164 et
881 1131 996 1165 Sedem

254 1185 466 1229 praedictam,
478 1185 538 1218 sub
552 1185 813 1228 quibuscumque
832 1184 998 1217 tenoribus

254 1244 285 1272 et
304 1238 426 1279 formis,
449 1248 486 1271 ac
504 1248 577 1271 cum
599 1237 765 1282 quibusvis
785 1237 881 1271 etiam
903 1238 998 1271 dero-

255 1292 454 1335 gatoriarum
475 1291 702 1334 derogatoriis,
727 1291 863 1335 aliisque
884 1292 994 1325 effica-

255 1347 417 1387 cioribus,
441 1346 674 1380 efficacissimis·
695 1352 725 1379 et
746 1346 884 1379 insolitis
905 1347 995 1379 clau-

255 1400 333 1434 sulis
347 1399 549 1433 irritantibus
563 1410 706 1443 quoque,
723 1405 754 1432 et
767 1400 838 1433 aliis
852 1400 999 1437 decretis,

255 1453 505 1498 quomodolibet
522 1453 694 1494 concessis,
712 1453 900 1497 approbatis
921 1459 951 1487 et
967 1464 1001 1500 e·-

256 1507 333 1540 tiam
365 1506 488 1540 iteratis
517 1506 639 1540 vicibus
669 1506 827 1540 innovatis
842 1518 849 1547 ;
881 1507 998 1550 quibus

255 1560 407 1594 omnibus
424 1565 455 1593 et
475 1560 620 1602 singulis,
638 1560 764 1593 etiamsi
785 1570 845 1604 pro
866 1560 996 1593 illorum

255 1614 428 1648 sufficienti
451 1614 661 1657 derogatione
679 1615 717 1647 de
735 1614 798 1647 illis
818 1624 998 1658 eorumque

258 1667 330 1701 totis
351 1667 518 1701 tenoribus
548 1667 713 1711 specialis,
740 1667 913 1711 specifica,
939 1678 995 1701 ex-

255 1731 366 1765 pressa
375 1726 407 1754 et
417 1720 584 1754 individua
594 1731 631 1754 ac
643 1721 682 1754 de
692 1721 790 1753 verbo
802 1721 841 1753 ad
854 1720 998 1758 verbum,

256 1784 321 1807 non
342 1779 449 1807 autem
470 1784 529 1818 per
549 1774 709 1807 clausulas
722 1774 888 1816 generales
912 1774 997 1807 idem

257 1828 483 1871 importantes‚
500 1827 623 1861 mentio
647 1838 703 1860 seu
725 1827 855 1871 quaevis
873 1827 934 1862 alia
948 1837 999 1860 ex-

257 1880 381 1924 pressio
400 1880 560 1921 habenda,
574 1886 629 1914 aut
647 1880 755 1924 aliqua
767 1880 829 1913 alia
843 1880 998 1924 exquisita

256 1935 363 1968 forma
377 1934 416 1967 ad
430 1933 492 1967 hoc
504 1934 661 1967 servanda
681 1934 775 1975 soret,
792 1934 855 1968 illis
872 1934 950 1968 alias
968 1934 998 1967 in

256 1998 315 2021 suo
329 1987 449 2021 robore
466 1987 698 2031 permansuris,
716 1988 776 2021 bac
789 1987 857 2021 vice
875 1988 999 2021 dumta-

256 2047 309 2075 xat
322 2041 436 2074 harum
454 2040 537 2074 serie
549 2041 734 2085 specialiter
745 2046 776 2074 et
789 2052 937 2085 expresse
950 2042 1000 2075 de-

257 2105 420 2137 rogamus,
442 2093 657 2137 caeterisque¹
679 2095 851 2128 contrariis
868 2095 1000 2138 quibus-

257 2157 407 2191 cumque:
420 2146 509 2180 autsi
520 2146 644 2191 aliqui',
655 2157 752 2190 super
762 2147 1000 2190 provisionibus

257 2211 313 2234 seu
334 2199 537 2233 commendis
557 2199 618 2233 sibi
639 2199 794 2233 faciendis
816 2201 856 2233 de
873 2201 1000 2244 priora-

259 2253 343 2287 tibus
356 2264 394 2287 ac
406 2253 606 2294 huiusmodi,
623 2253 790 2297 speciales,
807 2255 855 2286 vel
869 2254 939 2288 aliis
951 2254 1002 2288 be·

257 2306 381 2340 neficiis
398 2306 623 2340 ecclesiasticis
641 2306 674 2339 in
692 2306 754 2340 illis
772 2307 927 2351 partibus,
947 2318 1001 2350 ge-

257 2360 383 2394 nerales
396 2360 502 2394 dictae
515 2359 607 2394 Sedis
621 2360 669 2393 vel
684 2360 864 2403 legatorum
879 2360 947 2394 eius
964 2361 1001 2394 li-

295 2507 305 2531 1
328 2505 425 2533 Vocem
446 2506 641 2541 caeterisque,
662 2514 733 2541 quae
752 2505 779 2532 in
800 2506 915 2541 utrzlque
935 2505 999 2533 edit.

259 2548 345 2582 deest,
366 2557 414 2576 nos
433 2549 572 2583 addimus,
594 2550 634 2577 vel
656 2549 689 2577 ad
710 2550 802 2577 minus
823 2549 955 2585 particula
975 2553 1001 2578 el

259 2592 409 2628 supplenda
422 2593 492 2621 foret
507 2594 542 2628 (a.
558 2594 607 2629 τ.).

294 2637 312 2665 2
326 2637 436 2674 Nempe:
452 2646 510 2666 non
526 2638 652 2668 obstante
667 2639 754 2668 etiam
769 2638 795 2667 si
809 2639 905 2675 aliqui
920 2641 972 2666 etc.

1028 285 1111 313 teras
1125 279 1340 324 impetrarint,
1357 279 1481 313 etiamsi
1496 289 1554 323 per
1567 289 1619 312 eas
1633 278 1672 312 ad
1687 279 1768 311 inhi-

1028 332 1197 373 bitionem,
1214 333 1464 367 reservationem
1481 338 1509 365 et
1525 333 1704 372 decretum,
1721 333 1768 364 vel

1027 386 1104 419 alias
1125 387 1371 430 quomodolibet
1397 386 1435 419 sit
1461 395 1666 429 processuum
1690 395 1769 428 quas

1027 440 1159 484 quidem
1188 440 1296 474 literas
1317 446 1347 473 ct
1368 450 1539 484 processus
1565 439 1692 472 habitos
1712 449 1770 482 per

1028 493 1169 534 easdem,
1183 499 1213 526 et
1231 493 1305 527 inde
1320 499 1456 537 sequuta
1476 502 1713 537 quaecumque,
1730 493 1770 525 ad

1028 545 1180 579 ecclesias
1200 556 1257 579 seu
1276 546 1414 590 capellas
1432 551 1461 579 et
1482 545 1645 589 prioratus
1659 544 1769 578 huius-

1029 599 1116 632 modi
1137 599 1286 632 volumus
1312 610 1377 633 non
1399 599 1543 639 extendi,
1568 599 1623 632 scd
1644 599 1769 632 nullum

1027 663 1085 696 per
1098 652 1159 686 hoc
1173 652 1228 693 eis,
1251 653 1357 696 quoad
1371 652 1632 696 assequutionem
1646 652 1771 695 priora-

1029 712 1119 740 tuum
1137 706 1185 739 vel
1199 705 1432 739 beneficiorum
1447 706 1595 745 aliorum,
1613 705 1771 749 praeiudi-

1029 759 1114 792 cium
1133 758 1294 801 generari3
1315 764 1345 792 et
1364 758 1563 802 quibuslibet
1583 758 1654 791 aliis
1674 758 1770 802 privi-

1029 811 1151 855 legiis¹,
1172 812 1382 855 indulgentiis
1400 817 1431 845 et
1450 812 1566 845 litteris
1586 811 1771 856 apostolicis

1028 865 1222 910 specialibus
1238 866 1286 899 vel
1307 865 1523 908 generalibus,
1540 875 1772 908 quorumcum-

1030 929 1092 963 que
1119 924 1267 952 tenorum
1298 919 1455 959 existant,
1483 929 1541 962 per
1566 928 1648 962 quae
1673 927 1769 961 prae-

1030 972 1174 1005 sentibus
1191 982 1257 1005 non
1278 980 1447 1016 expressa,
1477 973 1525 1005 vel
1547 971 1687 1004 totaliter
1707 981 1772 1003 non

1031 1025 1171 1065 inserta,
1199 1025 1332 1059 effectus
1356 1035 1469 1059 earum
1497 1024 1647 1068 impediri
1672 1024 1775 1057 valeat

1031 1079 1278 1123 quomodolibet
1299 1079 1346 1111 vel
1372 1078 1492 1111 differri
1509 1106 1516 1119 ,
1542 1083 1571 1111 et
1593 1078 1632 1110 de
1658 1077 1775 1120 quibus

1031 1144 1239 1176 quorumque
1262 1132 1335 1165 totis
1358 1132 1524 1165 tenoribus
1552 1132 1592 1164 de
1618 1131 1715 1164 verbo
1736 1132 1775 1164 ad

1031 1186 1165 1220 verbum
1179 1185 1328 1219 habenda
1342 1185 1381 1218 sit
1395 1185 1425 1218 in
1440 1185 1558 1218 nostris
1573 1185 1672 1218 literis
1687 1195 1775 1217 men-

1034 1240 1076 1273 tio
1097 1239 1255 1284 specialis.
1281 1239 1411 1272 Proviso
1436 1239 1523 1282 quod
1544 1238 1699 1271 ecclcsiae
1719 1249 1775 1271 seu

1033 1296 1175 1340 capellae
1200 1301 1230 1329 et
1256 1295 1419 1339 prioratus
1445 1293 1632 1327 huiusmodi
1658 1294 1775 1327 debitis

1033 1356 1205 1395 propterea
1226 1360 1291 1382 non
1313 1349 1504 1381 fraudentur
1524 1348 1698 1392 obsequiis7
1720 1349 1775 1381 sed

1033 1414 1146 1437 eorum
1166 1413 1308 1446 congrue
1326 1408 1560 1446 supportentur
1580 1412 1679 1435 onera
1700 1412 1774 1434 con-

1033 1463 1135 1490 sueta.

1078 1513 1094 1554 g
1111 1510 1140 1543 7.
1157 1510 1241 1544 Nulli
1256 1520 1333 1552 ergo
1348 1509 1482 1542 omnino
1497 1508 1665 1542 hominum
1681 1509 1773 1542 liceat

1033 1565 1116 1597 hanc
1146 1563 1298 1608 paginam
1332 1568 1516 1596 nostrorum
1550 1562 1772 1601 absolutionis,

1032 1617 1280 1662 suppressionis,
1298 1616 1512 1655 extinctionis,
1529 1616 1713 1657 erectionis,
1727 1616 1775 1648 in-

1033 1672 1220 1713 stitutionis,
1243 1671 1384 1711 unionis,
1402 1670 1602 1710 annexionis,
1625 1670 1776 1714 incorpo-

1033 1726 1186 1766 rationis,
1208 1724 1434 1770 applicationis
1449 1751 1456 1765 ,
1477 1724 1774 1768 appropriafionis,

1034 1779 1174 1819 decreti,
1195 1778 1350 1819 mandati,
1374 1777 1594 1821 derogationis
1615 1783 1645 1810 et
1665 1778 1778 1810 volun-

1036 1833 1105 1867 tatis
1119 1832 1365 1876 i11f1'ingere,x'el
1380 1832 1409 1865 ei
1427 1842 1506 1864 ausu
1523 1831 1693 1864 temerario
1706 1841 1778 1864 con-

1035 1887 1143 1920 traire.
1167 1886 1198 1920 Si
1219 1886 1291 1930 quis
1312 1891 1418 1918 autem
1440 1885 1502 1918 hoc
1516 1889 1674 1917 attentare
1687 1895 1777 1928 prae-

1034 1939 1229 1984 sumpserit,
1257 1938 1514 1981 indignationem
1544 1937 1776 1981 omnipotentis

1034 1993 1089 2027 Dei
1109 2004 1145 2026 ac
1165 1993 1335 2026 beatorum
1354 1991 1436 2025 Petri
1456 1997 1487 2024 et
1506 1991 1595 2024 Pauli
1616 1991 1776 2034 apostolo-

1035 2058 1106 2081 rum
1128 2047 1196 2080 eius
1212 2057 1246 2080 se
1266 2046 1391 2079 noverit
1412 2045 1629 2078 incursurum.

1078 2102 1191 2135 Datum
1212 2101 1333 2133 Romae
1359 2099 1444 2143 apud
1469 2104 1616 2131 sanctum
1644 2099 1774 2131 Petrum

1035 2164 1120 2187 anno
1139 2153 1372 2187 Incarnationis
1396 2152 1583 2186 Dominicae
1605 2152 1776 2185 millesimo

1035 2207 1266 2241 sexcentesimo
1286 2211 1412 2250 quarto,
1434 2216 1499 2239 xvii
1518 2206 1667 2238 calendas
1693 2205 1772 2245 iulii,

1036 2260 1242 2305 pontificatus
1260 2259 1361 2292 nostri
1376 2269 1461 2292 anno
1480 2269 1550 2293 xiii.

1071 2322 1127 2350 Dat.
1150 2322 1193 2350 die
1212 2322 1246 2349 15
1266 2321 1331 2348 iunii
1348 2321 1424 2355 1604,
1443 2320 1535 2356 pontis.
1552 2329 1595 2348 an,
1614 2327 1668 2347 xm.

1072 2551 1082 2576 1
1106 2549 1217 2584 Nempe:
1230 2549 1327 2576 iterum
1340 2557 1397 2575 non
1413 2548 1589 2576 obstantibus
1605 2547 1776 2583 quibuslibet

1034 2594 1101 2622 aliis
1114 2594 1286 2628 privilegiis,
1302 2593 1495 2628 z'mlulyenciis
1509 2595 1535 2621 et
1551 2592 1655 2621 litteris
1668 2595 1776 2628 aposto-

1035 2638 1096 2666 licis
1116 2642 1169 2666 etc.
1185 2639 1224 2673 (a.
1242 2638 1290 2672 τ.).

1692 220 1733 255 87
1782 229 1874 256 Αι].(“..
1900 228 1966 256 1604

1804 1516 1913 1535 Ctausuiae
1925 1519 1973 1540 po?—

1789 1543 1855 1564 uales.
