2227 3241
58 237 108 264 An.
129 236 157 263 C.
177 236 243 263 1608

90 2421 157 2442 Etiam
173 2422 241 2443 matri-

60 2448 169 2469 moniales.

901 235 1017 257 t'At'tJ'S

254 293 363 317 sacros
384 283 526 322 ordines,
551 282 717 325 quibusvis
739 282 839 314 tribus
861 281 1020 314 domini-¹

255 336 299 369 cis
331 337 379 369 vel
413 336 484 368 aliis
516 336 603 368 festis
628 335 764 375 diebus,
793 335 887 367 etiam
913 340 1001 367 extra

255 396 403 433 tempora
431 400 449 422 a
475 389 545 422 iure
570 394 708 428 statuta;
742 399 778 421 ae
804 388 899 421 ctiam
928 388 999 431 qui-

254 442 361 475 busvis
371 442 535 475 aliisiuxta
548 441 719 475 canonicas
733 441 916 474 sanctiones
927 451 1001 484 qua-

255 495 382 529 lificatis
415 505 525 528 earum
552 494 717 527 civitatum
744 500 775 527 ct
800 494 996 534 dioecesum,

255 549 286 581 in
308 548 425 592 quibus
451 547 572 581 similes
598 546 755 580 antistites
780 557 845 579 non
866 546 996 586 suerint,

255 608 289 635 ut
313 601 432 645 pariter
464 611 481 634 a
506 610 713 644 quocumque
746 600 808 633 alio
840 599 1018 639 voluerint¹

255 654 414 688 catholico
428 654 567 687 antistite
588 653 728 686 clericali
748 648 936 686 charactere
958 653 1001 685 in<
1018 661 1019 666 ¹

255 708 376 750 signiri,
390 714 421 740 et
438 708 477 740 ad
492 717 603 740 omnes
622 706 718 739 etiam
745 716 852 739 sacros
878 712 907 739 ct
928 716 1000 749 pre·
1018 719 1019 740 z

255 762 432 805 sbyteratus
453 760 637 800 ordines‚ut
652 759 842 803 praefertur,
864 770 997 803 promo-
1017 772 1019 786 τ

254 814 344 855 veri,
373 819 403 847 et
432 813 463 846 in
492 813 554 846 illis
583 813 628 845 sic
662 812 803 856 promoti
846 812 941 845 etiam
968 812 1019 856 ini

256 866 364 900 altaris
389 865 569 898 ministerio
591 864 774 898 ministrare
799 864 932 908 possint,
956 865 996 897 li-

256 919 394 953 centiam
421 918 599 952 tribuendi:
624 918 757 961 insuper
778 928 850 950 cum
876 918 1000 961 patien-

257 972 342 1006 tibus
362 973 522 1006 desectum
545 972 703 1005 natalium
730 971 768 1014 (si
791 970 1001 1004 consideratis

257 1025 429 1068 diligenter
453 1025 703 1058 circumstantiis
724 1024 898 1065 universis,
919 1034 1001 1067 quae

257 1079 336 1112 citra
356 1079 565 1112 idoneitatem
586 1088 800 1123 personarum
818 1077 939 1110 suerint
959 1082 1002 1110 at-

259 1131 472 1173 ten(lendae¹,
496 1137 527 1165 et
550 1132 576 1165 si
601 1137 755 1176 paternae
781 1142 846 1165 non
872 1131 932 1164 sint
955 1131 1001 1164 in-

258 1186 476 1220 continentiae
503 1186 692 1225 imitatores,
720 1187 774 1219 scd
801 1186 905 1219 bonae
925 1196 1000 1219 con-

260 1239 450 1274 versationis
480 1247 510 1273 et
542 1240 643 1280 vitae,
668 1240 794 1284 aliaque
821 1240 865 1273 eis
887 1240 1019 1289 merita}

257 1293 475 1336 suffragentur
506 1293 545 1327 ad
581 1293 828 1337 dispensationis
863 1293 1018 1336 gratiam'

257 1346 494 1390 obtinendam),
512 1358 583 1380 cum
599 1356 737 1390 corpore
762 1347 876 1380 vitiatis
895 1347 1001 1389 (dum-

258 1401 355 1434 modo
391 1406 477 1434 tanta
510 1411 574 1433 non
607 1401 647 1433 sit
678 1400 887 1440 deformitas,
919 1411 1001 1444 quac

257 1454 442 1488 scandalum
466 1453 497 1486 in
522 1454 644 1498 populo
662 1454 777 1487 debeat
797 1464 951 1495 generare
963 1454 999 1495 f),

257 1515 291 1542 ut
322 1508 444 1552 pariter
476 1508 516 1541 ad
547 1518 660 1540 omnes
700 1508 794 1540 etiam
833 1518 941 1541 sacros
973 1514 1002 1541 et

256 1563 494 1606 presbyteratus
507 1561 637 1595 ordines
650 1562 846 1605 promoveri,
860 1573 896 1595 ac
908 1573 1002 1606 quae-

257 1626 396 1660 cumque
416 1615 574 1649 beneticia
595 1615 811 1648 ecclesiastica
829 1626 901 1649 cum
925 1618 999 1649 cura

257 1676 289 1703 et
308 1670 376 1703 sine
401 1671 478 1702 cura
503 1668 641 1712 (etiamsi
667 1669 869 1712 parochiales
899 1671 1001 1703 eccle-

256 1723 332 1764 siae,
362 1723 409 1756 vel
434 1733 544 1756 earum
571 1728 749 1767 perpetuae
768 1723 919 1764 vicariae,
948 1729 1001 1757 aut

257 1776 476 1815 canonicatus
504 1782 535 1809 et
563 1776 779 1820 praebendae,
808 1776 996 1819 dignitates,

255 1835 459 1873 personatus,
488 1829 797 1869 administrationes,
821 1830 868 1862 vel
894 1829 1000 1864 officia

257 1883 289 1917 in
315 1882 564 1922 cathedralibus,
584 1883 632 1916 vel
659 1883 927 1928 metropolitanis,
951 1885 998 1918 vel

257 1936 433 1979 collegiatis
458 1936 616 1977 ecclesiis,
645 1942 675 1970 et
699 1937 873 1979 dignitatos
898 1937 996 1982 ipsae,

256 2000 321 2023 non
337 1996 454 2031 tamen,
472 1990 579 2034 quoad
594 1990 755 2023 defectum
770 1990 926 2024 natalium
944 2002 1000 2035 pa-

258 2044 381 2086 tientes,
405 2043 430 2076 si
449 2043 479 2076 in
501 2043 741 2077 cathedralibus
758 2043 853 2077 etiam
879 2050 998 2077 metro-

256 2096 408 2141 politanis
435 2102 508 2140 post
532 2095 734 2140 pontificales
759 2096 917 2137 maiores,
950 2098 996 2130 vel

257 2150 434 2192 collegiatis
448 2150 589 2184 ecclesiis
604 2150 788 2183 huiusmodi
806 2150 999 2194 principales

257 2203 389 2246 fuerint)
403 2203 427 2236 si
445 2203 491 2236 eis
509 2204 586 2236 alias
604 2203 759 2236 canonice
780 2204 998 2246 conferantur,

257 2262 313 2290 aut
344 2257 525 2299 eligantur,
554 2262 820 2301 praesententur,
849 2257 896 2290 vel
923 2258 1000 2290 alias

257 2315 464 2344 assumantur
481 2310 520 2344 ad
540 2310 604 2350 illa,
623 2315 653 2343 et
673 2310 882 2344 instituantur
900 2311 1000 2352 ineis,

258 2364 414 2408 recipere,
439 2369 481 2403 et,
505 2364 684 2397 dummodo
704 2364 797 2407 plura
815 2364 910 2397 simul
935 2375 999 2398 non

257 2418 342 2458 sint,
370 2417 524 2452 retinere:
553 2428 590 2451 ac
615 2417 710 2451 etiam
738 2429 810 2451 curn
837 2418 1001 2462 quibusvis

294 2508 306 2534 1
333 2507 399 2534 Heic
419 2507 522 2542 aliquid
543 2507 641 2534 deesse
662 2510 737 2541 puto,
759 2515 800 2534 ex.
823 2516 861 2542 g..
887 2508 918 2535 id
937 2509 1001 2543 fieri

259 2552 419 2585 conveniat,
438 2552 478 2578 vel
494 2551 597 2586 aliquid
615 2551 775 2578 huiusmodi
791 2559 830 2585 tn.
846 2554 895 2584 T.).

294 2596 310 2623 2
329 2597 510 2631 Subintellige
526 2597 727 2632 dispensandi,
740 2598 812 2632 quod
823 2605 909 2633 prope
919 2599 1001 2624 tinem

260 2641 343 2669 huius
362 2641 490 2676 §legitur
504 2641 545 2676 (n.
561 2642 610 2675 r).

313 2694 392 2722 Ball.
409 2693 491 2722 Rom.
512 2695 570 2722 Vol.
588 2694 637 2722 XI.

835 2694 865 2722 61

1679 224 1738 257 1281

1036 282 1180 324 personis
1213 283 1325 317 tertio,
1354 293 1408 315 seu
1437 282 1530 315 tertio
1559 287 1589 314 et
1620 287 1735 325 quarto
1761 292 1778 314 a

1036 335 1201 367 communi
1229 334 1346 378 stipite,
1378 341 1433 368 aut
1462 341 1576 378 quarto
1597 334 1692 368 etiam
1718 335 1777 368 du-

1035 387 1192 431 plicibus,
1218 388 1262 420 x'el
1290 388 1523 431 multiplicibus
1543 379 1774 430 consanguini—

1035 440 1108 473 tatis
1129 441 1176 473 vel
1199 441 1363 473 affinitatis
1380 441 1533 483 gradibus
1552 441 1686 474 invicem
1703 451 1778 474 con-

1036 492 1174 533 iunctis,
1199 495 1244 526 vel
1267 505 1299 527 se
1320 505 1352 527 se
1373 494 1583 528 attinentibus
1608 495 1779 538 (videlicet

1034 545 1059 578 si
1078 545 1126 578 vir
1147 547 1192 579 rel
1215 546 1296 580 alius
1328 547 1420 580 aliter
1440 558 1505 580 non
1528 548 1688 590 obligatus
1709 559 1779 581 mu-

1036 599 1146 633 lierem
1174 600 1294 633 nullam
1321 600 1430 647 dotem
1458 600 1629 633 habentem
1651 601 1775 641 dotare,

1035 659 1088 685 aut
1109 652 1157 685 vir
1182 653 1249 696 ipse
1270 664 1340 686 cam
1359 664 1431 686 cum
1457 654 1532 687 dote
1558 653 1663 686 minus
1684 664 1775 687 com-

1035 706 1154 749 petenti
1173 707 1290 740 duccre
1311 706 1458 747 voluerit,
1482 717 1538 740 seu
1563 706 1588 740 si
1614 707 1703 740 locus
1723 717 1778 739 an-

1035 765 1156 801 gustus,
1185 766 1214 793 et
1241 760 1433 793 contrahere
1458 760 1618 800 volentes,
1646 766 1701 793 aut
1720 771 1778 793 no-

1035 811 1134 852 bites,
1163 819 1217 846 aut
1242 813 1306 846 illic
1335 813 1530 857 principales
1562 813 1694 853 fuerint,
1723 825 1778 847 seu

1045 236 1062 257 V
1088 236 1131 258 ΙΨ,

1017 857 1109 915 'quia
1131 865 1201 909 ipsi,
1230 866 1261 898 in
1281 866 1463 899 civitatibus
1484 866 1530 899 vel
1552 866 1680 909 oppidis
1703 865 1778 899 insi-

1034 917 1150 960 gnibus
1175 919 1332 962 primarii,
1361 919 1447 962 paris
1473 919 1668 952 conditionis
1699 930 1778 963 per-

1035 981 1129 1004 sonas
1155 971 1297 1005 invenire
1322 972 1537 1016 nequiverint,
1562 973 1609 1005 vel
1630 972 1684 1005 ubi
1707 983 1777 1005 mu-

1035 1023 1094 1056 lier
1116 1024 1147 1056 in
1165 1025 1299 1068 proprio
1317 1031 1422 1058 castro
1442 1025 1487 1058 vel
1507 1025 1579 1058 loco
1597 1025 1699 1057 virum
1717 1025 1777 1057 sibi

1035 1086 1100 1109 non
1117 1077 1318 1118 attinentem,
1343 1078 1392 1111 cui
1415 1078 1548 1111 honeste
1565 1078 1688 1111 nubere
1704 1088 1778 1122 pos-

1035 1131 1085 1172 sit,
1108 1131 1239 1164 minime
1261 1131 1427 1171 invenerit,
1449 1138 1488 1171 et,
1506 1131 1530 1164 si
1550 1137 1636 1164 extra
1655 1131 1778 1164 nubere

1036 1192 1223 1228 cogeretur,
1248 1186 1355 1219 dotem
1381 1186 1421 1219 ad
1447 1186 1477 1219 id
1504 1186 1535 1218 in
1561 1186 1654 1218 bonis
1674 1186 1778 1219 stabi-

1036 1240 1118 1273 libus
1131 1246 1366 1284 competentem
1382 1251 1446 1274 non
1462 1240 1621 1281 habuerit,
1632 1252 1667 1273 ac
1682 1241 1776 1274 etiam

1036 1305 1093 1338 pro
1113 1294 1263 1327 sedandis
1282 1294 1457 1327 inimicitiis
1477 1294 1643 1338 utriusque
1660 1305 1776 1338 paren-

1038 1354 1116 1388 tum,
1141 1348 1288 1385 fratrum,
1313 1353 1538 1389 cognatorum,
1558 1348 1607 1380 vel
1632 1348 1776 1381 affinium

1036 1408 1109 1435 ante
1122 1407 1323 1434 contractum
1344 1401 1542 1434 matrimonii
1557 1411 1592 1433 ex
1607 1401 1668 1433 alia
1682 1404 1776 1434 causa

1036 1455 1320 1493 intercedentibus,
1345 1461 1373 1488 et
1399 1465 1478 1498 pace
1495 1455 1648 1496 ineunda,
1676 1455 1773 1489 alios—

1035 1520 1097 1552 que
1111 1508 1297 1541 huiusmodi
1316 1518 1419 1549 casus,
1437 1514 1467 1541 ct
1484 1508 1554 1541 aliis
1568 1508 1776 1553 quibuscum-

1034 1574 1096 1607 que
1111 1563 1224 1603 causis,
1242 1574 1324 1607 quae
1338 1563 1394 1596 tibi
1409 1563 1616 1604 videbuntur,
1631 1574 1667 1597 ac
1679 1564 1775 1597 etiam

1034 1617 1101 1649 sine
1120 1627 1228 1650 earum
1257 1616 1473 1660 expressione,
1498 1622 1530 1649 et
1552 1627 1611 1660 pro
1632 1623 1704 1650 tuae
1721 1628 1776 1651 vo-

1035 1669 1166 1702 luntatis
1189 1669 1292 1713 libito)
1314 1675 1345 1702 et
1362 1670 1458 1703 simili
1478 1671 1575 1703 modo
1594 1670 1625 1703 in
1647 1670 1777 1714 publica

1034 1723 1201 1756 honestate
1226 1723 1377 1763 iustitiae,
1406 1723 1460 1756 ubi
1485 1724 1589 1756 solum
1616 1725 1777 1768 sponsalia

1034 1777 1294 1818 intercesserint,
1323 1788 1359 1811 ac
1393 1777 1584 1820 cognatione
1619 1778 1775 1821 spirituali

1033 1832 1118 1875 (non
1138 1837 1243 1864 tamen
1263 1831 1346 1863 inter
1366 1831 1504 1863 levatum
1533 1837 1562 1863 et
1588 1831 1773 1875 levantem),

1033 1890 1066 1917 ut
1091 1883 1334 1917 matrimonium
1361 1883 1446 1916 inter
1465 1894 1498 1916 se
1519 1884 1723 1925 contrahere,
1747 1890 1777 1918 et

1033 1939 1064 1971 in
1090 1938 1170 1971 facie
1191 1937 1350 1971 Ecclesiae
1374 1937 1596 1978 solemnizare,
1617 1948 1665 1978 ac,
1688 1944 1776 1981 post-

1033 2002 1128 2036 quam
1145 1997 1346 2025 contractum
1366 1991 1473 2030 fuerit,
1490 1991 1522 2024 in
1541 2001 1579 2025 eo
1594 2001 1772 2025 remanere:

1032 2056 1068 2078 ac
1088 2045 1209 2089 pariter
1226 2055 1299 2077 cum
1319 2044 1356 2077 iis
1377 2044 1443 2088 qui,
1464 2044 1650 2077 huiusmodi
1676 2045 1777 2089 irnpe-

1033 2098 1185 2131 dimentis
1205 2107 1270 2130 non
1289 2097 1512 2137 obstantibus,
1537 2097 1615 2131 illud
1637 2098 1777 2131 scienter

1032 2152 1079 2185 vel
1113 2152 1299 2193 ignoranter
1327 2151 1557 2191 contraxerint,
1586 2151 1776 2195 prolemque

1033 2205 1147 2238 exinde
1183 2204 1404 2248 susceperint,
1438 2205 1524 2248 ipsos
1560 2205 1599 2237 ab
1637 2204 1777 2238 incestus

1033 2265 1135 2299 reatu,
1153 2265 1183 2292 et
1197 2258 1538 2292 excommunicationis
1552 2260 1668 2302 poena,
1689 2258 1775 2291 aliis-

1033 2323 1095 2356 que
1121 2312 1264 2346 censuris
1289 2312 1513 2345 ecclesiasticis
1539 2312 1570 2344 in
1596 2312 1697 2344 forma
1717 2312 1775 2345 Ec-

1034 2366 1148 2400 clesiae
1174 2367 1325 2399 consueta
1351 2365 1516 2409 (iniuncta
1540 2365 1613 2398 indo
1635 2365 1693 2405 cis,
1717 2376 1776 2409 pro

1035 2420 1147 2463 culpae
1179 2420 1299 2459 modo,
1330 2418 1526 2462 poenitentia
1559 2418 1713 2456 salutari,
1746 2425 1774 2452 ct

1035 2473 1126 2513 aliis,
1158 2483 1240 2516 quae
1266 2473 1304 2505 (lc
1332 2472 1399 2504 iure
1422 2471 1540 2505 suerint
1566 2471 1772 2513 iniungenda,

1035 2526 1231 2560 absolvendo
1245 2525 1278 2568 ¹),
1303 2531 1336 2559 ut
1357 2525 1450 2559 etiam
1474 2525 1717 2559 matrimonium
1735 2526 1774 2560 de

1074 2599 1080 2623 l
1102 2597 1248 2624 Viderctur
1262 2596 1424 2630 legendum:
1443 2595 1576 2623 iniuncta
1591 2595 1657 2622 inde
1673 2596 1775 2630 eispro

1035 2642 1136 2676 culpae
1159 2642 1249 2674 modo,
1271 2640 1443 2676 poenitentia
1465 2639 1601 2673 salutari,
1617 2642 1643 2667 et
1658 2639 1692 2666 ab
1707 2640 1775 2667 aliis

1792 234 1840 259 An.
1863 234 1890 259 C,
1914 233 1978 259 lh'ftss
