2227 3241
238 271 286 299 An.
305 272 335 298 c.
357 271 427 300 1603
473 262 515 296 ¹18

273 2089 356 2108 Ctauzut
365 2094 392 2108 w.

286 2459 347 2478 Fut-w
363 2459 431 2479 «tanda

197 2484 200 2489 ’
250 2488 288 2505 trux
299 2489 392 2511 *truiptm

438 320 539 354 ubivis
552 319 705 353 faciendis
722 317 936 357 interfuerint,
948 322 1004 350 aut
1019 328 1176 361 pauperes

438 373 574 416 hospitio
599 371 808 415 susceperint,
830 370 877 402 vel
894 380 1005 413 pacem
1022 380 1095 403 cum
1116 370 1175 404 ini-

438 426 527 458 micis
547 424 682 468 propriis
702 434 758 456 scu
781 422 912 455 alterius
936 423 1175 466 composuerint

438 480 483 512 vel
508 477 656 522 componi
682 476 814 509 fecerint
838 486 895 509 seu
919 476 1172 520 procuraverint,

436 541 560 565 necnon
586 530 682 564 etiam
708 530 763 574 qui
781 540 917 573 corpora
934 529 1171 571 defunctorum,

438 592 499 618 tam
511 584 703 618 confratrum
715 583 1174 616 dictarumconfraternitatum

436 647 530 680 quam
556 635 692 668 aliorum
721 636 761 668 ad
789 636 972 679 sepulcrum
1002 635 1176 669 associave-

437 690 510 729 rint,
536 690 583 722 vel
607 699 827 733 quascumque
851 699 909 733 per
936 689 1019 732 ipsas
1053 689 1174 722 confra-

437 742 600 775 ternitates
626 741 848 784 processiones
873 741 911 774 de
936 740 1065 774 lieentia
1084 739 1175 773 Ordi-

436 795 599 828 nariorum
624 793 797 834 faciendas,
824 793 1010 837 dictumque
1041 792 1174 826 sanctis-

437 847 553 880 simum
577 846 794 880 Eucharistiae
818 847 1077 885 Sacramentum,
1111 849 1175 877 tam

437 901 469 934 in
490 900 748 944 processionibus
772 910 868 943 quam
885 899 924 932 ad
945 898 1102 938 infirmos,
1123 905 1177 931 aut

437 955 513 988 alias
538 955 734 999 ubicumque
752 961 782 988 et
799 953 1102 998 quomodocumque
1119 963 1176 997 pro

437 1014 580 1053 tempore
604 1009 763 1048 defertur,
790 1006 932 1041 comitati
956 1006 1093 1048 suerint,
1122 1013 1177 1041 aut

438 1062 463 1094 si
490 1063 528 1095 ad
549 1062 610 1096 boc
634 1062 790 1106 impediti,
819 1071 991 1104 campanae
1017 1059 1056 1092 ad
1080 1060 1112 1092 id
1130 1061 1173 1094 si-

438 1125 500 1158 gno
526 1114 611 1155 dato,
636 1116 733 1148 semel
759 1114 943 1148 Orationem
967 1113 1177 1146 Domim‘cam

438 1174 468 1201 et
487 1168 727 1201 Salutationem
743 1168 938 1211 Anqele'cam
956 1167 1103 1208 dixerint,
1123 1174 1177 1202 aut

438 1222 533 1254 etiam
557 1222 730 1266 quinquies
762 1222 945 1255 Orationem
977 1221 1175 1255 Dominicam

437 1280 467 1308 et
484 1275 713 1308 Salutationem
729 1276 912 1318 Angelicam
931 1286 988 1318 pro
1012 1275 1177 1311 animabus

439 1329 665 1365 defunctorum,
691 1330 849 1363 dictarum
881 1331 1176 1364 confraternitatum

440 1384 650 1425 recitaverint,
671 1390 724 1417 aut
742 1384 869 1417 devium
886 1384 1026 1428 aliquem
1040 1385 1079 1418 ad
1097 1385 1176 1418 viam

440 1438 548 1471 salutis
576 1437 778 1478 reduxerint,
805 1444 861 1471 aut
886 1438 1068 1482 ignorantes
1088 1450 1179 1483 prae-

441 1498 528 1536 cepta
543 1502 591 1532 ea,
606 1503 687 1536 quae
701 1493 740 1525 ad
754 1492 888 1525 salutem
902 1498 987 1533 sunt,
1001 1492 1179 1534 docuerint,

442 1552 496 1579 aut
521 1546 749 1590 quodcumque
765 1546 852 1580 aliud
869 1546 996 1590 pietatis
1012 1547 1059 1580 vel
1077 1547 1179 1580 chari-

442 1600 511 1633 tatis
533 1611 610 1644 opus
628 1600 839 1640 exercuerint,
854 1600 946 1634 toties
963 1611 1020 1644 pro
1038 1601 1180 1644 quolibet

442 1653 679 1696 p1·ae‹‡lictorum
712 1664 844 1698 operum
878 1660 1007 1687 centum
1043 1654 1109 1687 dies
1141 1654 1180 1687 de

442 1707 604 1748 iniunctis,
625 1718 680 1741 seu
699 1707 776 1740 alias
794 1713 828 1740 ut
846 1718 938 1751 supra
957 1707 1143 1741 relaxamus.

488 1763 502 1802 ξ
528 1762 556 1794 lt.
576 1761 809 1802 Praesentibus,
828 1773 886 1806 pro
903 1762 997 1795 dictis
1015 1762 1181 1796 confratri-

443 1814 501 1846 bus
526 1815 712 1848 earumdem
737 1815 1047 1857 confraternitatum,
1071 1827 1181 1860 perpe-

445 1868 506 1901 tuis
530 1868 646 1901 futuris
673 1868 888 1912 temporibus,
925 1880 983 1913 pro
1012 1870 1082 1903 aliis
1108 1882 1181 1905 vero

444 1932 506 1954 nou
532 1921 754 1963 confratribus,
775 1923 813 1955 ad
832 1922 940 1966 viginti
966 1933 1066 1956 annos
1091 1935 1108 1956 a
1132 1923 1182 1957 die

444 1974 665 2018 publicationi?¹
681 1976 895 2018 praesentium
910 1977 1120 2018 inchoandos,
1131 1990 1182 2012 va·

445 2027 554 2061 lituris

489 2084 504 2123 ξ
531 2081 560 2113 5.
589 2081 741 2115 Volumus
759 2088 863 2116 autem
882 2085 968 2128 quod
990 2084 1013 2117 si
1033 2084 1110 2117 alias
1126 2084 1182 2117 ali-

446 2134 561 2178 quibus
592 2144 627 2166 ex
660 2135 753 2167 dictis
782 2136 1094 2171 confraternitatibus
1118 2138 1181 2171 iam

446 2188 557 2219 erectis
583 2188 755 2230 praemissa
789 2190 1012 2232 peragentibus
1042 2191 1181 2234 aliquam

446 2241 539 2273 aliam
559 2241 799 2285 indulgentiam,
820 2249 973 2287 perpetuo
988 2246 1033 2278 vel
1051 2245 1089 2278 ad
1105 2250 1183 2279 lem-

447 2307 506 2338 pus
524 2296 665 2329 nondum
685 2297 827 2340 elapsum
845 2297 1183 2339 duraturam,conces-

447 2349 592 2389 serimus,
620 2355 801 2393 praesentes
826 2351 931 2394 quoad
957 2352 1026 2385 illas
1054 2354 1184 2386 confra—

449 2402 610 2436 ternitates
634 2403 739 2436 nullae
764 2403 839 2436 sint.

493 2457 508 2498 ξ
533 2455 563 2489 6.
593 2457 629 2489 Et
654 2456 726 2499 quia
753 2457 881 2490 difficile
906 2458 981 2491 foret
1004 2465 1185 2501 praesentes

449 2508 569 2541 litteras
593 2509 631 2541 ad
658 2509 780 2553 singula
805 2520 951 2553 quaeque
976 2512 1045 2544 loca
1070 2523 1185 2556 oppor-

450 2567 524 2594 tuna
558 2562 703 2603 deferre,
743 2563 888 2596 volumus
919 2570 949 2597 et
984 2565 1185 2599 decernimus

451 2615 534 2656 quod
561 2616 745 2648 carumdem
766 2616 985 2660 transumptis,
1005 2617 1099 2650 ctiam
1124 2618 1184 2651 im-

452 2668 587 2710 pressis,
622 2680 716 2703 manu
746 2669 881 2704 alieuius
913 2670 1028 2704 notarii
1065 2671 1184 2714 publici

1013 268 1195 293 BULLARIUM
1219 270 1372 295 ROMANUM

1209 318 1416 362 subscriptis,
1443 324 1473 351 et
1504 317 1607 360 sigillo
1633 317 1766 351 alieuius
1791 327 1945 360 personae

1209 371 1239 404 in
1265 371 1419 415 dignitate
1437 370 1650 404 ecclesiastica
1667 370 1858 403 constitutae
1877 381 1946 402 mu-

1208 424 1292 463 nitis,
1321 423 1439 466 ubique
1464 423 1575 456 eadem
1602 432 1731 466 prorsus
1755 421 1835 455 fides
1858 422 1947 456 adhi-

1208 476 1331 516 beatur,
1356 486 1438 519 quae
1454 476 1671 519 praesentibus
1691 474 1906 515 adhiberetur,
1920 475 1946 509 si

1208 530 1311 561 forent
1335 528 1492 561 exhibitae
1518 530 1565 561 vel
1591 533 1747 562 ostensae.

1253 582 1367 614 Datum
1386 582 1508 615 Romae
1527 581 1610 625 apud
1629 587 1774 614 sanetum
1791 581 1945 623 Marcum,

1208 635 1266 667 sub
1276 635 1395 668 annulo
1408 635 1591 674 piscatoris,
1608 635 1660 667 die
1678 634 1840 677 trigesima
1853 634 1945 675 iunii,

1209 687 1375 721 millesimo
1386 688 1615 721 sexcentesimo
1627 687 1729 727 tertio,
1740 687 1948 732 pontificatus

1209 740 1308 774 nostri
1334 751 1418 773 anno
1444 740 1646 774 duodecimo.

1245 803 1303 830 Dat.
1324 803 1367 831 die
1387 803 1421 831 30
1440 803 1507 830 iunii
1530 803 1607 838 1603,
1628 804 1724 840 pontif.
1741 813 1786 832 an.
1803 811 1848 831 xtt.

1491 984 1668 1019 CCCXVIII.

1211 1091 1393 1124 Declaratio
1402 1101 1499 1134 snper
1512 1091 1583 1123 iure
1602 1091 1787 1135 conferendi
1800 1092 1952 1135 beneficia

1255 1153 1444 1196 eolleqiatae
1472 1153 1620 1186 ecelesiae
1650 1155 1757 1187 sancti
1780 1154 1888 1188 Iacobi
1912 1154 1951 1188 de

1255 1215 1355 1248 Calaff
1372 1215 1513 1248 Vieensis
1534 1215 1683 1248 dioecesis
1699 1215 1718 1250 ¹.

1423 1307 1558 1334 Clemens
1578 1307 1657 1340 Papa
1672 1307 1752 1340 VIII,

1330 1362 1366 1387 ad
1389 1363 1563 1394 perpetuam
1585 1360 1631 1388 rei
1653 1361 1832 1389 memoriam.

1256 1442 1426 1475 Pastoralis
1449 1442 1548 1475 nostri
1575 1442 1718 1475 muneris
1742 1442 1823 1476 ratio
1856 1453 1952 1486 expo-

1213 1496 1281 1537 scit,
1309 1501 1344 1529 ut
1368 1495 1407 1528 ad
1432 1506 1543 1539 pacem
1568 1501 1598 1529 et
1622 1495 1758 1539 quietem
1788 1495 1871 1530 inter
1894 1506 1952 1529 ec-

1212 1549 1404 1582 clesiasticas
1428 1559 1591 1593 personaS‚
1613 1549 1801 1593 praesertim
1824 1549 1953 1594 pontifi-

1214 1603 1272 1636 cali
1309 1609 1339 1637 et
1374 1603 1435 1635 alia
1469 1602 1623 1646 dignitate
1660 1602 1836 1646 praeditas,
1878 1613 1953 1638 eon-

1213 1656 1412 1696 servandam,
1439 1667 1486 1697 ea,
1510 1666 1592 1699 quae
1617 1665 1673 1699 per
1696 1666 1755 1689 nos
1779 1661 1897 1690 statuta
1922 1663 1953 1691 et

1214 1709 1361 1743 ordinata
1391 1709 1531 1750 fuerunt,
1559 1720 1596 1742 ex
1621 1719 1760 1752 quorum
1785 1708 1882 1742 dubia
1906 1709 1953 1743 in-

1216 1762 1440 1807 terpretatione
1467 1762 1711 1806 tranquillitatis
1731 1768 1763 1796 et
1779 1763 1894 1807 quietis
1911 1765 1954 1798 ef-

1214 1818 1314 1850 feetus
1329 1816 1449 1849 turbari
1460 1822 1578 1860 posset,
1591 1822 1719 1850 nostrae
1732 1816 1954 1850 declarationis

1216 1870 1394 1904 ministerio
1419 1870 1642 1911 dilucidemus,
1658 1875 1751 1914 prout
1770 1870 1803 1903 in
1820 1870 1954 1904 Domino

1216 1924 1386 1958 salubriter
1410 1924 1625 1967 conspicimus
1649 1923 1807 1967 expedire.

1261 1979 1276 2020 ξ
1302 1977 1333 2011 st.
1361 1977 1546 2022 Expositum
1560 1976 1721 2020 siquidem
1738 1978 1832 2011 nohis
1851 1988 1955 2022 nuper

1215 2031 1273 2064 fuit
1284 2041 1341 2075 pro
1353 2036 1441 2074 parte
1453 2030 1562 2063 dilecti
1585 2029 1640 2063 filii
1661 2030 1820 2064 Francisci
1836 2030 1954 2064 Ferran

1215 2084 1337 2117 abbatis
1362 2084 1547 2126 collegiatae
1571 2089 1600 2116 et
1618 2082 1787 2117 saecularis
1804 2083 1957 2118 ecclesiae

1217 2137 1248 2170 S.
1274 2137 1432 2170 Vincentii
1446 2136 1483 2169 de
1499 2135 1642 2170 Cardena
1662 2136 1854 2180 Urgellensis
1869 2136 1956 2170 dioe-

1217 2192 1306 2231 cesis,
1328 2191 1414 2234 quod
1433 2200 1505 2223 cum
1524 2190 1689 2234 collegiata
1706 2191 1841 2224 ecclesia
1853 2191 1955 2225 sancti

1217 2245 1323 2278 Iacobi
1344 2245 1382 2277 de
1404 2243 1503 2278 Calaff
1516 2244 1658 2277 Vicensis
1675 2243 1829 2278 dioecesis
1847 2244 1953 2287 (quae,

1217 2303 1387 2342 antequam
1412 2309 1469 2331 nos
1493 2297 1532 2330 ad
1557 2298 1822 2342 supplicationem
1855 2297 1957 2331 clarae

1218 2353 1390 2386 memoriae
1415 2351 1550 2395 Philippi
1576 2351 1616 2391 II,
1634 2350 1858 2395 Hispaniarum
1872 2351 1957 2395 regis

1219 2405 1379 2445 catholici,
1402 2403 1553 2438 Ordinem
1580 2403 1808 2437 canonicorum
1835 2405 1958 2447 reguta-

1219 2460 1300 2493 rium
1326 2459 1358 2493 S.
1386 2459 1553 2502 Augustini
1578 2458 1611 2491 in
1632 2458 1774 2492 ecclesiis
1798 2464 1828 2492 et
1846 2469 1957 2492 mona-

1218 2513 1321 2547 steriis
1346 2518 1422 2546 tune
1445 2511 1587 2545 eiusdem
1604 2511 1741 2552 Ordinis,
1762 2511 1958 2556 principatus

1219 2565 1433 2606 Cathaloniae,
1461 2564 1613 2608 illiusque
1644 2569 1759 2598 statum
1789 2570 1819 2598 et
1851 2575 1957 2599 essen-

1219 2619 1293 2651 tiam
1323 2619 1501 2661 regularem
1533 2617 1565 2650 in
1598 2616 1715 2650 eisdem
1752 2617 1891 2652 ecclesiis
1926 2623 1957 2652 et

1255 2682 1265 2706 t
1285 2680 1322 2707 Ex
1338 2680 1444 2716 aegest.
1461 2679 1488 2706 in
1499 2679 1602 2707 Secret.
1619 2678 1753 2706 Brevium.

1957 268 2007 296 An.
2023 268 2052 296 c.
2075 260 2143 297 1603

1993 1460 2113 1482 Exordium.

1998 1981 2093 2002 Vicensis
2110 1987 2121 2002 e
2137 1981 2154 2002 i-

1970 2012 2048 2033 seopus
2058 2008 2154 2028 cottano-

1970 2039 2017 2054 nem
2047 2033 2154 2055 ecclesiae

1970 2059 1993 2081 S.
2001 2060 2073 2082 iacobi
2081 2060 2107 2082 de
2115 2060 2154 2082 Ca-

1971 2087 2008 2107 lass'
2020 2087 2047 2108 ad
2057 2093 2079 2108 so
2090 2088 2154 2112 porti-

1971 2119 2021 2134 nere
2037 2115 2105 2140 putat,
2123 2116 2154 2134 at·

1971 2141 2030 2160 tenta
2059 2140 2154 2161 eiusdem

1971 2166 2075 2187 ecclesiae
2082 2166 2158 2188 reduc—

1972 2194 2029 2213 tione
2039 2193 2066 2213 ad
2077 2195 2155 2215 statum

1971 2220 2109 2241 saecularem.

2222 738 2227 759 A.
2222 713 2227 728 ..
2219 503 2227 703 -*I..„-.-a-..-‹
2224 480 2227 485 .
2223 448 2227 468 -.
