2227 3241
61 232 112 261 An.
128 231 157 259 C.
180 231 248 260 1607

79 1851 192 1882 Derogatio
203 1857 251 1873 con-

67 1880 184 1900 tration-uui.

913 233 1035 258 PAL'LUS
1055 234 1074 256 V
1092 235 1141 258 Pr.

260 280 453 321 verificatae,
481 292 536 315 seu
565 282 754 315 iustificatae
779 292 844 314 non
869 281 1019 321 suerinh}

258 339 314 367 aut
330 345 365 367 ex
384 345 591 380 quocumque
617 335 679 368 alio
705 336 808 379 capite
834 336 881 368 vel
908 329 1019 368 causa¹

259 387 463 430 quantumvis
486 388 628 431 legitima
655 394 686 421 et
713 388 859 425 iuridiea,
877 388 915 420 de
928 384 1019 434 sub-j

259 440 414 483 reptionis
450 442 496 474 vel
530 441 729 485 obreptionis
762 441 838 474 vitio
871 440 975 473 notari
992 467 999 481 ,
1018 440 1019 443 ’

261 494 455 538 impugnari,
473 495 652 533 retractari,
682 494 858 531 annullari,
885 495 999 527 invali-
1017 489 1019 505 ¹

260 547 340 587 dari,
357 557 411 580 seu
431 547 461 580 in
483 547 532 580 ius
549 554 601 580 aut
620 548 869 581 controversiam
885 547 1002 589 vocari,
1017 549 1019 560 ⁴

259 600 298 632 ad
315 599 398 633 viam
417 607 448 633 et
463 601 616 634 terminos
637 601 715 634 iuris
734 601 856 641 reduci,
876 606 931 633 aut
948 595 1019 633 act-³

260 663 369 687 versus
383 654 452 687 illas
470 655 700 698 quodcumque
713 654 801 694 iuris⁷
820 654 939 696 gratiae
953 654 1001 687 vel
1017 659 1019 696 ζ

260 706 331 739 raeti
346 707 526 740 remedium
543 707 707 751 impetrari
723 708 770 741 vel
785 708 918 741 concedi
938 708 1004 740 nul-

260 759 384 793 latenus
402 770 556 804 umquam
582 756 686 804 posse,
708 761 763 794 sed
782 760 851 793 illas
876 759 1019 804 semper]

261 817 291 844 et
307 819 464 856 perpetuo
482 813 602 847 validas
616 819 646 847 et
660 814 809 847 efficaces
824 814 957 846 existere
973 819 1003 846 et
1018 816 1020 860 ᾗ

260 865 337 906 sore,
362 877 502 910 suosque
528 867 692 911 plenarios
711 874 738 901 et
758 867 901 910 integros
926 861 1020 900 effe-¹

261 924 329 952 ctus
346 920 452 953 sortiri
474 926 503 954 et
524 922 682 961 obtinere,
704 933 740 955 ac
765 922 807 954 ita
827 932 886 965 per
906 931 1003 965 quos-

261 983 399 1017 cumque
424 973 546 1007 iudices
575 974 756 1008 ordinarios
777 980 807 1007 et
826 975 1000 1017 delegatos,
1019 978 1021 1015 ξ

261 1025 356 1058 etiam
376 1036 545 1059 causarum
565 1027 675 1060 Palatii
691 1027 865 1072 Apostoliei
879 1027 1005 1060 audito-

261 1089 322 1120 res,
345 1090 381 1113 ac
402 1080 431 1114 S.
456 1081 491 1114 R.
513 1081 546 1114 E.
571 1081 762 1121 cardinales,
785 1081 881 1114 etiam
901 1081 940 1114 de
959 1081 1021 1113 ta„

262 1138 328 1166 tere
348 1133 471 1176 legatos
489 1134 628 1177 (sublata
647 1134 691 1168 eis
705 1140 735 1168 et
747 1144 859 1168 eorum
875 1134 1006 1167 cuilibet

261 1185 373 1229 quavis
404 1186 498 1220 aliter
529 1187 693 1221 iudicandi
715 1192 746 1221 et
771 1187 1004 1231 interpretandi

261 1239 412 1272 facultate
433 1245 464 1273 et
485 1241 688 1284 auctoritate)
711 1240 847 1274 iudicari
868 1246 899 1273 et
920 1240 1002 1273 defi-

261 1290 323 1324 niri
341 1292 473 1333 debere,
493 1304 529 1327 ac
544 1294 668 1326 irritum
688 1300 715 1327 et
739 1295 832 1327 inane
847 1294 1004 1338 quidquid

261 1357 352 1380 secus
364 1347 522 1391 superbis
537 1359 553 1381 a
573 1360 748 1392 quoquam,
770 1350 880 1393 quavis
898 1356 1005 1382 aueto-
1022 1338 1023 1356 ἶ

264 1400 367 1441 ritate,
388 1401 527 1435 scienter
548 1403 594 1434 vel
616 1403 815 1445 ignoranter,
837 1403 1007 1445 eontigerit

263 1455 423 1488 attentari.
434 1455 621 1488 inhibentes
631 1467 691 1499 pro
703 1461 849 1500 tempore
862 1457 1004 1490 existenti

263 1507 511 1542 bibliothecario
536 1510 720 1553 praedicto,
750 1522 789 1544 ne
815 1512 844 1544 in
872 1522 1006 1556 pereep-

265 1562 350 1594 tiune
370 1563 544 1603 fructuum,
566 1564 765 1604 reddituum,
790 1571 1004 1609 proventuum

264 1620 294 1648 et
311 1616 605 1650 emolumentorum
623 1619 863 1661 praedictorum
881 1630 915 1652 at·
933 1620 1008 1652 alio-

265 1679 337 1701 rum
368 1669 486 1703 iurium
524 1671 599 1704 dicti
639 1673 825 1706 monasterii
860 1674 890 1706 in
929 1674 1008 1707 alios

265 1733 362 1765 quam
384 1734 459 1757 usus
480 1725 663 1770 praedictos
688 1737 720 1759 sc
747 1726 929 1760 immiscere
951 1739 1007 1760 au-

265 1776 339 1809 deat
356 1788 411 1811 seu
429 1789 561 1822 quoquo
583 1780 680 1813 modo
702 1786 896 1824 praesumat.

311 1832 327 1872 ξ
348 1830 378 1864 4.
394 1832 463 1865 Non
484 1832 685 1866 obstantibus
704 1834 886 1878 praemissis
905 1845 940 1868 ae
958 1845 1010 1868 no-

266 1884 340 1918 stris
365 1885 404 1918 de
429 1895 494 1919 non
521 1887 664 1920 tollendo
691 1887 759 1920 iure
784 1889 951 1932 quaesito,
980 1895 1010 1922 et

266 1939 441 1973 unionibus
455 1941 695 1975 committendis
708 1942 747 1975 ad
758 1948 875 1986 partes,
892 1944 1010 1977 vocatis

267 2004 407 2037 quorum
429 1994 574 2035 interest,
595 2005 631 2028 ac
652 1996 876 2029 Lateranensis
897 1997 1009 2030 Conci-

266 2047 300 2080 lii
314 2048 487 2082 novissime
502 2049 666 2090 celebrati,
678 2050 813 2083 uniones
827 2048 1018 2094 perpetuas,

266 2101 327 2134 nisi
349 2101 380 2134 in
398 2101 501 2136 causis
524 2113 541 2135 a
559 2102 627 2135 iure
645 2103 820 2147 permissis,
842 2104 911 2137 fieri
930 2115 1007 2147 pro-

267 2154 426 2188 hibentis¹
447 2155 582 2200 aliisque
603 2157 889 2190 constitutionibus
910 2164 940 2190 et
960 2168 1011 2190 or-

268 2208 487 2242 dinationibus
501 2210 696 2253 apostolicis,
715 2221 840 2244 necnon
855 2217 1012 2245 monaste-

268 2261 305 2294 rii
320 2272 356 2295 ae
371 2262 585 2296 bibliothecae
602 2262 800 2303 huiusmodi,
819 2264 1012 2305 iuramento,

268 2315 516 2350 confirmatione
541 2317 728 2361 apostolica,
753 2318 799 2350 vel
823 2318 934 2361 quavis
959 2318 1013 2351 sir-

270 2369 379 2403 mitate
399 2370 461 2403 alia
481 2370 652 2411 roboratis,
676 2371 802 2403 statutis
824 2377 854 2403 et
879 2382 1013 2405 consue-

270 2423 444 2464 tudinibus,
467 2424 642 2468 privilegiis
668 2435 809 2468 quoque,
831 2425 962 2458 indultis
983 2432 1013 2459 et

268 2476 382 2511 litteris
400 2478 595 2521 apostolicis,
613 2478 674 2511 illis
688 2478 823 2511 aedicto
842 2478 1013 2511 bibliothe-

270 2531 368 2573 cario,
392 2532 527 2577 aliisque
552 2532 773 2576 superioribus
798 2538 829 2566 et
853 2533 1009 2576 personis,

308 2647 317 2673 1
338 2647 407 2675 Edit.
420 2648 504 2675 Maiu.
521 2647 603 2675 habet
614 2648 786 2682 prohibente
797 2651 831 2681 [a.
842 2656 876 2682 Ἰ).

354 2701 433 2730 Ball.
455 2702 538 2729 Rom.
561 2716 593 2721 —
613 2702 670 2728 Vol.
687 2701 738 2729 XI.

918 2702 952 2729 55

1035 282 1093 314 sub
1112 282 1370 326 quiluiseumque
1397 277 1562 316 tenoribus
1587 287 1614 315 et
1643 282 1777 322 formis,

1036 340 1063 367 et
1087 346 1157 367 cum
1185 335 1350 377 quibusvis
1377 336 1471 368 etiam
1499 335 1778 377 derogatoriarum

1037 388 1272 430 derogatoriis,
1311 389 1444 433 aliisque
1481 389 1718 422 efficacioribus
1750 395 1780 422 et

1037 440 1172 473 insolitis
1191 442 1353 480 clausulis,
1378 442 1642 487 irritantibusque
1662 448 1690 475 et
1710 442 1780 475 aliis

1037 494 1184 533 decretis,
1207 495 1301 527 etiam
1326 501 1413 528 motu
1432 496 1501 539 pari
1521 502 1551 529 et
1579 496 1781 529 consistoria-

1036 547 1108 580 liter
1125 558 1161 581 ae
1183 549 1271 589 alias,
1290 549 1319 581 in
1337 550 1532 582 eontrarium
1562 550 1668 583 forsan
1694 561 1781 594 quo-

1037 601 1213 634 modolibet
1226 602 1396 642 concessis,
1407 603 1606 636 confirmatis
1624 609 1652 636 et
1668 614 1782 647 appro-

1037 654 1128 695 batis:
1151 655 1266 698 quibus
1285 655 1434 688 omnibus
1453 662 1482 689 et
1495 656 1638 699 singulis,
1656 657 1781 690 etiamsi

1037 708 1075 741 (le
1097 707 1157 740 illis
1176 719 1353 752 eorumque
1374 708 1445 741 totis
1464 709 1627 742 tenoribus
1651 710 1777 753 specia-

1038 761 1087 801 lis,
1108 761 1257 805 specifica
1277 768 1305 794 et
1320 762 1495 803 individua,
1516 773 1579 795 non
1595 769 1700 796 autem
1723 774 1782 807 per

1038 814 1197 847 clausulas
1227 815 1392 858 generales
1423 815 1507 848 idem
1545 815 1778 860 importantes,

1039 867 1157 900 mentio
1176 878 1231 900 seu
1258 868 1318 900 alia
1341 868 1501 912 expressio
1519 869 1666 902 habenda
1685 870 1778 908 soret,

1038 926 1164 954 tenores
1176 920 1360 954 huiusmodi
1373 922 1595 965 praesentibus
1616 933 1675 966 pro
1686 923 1781 966 plene

1038 979 1068 1006 et
1093 974 1292 1007 sufficienter
1325 975 1481 1019 expressis
1512 976 1690 1017 habentes,
1720 976 1781 1009 illis

1038 1027 1115 1060 alias
1133 1027 1163 1060 in
1182 1038 1240 1062 suo
1257 1029 1374 1061 robore
1388 1030 1620 1072 permansuris,
1642 1029 1701 1062 hac
1715 1029 1783 1063 viee

1039 1081 1204 1113 dumtaxat
1220 1082 1401 1125 specialiter
1423 1088 1452 1115 et
1471 1093 1618 1126 expresse
1637 1088 1725 1115 motu
1742 1083 1782 1116 si-

1040 1133 1108 1165 mili
1134 1134 1350 1177 derogamus,
1381 1135 1580 1179 caeterisque
1613 1134 1782 1168 contrariis

1040 1186 1309 1231 quibuscumque.

1085 1241 1100 1281 ἕ
1120 1239 1148 1273 ’5.
1170 1241 1325 1273 Volumus
1351 1246 1457 1274 autem
1485 1247 1516 1274 ut
1537 1242 1693 1286 pecuniae
1715 1252 1783 1275 om-

1041 1305 1107 1331 nesv
1132 1305 1166 1327 ex
1201 1295 1286 1327 dieto
1309 1295 1505 1328 monasterio
1535 1295 1783 1339 quomodolibet

1040 1349 1276 1392 provenientes,
1299 1360 1395 1392 penes
1417 1349 1646 1393 depositarium
1666 1350 1779 1383 Came-

1043 1412 1095 1435 rae
1122 1409 1249 1435 nostrae
1275 1403 1476 1445 Apostolirae
1503 1404 1730 1446 deponantur,
1755 1410 1785 1436 et

1041 1456 1115 1489 iude
1140 1467 1204 1489 non
1227 1463 1463 1499 removeantur,
1485 1457 1546 1490 nisi
1573 1458 1612 1490 ad
1634 1458 1785 1490 est'e‹·tum

1041 1510 1109 1543 illas
1125 1511 1154 1543 iu
1171 1521 1256 1549 usus,
1280 1517 1437 1555 sumptus,
1455 1522 1608 1556 expensas
1630 1517 1656 1544 et
1677 1523 1786 1545 neces-

1041 1565 1149 1598 sitates
1167 1565 1271 1598 ‹lit-tae
1291 1565 1518 1605 bibliothecae,
1540 1576 1603 1598 non
1619 1572 1725 1598 autem
1749 1567 1786 1598 il-

1023 1646 1024 1653 ,
1042 1618 1102 1651 lius
1120 1619 1370 1655 bibliothecarii,
1394 1620 1522 1652 realiter
1537 1625 1650 1652 etcum
1670 1620 1786 1653 effectu

1043 1678 1294 1710 convertantur,
1317 1674 1403 1706 iuxta
1432 1679 1537 1706 tamen
1572 1674 1722 1706 mandata
1748 1675 1786 1706 ab

1043 1727 1156 1760 eodem
1172 1727 1419 1760 bibliothecario
1430 1738 1485 1760 seu
1498 1728 1536 1760 ab
1553 1738 1589 1760 eo
1600 1728 1787 1771 deputando

1042 1781 1285 1814 subscribenda.

1086 1836 1199 1868 Datum
1220 1836 1342 1868 Romae
1356 1835 1441 1878 apud
1462 1840 1607 1868 sanctum
1631 1836 1783 1873 Marcum,

1043 1889 1101 1921 sub
1123 1889 1242 1921 annulo
1260 1888 1442 1924 piscatoris.
1467 1888 1517 1921 die
1540 1899 1548 1921 1
1576 1889 1640 1921 iulii
1666 1899 1786 1924 ¹uncvu,

1045 1942 1252 1986 pontificatus
1270 1942 1368 1975 nostri
1390 1953 1475 1975 anuo
1497 1953 1544 1975 ιιι.

1082 2033 1140 2058 Dat.
1158 2032 1200 2057 ‹lie
1220 2033 1228 2057 1
1249 2031 1304 2057 iulii
1320 2031 1401 2063 1007,
1419 2031 1516 2066 pontif.
1537 2039 1580 2058 au.
1599 2038 1638 2057 111.

1350 2272 1468 2305 Lxxx.

1048 2423 1172 2457 ,vitiario
1190 2424 1374 2467 Apostoli'co
1391 2422 1630 2465 Hispaniarum
1648 2422 1789 2453 commit-

1093 2478 1175 2510 titur
1206 2477 1349 2509 visitatio
1379 2475 1551 2518 hospitatis
1581 2475 1665 2517 reqii
1695 2475 1784 2507 Bur-

1090 2532 1197 2573 (Jcnsis
1213 2529 1230 2562 ¹.

1084 2648 1091 2673 t
1113 2647 1149 2674 Ex
1167 2647 1273 2682 [legest
1292 2646 1317 2672 iu
1333 2645 1434 2672 Secrct.
1458 2643 1590 2671 Brevium.

1680 223 1746 258 433
1793 234 1843 259 An.
1860 233 1888 258 e.
1913 232 1981 260 1607

1825 1249 1914 1270 Fructus
1932 1249 1984 1270 dicti

1798 1279 1921 1297 monasterii
1947 1282 1983 1301 pe-

1875 1302 1983 1328 deposita-

1798 1336 1851 1350 rium
1880 1329 1982 1350 camarae

1798 1357 1932 1382 Apost-Jtieae
1948 1355 1983 1376 de-

1800 1382 1899 1409 ponendi.
