2227 3241
268 335 317 361 κῃ.
333 334 360 361 (2.
386 333 454 361 1605
499 323 564 357 ⁶204

288 1246 406 1267 clausulae.

286 2323 443 2350 Exequutorum

259 2351 384 2377 defflgnatio.

464 389 686 425 quaecumque
698 379 829 421 gratiae,
843 379 986 412 eiusdem
1001 379 1151 413 Gamerae
1163 380 1207 413 in-

465 439 581 467 teresse
595 432 839 476 quomodolibet
849 439 1074 473 concernente,
1093 434 1122 466 in
1138 434 1204 478 ipsa

463 487 593 520 Camera
607 486 690 519 infra
704 492 828 520 certum
844 492 918 519 tunc
932 497 1113 530 expressum
1130 493 1205 520 tem-

462 550 521 583 pus
553 539 771 583 praesentari,
794 539 949 573 insinuari
982 545 1012 573 et
1040 541 1202 583 registrari

462 593 612 638 debeant,
630 593 773 637 alioquin
788 593 908 626 nullius
930 594 1056 627 roboris
1070 594 1116 627 vel
1135 605 1202 627 mo-

462 647 562 679 menti
577 647 725 690 existant)
739 647 1022 691 praesentandum,
1040 647 1202 681 insinuan-

462 700 538 732 dum
560 706 590 733 et
614 700 777 743 registrari
803 700 984 734 faciendum
1006 700 1138 734 minime
1158 707 1202 734 te-

461 753 543 795 neri,
566 764 626 787 nec
651 754 690 787 ad
712 754 743 787 id
761 754 826 787 ulla
846 765 989 798 unquam
1010 754 1134 788 ratione
1154 755 1202 788 vel

461 807 648 841 necessitate
669 807 740 850 cogi
769 818 862 851 posse
875 835 882 849 ,
905 818 1010 852 neque
1030 814 1203 852 propterea

461 861 589 895 easdem
607 866 793 905 praesentes
805 861 927 895 viribus
941 872 1061 902 carere,
1079 861 1134 895 sed
1148 862 1202 894 ab·

460 914 695 948 breviatoribus
719 914 892 958 praedictis
925 925 1104 959 eorumque
1138 915 1203 948 sin-

460 967 543 1010 gulis
563 968 596 1000 in
621 967 770 1002 omnibus
796 974 827 1002 et
850 979 908 1012 per
933 968 1042 1002 omnia
1056 968 1202 1013 (perinde

459 1032 497 1055 ac
517 1021 542 1055 si
560 1021 647 1055 iuxta
668 1022 930 1056 constitutionem
952 1023 997 1056 Pii
1018 1023 1203 1067 praedeces-

460 1075 541 1109 soris
561 1075 747 1109 huiusmodi
768 1081 1001 1120 praesentatae,
1022 1076 1201 1110 insinuatae

460 1134 490 1161 ct
503 1128 701 1171 registratae‚
716 1129 890 1173 omniaque
906 1129 968 1162 alia
982 1129 1022 1162 ad
1042 1129 1074 1162 id
1094 1140 1202 1163 neces-

459 1181 543 1215 saria
556 1182 650 1226 plene
663 1182 838 1226 adimpleta
852 1182 997 1226 fuissent)
1018 1183 1198 1225 suffragari;

505 1237 521 1277 ξ
544 1235 572 1268 7.
592 1235 709 1279 Sicque
728 1246 787 1279 per
806 1241 934 1269 nostros
947 1236 978 1270 S.
1003 1237 1038 1270 R.
1062 1237 1095 1270 E.
1120 1237 1203 1270 vice-

459 1288 688 1322 cancellarium
703 1294 734 1322 et
747 1289 974 1330 camerarium,
987 1300 1112 1323 necnon
1125 1290 1203 1323 utri-

458 1352 560 1386 usque
576 1342 760 1385 signaturae
772 1343 970 1384 huiusmodi,
986 1353 1023 1376 ac
1036 1343 1131 1377 etiam
1146 1354 1202 1377 no-

458 1401 543 1429 strae
574 1402 604 1429 et
635 1406 694 1440 pro
715 1401 862 1441 tempore
880 1396 1041 1430 existentis
1066 1398 1201 1431 Romani

459 1450 623 1484 Pontificis
656 1451 772 1485 domus
802 1452 1006 1495 praefectos,
1034 1452 1202 1496 dictaeque

458 1504 608 1538 Gamerae
636 1504 870 1538 thesaurarium
883 1533 890 1547 ,
912 1505 1056 1546 clericos,
1073 1506 1198 1550 praesi-

460 1558 582 1598 dentes,
607 1558 865 1592 commissarium
891 1559 1074 1601 generalem
1091 1586 1098 1600 ,
1123 1559 1201 1593 dile-

459 1617 526 1646 ctos
537 1612 632 1654 filios,
647 1612 793 1657 aliosque
804 1612 977 1656 ministros,
986 1623 1046 1657 pro
1057 1619 1117 1646 tem
1124 1624 1201 1657 pore

459 1663 644 1705 existentes,
668 1675 796 1699 necnon
817 1675 1040 1710 quoscumque
1066 1666 1198 1707 iudices,

459 1718 699 1752 commissarios
717 1724 747 1752 et
767 1719 941 1762 delegatos,
962 1718 1073 1763 quavis
1093 1724 1202 1752 aucto-

459 1771 553 1805 ritate
569 1772 749 1815 fungentes,
773 1772 868 1806 etiam
895 1783 1062 1806 causarum
1089 1773 1200 1806 Palatii

459 1830 490 1859 et
509 1826 693 1868 generalem
706 1826 856 1860 Gamerae
876 1826 1063 1861 huiusmodi
1077 1827 1202 1861 audito-

458 1889 520 1920 res,
543 1889 670 1913 necnon
691 1879 837 1913 eiusdem
858 1880 1022 1914 Romanae
1041 1880 1201 1914 Ecclesiae

459 1932 639 1966 cardinales
660 1933 799 1976 (sublata
820 1933 865 1967 eis
885 1939 916 1967 et
936 1944 1049 1968 eorum
1071 1934 1202 1968 cuilibet

459 1986 569 2029 quavis
594 1986 686 2020 aliter
710 1986 877 2020 iudicandi
905 1993 936 2020 et
968 1987 1200 2031 interpretandi

458 2039 608 2073 facultate
622 2045 653 2073 et
663 2039 865 2083 auctoritate)
879 2040 1016 2074 iudicari
1031 2046 1061 2074 et
1074 2041 1201 2074 definiri

459 2092 594 2127 debere:
612 2093 739 2127 irritum
750 2104 880 2138 quoque
894 2100 924 2128 et
938 2094 1033 2128 inane
1047 2094 1201 2138 quicquid

458 2157 550 2180 secus
567 2157 664 2191 super
681 2147 730 2181 his
744 2158 762 2180 a
775 2158 951 2191 quoquam,
968 2148 1079 2192 quavis
1092 2154 1201 2182 aucto-

458 2200 569 2242 ritate,
592 2200 731 2234 scienter
748 2201 793 2235 vel
813 2201 1009 2244 ignoranter,
1028 2202 1201 2245 contigerit

458 2254 619 2288 attentari.

503 2309 520 2350 ἓ
541 2308 571 2341 8.
591 2308 778 2342 Mandantes
793 2308 825 2341 in
840 2308 955 2342 virtute
975 2315 1102 2344 sanctae
1123 2310 1200 2344 obe-

459 2360 598 2394 dientiae
611 2362 802 2403 camerario,
827 2362 1037 2404 thesaurario,
1061 2363 1196 2405 clericis,

459 2414 718 2459 praesidentibus
732 2421 763 2449 et
780 2415 1000 2449 commissario
1013 2416 1196 2460 praedictis,

459 2478 637 2512 eorumque
648 2468 793 2512 singulis,
803 2474 961 2513 quatenus
974 2469 1100 2503 easdem
1112 2479 1201 2513 prae-

457 2527 573 2562 sentes,
587 2521 612 2554 si
627 2522 766 2566 desuper
784 2521 931 2566 requisiti
952 2522 1080 2563 suerint,
1100 2522 1131 2554 in
1153 2522 1197 2555 di-

457 2577 507 2608 cta
526 2575 657 2608 Camera
682 2575 927 2618 admittant,'et
951 2574 982 2607 in
1004 2575 1089 2608 illius
1109 2575 1199 2608 libris

457 2628 597 2661 describi
617 2634 648 2662 et
665 2627 841 2671 registrari,
861 2639 898 2662 ac
912 2627 1038 2661 debitae
1059 2638 1199 2672 exequu-

458 2681 538 2714 tioni
559 2682 770 2723 demandari,
792 2687 1005 2727 patentesque
1025 2682 1147 2716 litteras
1169 2688 1199 2716 et

458 2735 632 2779 scripturas
660 2747 696 2770 ac
725 2737 876 2771 mandata
896 2741 1078 2782 opportuna
1099 2736 1195 2770 desu-

1050 333 1184 357 BULLARJ
1190 334 1232 357 UM
1252 335 1404 360 ROMANUM

1475 358 1482 372 Ι

1240 392 1297 425 per
1316 382 1482 426 expediri¹;
1500 393 1563 416 non
1585 383 1806 427 permittentes
1826 385 1912 428 ipsos
1928 385 1977 419 vel

1239 444 1351 467 eorum
1373 436 1558 479 quempiam
1573 436 1713 480 desuper
1729 447 1786 481 per
1806 447 1978 481 quoscum-

1239 499 1301 531 que
1319 494 1431 521 contra
1450 490 1638 523 eorumdem
1650 490 1868 534 praesentium
1888 499 1977 526 teno-

1240 551 1305 574 rem
1340 542 1587 585 quomodolibet
1618 543 1761 577 indebite
1789 544 1974 586 molestari,

1238 595 1387 639 impediri
1405 601 1459 629 aut
1473 596 1658 640 inquietari:
1675 607 1801 631 necnon
1820 604 1883 632 tam
1902 598 1974 640 illis,

1237 659 1332 692 quam
1354 649 1651 692 rice-cancellario,
1675 651 1864 693 camerario,
1887 662 1979 696 prae-

1238 701 1326 735 sectis
1340 707 1369 735 et
1383 702 1584 736 auditoribus
1597 702 1838 746 praedictis²,ut
1848 704 1907 749 ipsi
1921 716 1979 750 per

1237 765 1280 796 se,
1301 756 1350 788 vel
1369 755 1479 797 alium,
1496 766 1551 789 seu
1565 756 1657 797 alios,
1670 756 1791 791 eisdem
1811 758 1978 792 abbrevia-

1237 808 1361 842 toribus
1382 809 1414 842 in
1434 809 1620 853 praemissis
1633 810 1770 845 efficacis
1784 811 1979 845 defensionis

1236 862 1399 905 praesidio
1425 862 1629 905 assistentes,
1653 864 1771 898 saciant
1794 870 1979 909 praesentes

1237 915 1358 949 litteras
1382 915 1592 955 huiusmodi,
1621 927 1658 950 ac
1688 917 1721 950 in
1753 917 1798 952 eis
1828 923 1978 953 contenta

1237 979 1474 1013 quaecumque,
1495 969 1534 1002 ab
1555 970 1705 1004 omnibus
1726 977 1757 1005 et
1776 971 1921 1015 singulis,
1937 972 1978 1005 ad

1237 1033 1317 1066 quos
1341 1028 1463 1067 spectat
1491 1034 1526 1056 ac
1550 1034 1610 1068 pro
1632 1029 1775 1069 tempore
1796 1025 1974 1070 spectabit,

1237 1076 1465 1110 inviolabiliter
1484 1077 1660 1120 observari,
1685 1078 1836 1123 ipsosque
1860 1079 1977 1113 abbre-

1236 1129 1374 1163 viatores
1391 1130 1453 1164 illis
1469 1130 1621 1164 omnibus
1641 1136 1673 1165 et
1688 1131 1821 1175 singulis
1849 1143 1978 1166 eorum-

1237 1193 1299 1226 que
1319 1194 1379 1216 usu
1399 1189 1430 1216 et
1450 1184 1622 1218 commodo
1636 1185 1769 1228 pacifice
1783 1185 1844 1218 srui
1858 1191 1889 1219 et
1901 1196 1978 1228 gau-

1237 1236 1330 1269 dere:
1348 1236 1601 1270 contradictores
1619 1243 1650 1270 et
1669 1237 1803 1271 rebelles
1817 1238 1978 1282 quoslibet

1237 1299 1295 1332 per
1315 1289 1490 1323 sententias
1505 1317 1512 1329 ‚
1538 1300 1689 1324 censuras
1721 1297 1751 1324 et
1776 1301 1897 1335 poenas
1920 1301 1975 1325 ec-

1237 1342 1440 1383 clesiasticas,
1456 1343 1648 1377 auctoritate
1672 1346 1783 1378 nostra
1802 1344 1976 1389 praedicta,

1237 1396 1452 1440 appellatione
1486 1398 1665 1441 postposita
1679 1425 1686 1439 ,
1718 1398 1973 1442 compescendo,

1237 1449 1451 1494 legitimisque
1477 1461 1574 1494 super
1593 1451 1642 1484 his
1666 1451 1823 1486 habendis
1846 1452 1978 1486 servatis

1235 1503 1449 1545 processibus,
1473 1504 1602 1537 easdem
1622 1504 1808 1547 sententias,
1828 1516 1979 1540 censuras

1236 1561 1268 1589 et
1286 1567 1418 1600 poenas,
1442 1557 1538 1590 etiam
1560 1557 1682 1591 iteratis
1702 1558 1835 1601 vicibus,
1858 1569 1975 1602 aggra-

1235 1611 1350 1650 vando,
1372 1610 1518 1644 invocato
1543 1611 1583 1644 ad
1607 1611 1685 1653 hoc,
1709 1612 1734 1645 si
1759 1622 1841 1657 opus
1866 1612 1974 1655 fuerit,

1236 1664 1359 1698 brachii
1380 1664 1553 1698 saecularis
1574 1665 1703 1699 auxilio.

1280 1719 1296 1760 g
1321 1718 1352 1751 9.
1380 1719 1449 1752 Non
1474 1719 1675 1753 obstantibus
1705 1720 1890 1764 praemissis
1905 1747 1913 1763 ‚
1939 1731 1976 1755 ac

1235 1771 1281 1805 Pii
1302 1776 1333 1805 et
1352 1771 1430 1806 Sixti
1460 1773 1746 1816 praedecessorum
1768 1773 1973 1815 huiusmodi,

1235 1835 1373 1867 necnon,
1390 1831 1547 1870 quatenus
1567 1836 1647 1870 opus
1667 1827 1718 1869 sit,
1742 1828 1782 1861 de
1800 1827 1898 1861 rebus
1916 1827 1976 1861 Ec-

1236 1878 1351 1912 clesiae
1382 1890 1446 1912 non
1479 1879 1657 1913 alienandis
1685 1881 1820 1925 aliisque
1852 1881 1974 1914 consti-

1236 1932 1411 1966 tutionibus
1433 1938 1463 1966 et
1491 1933 1752 1968 ordinationibus
1777 1934 1974 1978 apostolicis,

1235 1997 1360 2020 necnon
1381 1986 1532 2020 Gamerae
1556 1987 1649 2020 Urbis
1669 1993 1701 2021 et
1719 1988 1831 2021 Palatii
1848 1988 1976 2032 praedi-

1236 2045 1372 2083 ctorum,
1393 2040 1488 2073 etiam
1515 2040 1708 2082 iuramento,
1729 2041 1977 2076 confirmatione

1235 2093 1410 2138 apostolica
1430 2095 1478 2127 vel
1500 2094 1610 2137 quavis
1628 2093 1781 2128 firmitate
1799 2095 1861 2128 alia
1880 2095 1978 2129 robo-

1235 2147 1322 2188 ratis,
1339 2147 1465 2190 statutis
1486 2152 1516 2180 et
1536 2147 1835 2189 consuetudinibus,
1854 2148 1976 2190 usibus,

1235 2200 1372 2234 decretis
1401 2207 1432 2234 et
1464 2201 1771 2242 reformationibus,
1802 2201 1976 2245 privilegiis

1235 2264 1382 2298 quoque,
1411 2253 1543 2287 indultis
1568 2259 1599 2287 et
1626 2254 1741 2288 litteris
1765 2254 1972 2299 apostolicis,

1235 2307 1296 2340 illis
1320 2317 1499 2351 corumque
1531 2307 1723 2341 officialibus
1748 2313 1779 2341 et
1803 2308 1974 2350 ministris,

1234 2361 1433 2405 caeterisque
1462 2361 1626 2404 personis,
1650 2361 1699 2394 ius
1719 2366 1750 2394 et
1769 2361 1921 2395 interesse
1941 2361 1973 2394 in

1233 2414 1428 2458 praemissis,
1439 2415 1487 2447 vel
1502 2414 1585 2448 circa
1599 2425 1646 2456 ea,
1663 2420 1718 2448 aut
1730 2425 1841 2448 eorum
1852 2415 1974 2459 aliqua,

1233 2478 1318 2501 nunc
1338 2473 1368 2501 et
1388 2478 1448 2512 pro
1473 2473 1618 2512 tempore
1642 2468 1888 2512 quomodolibet
1911 2468 1971 2502 ha-

1234 2521 1382 2554 bentibus
1403 2526 1433 2555 et
1452 2521 1749 2565 praetendentibus,
1772 2532 1831 2565 per
1847 2521 1974 2566 praedi—

1233 2580 1299 2608 ctos
1314 2580 1343 2608 et
1357 2585 1579 2619 quoscumque
1592 2575 1671 2608 alios
1684 2575 1845 2608 Romanos
1865 2575 1973 2609 Ponti-

1233 2628 1310 2662 fices
1321 2629 1585 2673 praedecessores
1598 2634 1736 2670 nostros,
1745 2638 1782 2662 ac
1792 2629 1887 2662 etiam
1901 2639 1970 2670 nos,

1267 2700 1280 2727 1
1303 2699 1403 2727 Forsan
1419 2699 1598 2736 supplendum
1612 2700 1723 2734 faciant
1742 2701 1780 2735 (n.
1800 2700 1847 2734 Τ.).

1267 2744 1284 2770 2
1303 2743 1478 2779 Subintellige
1493 2744 1663 2773 inundantes
1676 2744 1713 2779 (n.
1725 2746 1773 2779 ¹r.).

1996 337 2046 365 εἴη.
2059 336 2088 365 C.
2109 318 2193 367 ¹603*

2150 1731 2156 1736 .
2202 1715 2203 1735 l

2058 1730 2169 1758 Dei-offatm

1990 1758 2150 1780 contrariorum.
