2227 3241
40 240 88 267 An.
104 237 131 265 C.
158 237 226 264 1608

67 883 177 905 Clausutne
187 889 224 909 pro

41 912 184 938 praesentium
201 911 224 930 li-

41 940 132 958 terarum
163 937 225 957 firmi·

41 966 92 985 tate.

91 2590 236 2619 nequatur-2³

53 2619 172 2641 eurumdem
181 2619 236 2641 dw-

55 2647 123 2670 guam.

884 238 1001 262 eAttLUs
1022 238 1041 261 V
1061 237 1100 261 Pf'
1106 256 1111 261 .

238 285 448 329 permittere,
473 286 519 318 vel
546 286 641 319 etiam
672 291 784 318 mutuo
805 286 902 325 dare,
931 287 996 319 reli

238 340 452 373 accomodare
473 350 604 383 quoquo
637 340 733 372 modo
755 340 892 372 audeant
923 349 978 372 seu

236 399 457 436 praesumant,
482 393 672 426 auctoritate
693 393 867 436 apostoliea
889 402 997 435 prae-¹

238 447 322 479 dicta
362 453 520 491 perpetuo
557 447 732 492 districtius
769 446 952 478 inhibemus
971 456 979 484 ·,

237 511 319 543 quae
346 506 450 533 tamen
470 496 627 533 (ensurae
649 506 676 533 et
700 510 823 543 poenae
849 510 912 531 non
935 499 998 530 in-¹

237 554 364 587 cludant
384 564 554 597 personam
570 553 725 597 praedicti
746 552 898 585 Fri‹;leriei
917 562 981 584 ‹tar-

237 607 364 647 (tinans,
387 618 491 651 neque
513 607 793 650 comprehendant
813 616 978 649 personas,

236 660 353 704 quibus
379 661 444 704 ipse
476 660 658 693 Fridericus
684 660 856 692 eardinalis
882 659 980 692 sacul-

238 719 334 746 tatem
357 714 556 753 extrahendi,
574 719 614 753 et,
632 713 671 746 ad
694 720 820 757 tempus
839 713 895 757 ipsi
915 713 982 745 Fri-

238 767 349 800 derico
364 767 516 801 cardinali
528 767 640 805 visunt
652 767 760 799 utendi
776 777 831 799 seu
850 766 980 810 aptandi

239 822 444 854 concesserit.
998 823 1000 850 t

284 877 301 917 ἓ
321 874 374 908 ⁶26.
395 876 618 914 Decernentes,
643 880 829 918 praesentes
846 874 978 914 litteras,

240 928 334 962 etiam
354 940 389 961 ex
404 939 452 968 eo,
469 929 557 972 quod
577 928 730 961 interesse
752 928 908 960 babentes
926 938 980 961 seu

239 981 358 1015 babere
384 982 633 1025 praetendentes
662 982 701 1014 ad
729 981 904 1024 praemissa
929 991 1000 1027 νεὶ-Ξ

239 1035 300 1068 eati
321 1046 385 1068 non
411 1035 527 1068 suerint
545 1063 552 1075 ‚
575 1046 633 1067 nee
656 1035 717 1067 illis
739 1035 978 1074 consenserint,

240 1089 412 1133 minusque
433 1100 567 1127 causae,
592 1095 725 1133 propter
745 1099 824 1132 quas
846 1099 978 1121 emana-

240 1149 325 1183 runt,
351 1143 445 1176 etiam
469 1153 576 1176 coram
600 1143 660 1176 loci
682 1142 864 1183 Ordinatio,
886 1143 980 1175 ctiam

240 1202 403 1240 tamquam
437 1207 454 1229 a
486 1197 568 1230 Sede
593 1196 776 1240 Apostoliea
809 1196 979 1238 delegato,

239 1250 439 1283 examinatae
468 1256 497 1283 et
526 1250 714 1283 iustificatae
733 1250 780 1282 vel
802 1249 983 1282 verisseatae

239 1303 424 1343 extiterint,
449 1309 504 1336 aut
525 1315 560 1336 ex
586 1304 697 1347 quovis
723 1303 785 1336 alio
807 1303 909 1347 capite
935 1303 981 1335 rel

241 1358 347 1394 causa,
368 1357 574 1400 quantumvis
603 1357 743 1397 legitima
766 1363 796 1389 et
827 1356 980 1391 iurisliea,

241 1410 279 1443 de
300 1410 516 1454 subreptionis
547 1411 592 1443 vel
608 1410 819 1454 obreptionis,
843 1420 897 1443 seu
914 1410 984 1442 nul-

240 1464 336 1497 litatis
357 1464 452 1502 vitio,
475 1470 525 1496 aut
559 1464 744 1496 intentionis
772 1469 899 1497 nostrae
937 1463 982 1496 vel

240 1518 303 1550 alio
322 1518 474 1561 quopiam
498 1518 621 1551 deses-tu
645 1518 760 1555 notari,
787 1518 981 1561 impugnari,

240 1571 420 1609 retraetari,
444 1571 627 1611 annullari,
658 1571 848 1608 invalitlari,
870 1582 924 1604 seu
954 1571 1003 1604 in¹

241 1624 289 1658 ius
310 1625 354 1657 vel
378 1625 629 1657 controversiam
653 1625 771 1661 vorari,
797 1631 848 1657 aut
874 1625 985 1658 adver-

240 1688 293 1710 sus
314 1677 383 1710 illas
407 1678 636 1721 quodcumque
660 1678 748 1715 iuris,
774 1678 908 1717 arabae,
937 1679 983 1711 vel

242 1731 313 1763 faeti
330 1731 507 1763 remedium
531 1731 694 1775 impetrari
712 1732 897 1765 nullatenus
916 1743 986 1764 uin-

241 1794 337 1828 quam
356 1794 459 1828 posse,
476 1784 531 1817 sed
552 1795 680 1828 semper
708 1791 734 1817 et
758 1791 914 1829 perpetuo
935 1796 987 1818 va-

242 1837 323 1870 lidas
347 1844 377 1871 et
402 1837 546 1871 efficaces
576 1848 643 1871 esse
669 1844 699 1871 et
729 1839 818 1876 sore,
847 1849 986 1883 suosque

242 1891 405 1934 plenarios
436 1897 466 1924 et
498 1892 639 1934 integros
665 1893 796 1926 effectus
817 1893 923 1926 sortiri
956 1898 984 1926 et

243 1945 406 1979 obtinere:
428 1945 538 1990 sicque
552 1957 610 1990 per
623 1957 846 1991 quoscumque
866 1947 986 1981 iudices

243 1998 424 2032 ordinarios
456 2005 486 2032 et
511 1999 685 2042 delegatos,
710 2001 820 2044 quavis
849 2001 986 2033 auetori-

244 2057 307 2084 tate
337 2052 523 2094 fungentes,
552 2053 646 2086 etiam
676 2064 845 2087 causarum
876 2050 1004 2087 Patalii*

244 2106 418 2149 Apostolici
441 2106 625 2147 auditores,
650 2113 679 2140 et
704 2108 734 2141 S.
760 2108 794 2140 tt.
820 2108 850 2140 Ε.
876 2108 983 2141 carili-

244 2159 343 2199 nales‚
373 2159 467 2192 etiam
501 2160 540 2193 de
569 2160 667 2193 latere
693 2161 814 2203 legatos
841 2161 987 2205 (sublata

245 2212 290 2244 eis
319 2218 347 2246 et
375 2223 487 2246 eorum
507 2213 637 2247 cuilibet
658 2215 768 2258 quavis
789 2215 881 2247 aliter
907 2214 988 2247 iudi-

245 2259 337 2299 candi
375 2272 405 2299 et
439 2266 660 2310 interpretanti
690 2268 839 2300 facultate
871 2274 901 2301 et.
933 2278 989 2301 au-

246 2319 404 2361 ctoritate)
426 2319 545 2363 ubique
568 2320 700 2353 iudicari
722 2326 752 2353 et
778 2320 904 2354 deliniri
935 2322 989 2354 de-

246 2373 333 2414 bere,
357 2373 483 2406 irritum
506 2384 635 2418 quoque
653 2380 684 2407 et
709 2375 820 2413 inane,
849 2375 872 2408 si
899 2385 989 2408 secus

246 2437 343 2471 super
362 2427 410 2460 liis
428 2438 445 2460 a
462 2437 638 2471 quoquam,
660 2429 771 2472 quavis
789 2429 988 2470 auctoritate,

247 2480 385 2513 scienter
410 2481 455 2514 vel
479 2480 675 2523 ignoranter,
700 2482 869 2521 contigerit
890 2487 989 2515 atten-

250 2534 321 2568 tari.

296 2588 378 2631 3⁶27.
394 2589 550 2629 Quocirca
564 2588 687 2622 dilectis
706 2588 778 2621 siliis
796 2588 902 2621 euriae
917 2598 990 2620 eau-

253 2651 358 2674 sarum
380 2642 531 2675 Gamerae
551 2641 752 2685 Apostolbae
773 2641 912 2683 generali
933 2651 988 2673 au-

1012 285 1124 326 ditori,
1148 296 1183 318 ae
1211 285 1487 329 areliipreslnyteio
1517 284 1668 316 ecclesiae
1696 285 1756 316 Me-

1014 339 1221 379 diolanensis‚
1246 350 1281 371 ae
1304 339 1422 371 vicario
1443 338 1633 370 venerabilis
1651 338 1756 370 fratris

1014 392 1116 424 nostri
1131 392 1364 435 archiepiscopi
1380 391 1623 424 Mediolanensis
1645 391 1674 423 in
1693 391 1757 435 spi-

1015 445 1185 477 ritualibus
1203 445 1355 487 generali.
1373 455 1429 489 per
1442 445 1617 488 apostoliea
1638 444 1756 488 scripta

1016 499 1217 538 mandamus,
1242 504 1399 542 quatenus
1424 499 1500 542 ipsi,
1529 499 1576 530 vel
1595 499 1679 535 duo,
1703 503 1757 530 aut

1016 562 1097 584 unus
1115 562 1239 590 eorum,
1261 563 1318 596 per
1331 564 1375 590 se,
1396 553 1441 585 vel
1458 553 1568 591 alium,
1589 563 1643 585 seu
1662 553 1752 592 alios,

1015 612 1200 648 praesentes
1230 606 1371 645 litteras,
1401 612 1428 639 et
1465 606 1494 638 in
1528 606 1572 638 eis
1606 611 1756 639 contenta

1015 669 1250 703 quaecumque,
1268 659 1335 699 ubi,
1357 665 1387 692 et
1401 660 1530 703 quando
1551 669 1632 702 opus
1651 659 1754 700 fuerit,

1016 722 1052 744 ae
1073 712 1200 756 quoties
1220 723 1279 756 pro
1301 718 1391 756 parte
1413 713 1756 746 Fridcriei-cardinalis

998 772 1047 820 ¹et
1077 766 1244 799 doctorum
1282 773 1310 799 et
1343 767 1480 800 aliorum
1515 767 1753 810 praedictorum

1018 820 1132 853 suerint
1153 821 1310 864 requisiti,
1334 821 1523 854 solemniter
1540 820 1752 864 publicantes,

1016 873 1125 917 eisque
1147 874 1177 906 in
1198 875 1383 918 praemissis
1405 874 1542 907 efficacis
1563 875 1756 907 defensionis

998 945 1000 957 2
1016 927 1176 970 praesidio
1191 928 1384 963 assistentes,
1399 927 1513 961 saciant
1526 938 1580 961 eos
1595 934 1755 961 eteorum

1015 980 1158 1021 singulos
1181 982 1364 1025 praemissis
1389 982 1540 1015 omnibus
1568 988 1598 1015 et
1622 982 1756 1022 singulis

1017 1034 1149 1077 pacifice
1168 1035 1227 1067 frui
1247 1041 1277 1068 et
1295 1036 1445 1077 gaudere⁷
1465 1046 1499 1068 ae
1520 1035 1648 1068 easdem
1670 1046 1758 1079 prae-

1016 1094 1120 1121 sentes
1135 1094 1165 1121 et
1186 1088 1216 1121 in
1235 1088 1279 1120 eis
1298 1094 1446 1121 contenta
1466 1099 1690 1132 quaecumque
1710 1089 1759 1121 tir-

1018 1140 1112 1173 miter
1136 1141 1321 1182 observari,
1349 1151 1412 1174 non
1440 1142 1663 1185 permittentes
1688 1142 1758 1175 illos

999 1229 1001 1237 ⁴
1019 1195 1063 1227 vel
1085 1205 1197 1227 eorum
1220 1195 1360 1239 aliquem
1383 1206 1479 1239 super
1499 1195 1684 1239 praemissis
1703 1206 1760 1239 per

1017 1258 1240 1292 quoscumque
1261 1248 1508 1292 quomodolibet
1527 1249 1667 1282 indebite
1690 1259 1759 1282 mo-

1019 1302 1136 1339 leslari3
1161 1303 1354 1346 perturbari,
1380 1303 1426 1335 vel
1447 1303 1611 1347 impediri:
1634 1309 1760 1335 contra-

1000 1345 1157 1390 ]dietores
1181 1357 1342 1400 quoslibet
1366 1362 1397 1389 et
1426 1357 1572 1403 rebelles7
1603 1367 1637 1390 ae
1665 1367 1758 1400 prae-

1000 1410 1162 1443 ,sentibus
1195 1420 1258 1443 non
1291 1416 1450 1454 parentes.
1487 1421 1544 1454 per
1573 1411 1756 1449 sententias,

1001 1484 1002 1487 =
1019 1474 1169 1497 censuras
1187 1470 1217 1496 et
1235 1474 1354 1507 poenas
1371 1464 1613 1500 ecclesiasticas,
1634 1465 1760 1508 aliaque

1019 1523 1201 1560 opportuna
1228 1517 1304 1550 iuris
1323 1524 1350 1550 et
1375 1518 1446 1550 faeti
1473 1519 1627 1554 remedia,
1652 1519 1761 1562 appel-

1021 1570 1137 1603 latione
1155 1571 1341 1615 postposita,
1360 1572 1607 1616 compescendo,
1625 1582 1760 1608 nec-non,

1021 1624 1169 1665 legitimis
1186 1636 1282 1669 super
1300 1625 1349 1657 liis
1368 1625 1525 1658 habendis
1539 1625 1670 1658 servatis
1688 1636 1762 1669 pro-

1020 1679 1171 1715 cessibus,
1197 1680 1323 1712 easdem
1350 1679 1534 1719 sententias,
1558 1690 1708 1712 censuras
1733 1686 1760 1711 et

1022 1742 1140 1775 poenas
1158 1733 1254 1765 etiam
1270 1733 1388 1765 iteratis
1402 1733 1523 1765 vicibus
1544 1733 1758 1774 aggravando,

1022 1785 1167 1819 invocato
1185 1786 1279 1819 etiam
1295 1786 1333 1819 ad
1352 1786 1423 1825 boc,
1445 1787 1468 1819 si
1488 1796 1569 1830 opus
1588 1786 1693 1826 fuerit,
1707 1797 1762 1819 au-

1021 1839 1095 1872 xilio
1119 1839 1242 1872 braebii
1263 1839 1447 1872 saecularis.

1065 1895 1081 1935 ξ
1100 1892 1152 1926 28.
1176 1894 1243 1926 Non
1263 1893 1462 1926 obstantibus
1482 1894 1579 1937 priori
1599 1894 1761 1927 voluntate

1021 1950 1128 1981 nostra
1146 1947 1319 1991 praedicta,
1340 1957 1375 1979 ac
1393 1947 1613 1980 lateranensis
1631 1948 1761 1981 Concilii

1021 2001 1191 2034 novissime
1223 2000 1398 2036 celebrati.
1427 2001 1562 2033 uniones
1593 2006 1763 2045 perpetuas

1022 2054 1080 2088 nisi
1115 2054 1143 2086 in
1182 2054 1307 2086 casibus
1339 2065 1355 2086 a
1393 2054 1461 2087 iure
1495 2054 1657 2097 permissis
1694 2054 1762 2086 lieri

1023 2107 1231 2152 prohibentis,
1257 2117 1314 2139 nee
1332 2117 1395 2139 non
1415 2107 1513 2139 felicis
1533 2107 1765 2140 recordationis

1022 2160 1174 2194 bonifacii
1195 2161 1298 2204 Papae
1313 2161 1374 2193 Vttt
1397 2160 1650 2204 praedecessoris
1665 2161 1763 2192 nostri

1022 2214 1116 2246 etiam
1144 2214 1207 2252 itta,
1241 2224 1304 2257 qua
1336 2220 1486 2252 cavetur,
1511 2224 1549 2246 ne
1579 2214 1650 2256 quis
1677 2219 1762 2245 extra

1022 2277 1112 2300 suam
1137 2267 1319 2307 civitatem,
1344 2268 1389 2299 vel
1413 2267 1610 2301 dioecesim.
1642 2267 1699 2299 nisi
1734 2267 1763 2298 in

1023 2320 1116 2354 certis
1137 2320 1293 2364 expressis
1319 2320 1461 2356 casibus,
1491 2326 1518 2351 et
1544 2321 1572 2352 in
1596 2320 1657 2352 illis
1683 2320 1764 2352 ultra

1024 2383 1121 2407 unam
1147 2374 1265 2407 dietam
1293 2384 1308 2405 a
1340 2374 1402 2407 line
1428 2384 1503 2406 suae
1537 2373 1693 2406 dioecesis
1726 2374 1764 2405 ad

1025 2428 1178 2461 iudicium
1199 2434 1359 2467 evocetur,
1382 2439 1435 2461 seu
1459 2438 1496 2460 ne
1520 2428 1640 2459 iudices
1658 2427 1696 2459 ab
1716 2429 1766 2459 eii-

1025 2481 1096 2514 dem
1126 2481 1206 2514 Sede
1243 2481 1385 2525 deputati
1423 2487 1510 2513 extra
1547 2481 1706 2513 civitatem
1737 2486 1766 2513 et

1025 2534 1221 2574 dioecesim,
1252 2535 1282 2567 in
1309 2534 1425 2578 quibus
1458 2534 1600 2577 deputati
1634 2533 1762 2571 tuerint,

1024 2593 1136 2621 contra
1157 2598 1377 2631 quoscumque
1404 2587 1601 2630 procedere,
1633 2593 1687 2619 aut
1712 2587 1764 2620 alii

1007 2641 1070 2683 ¹vel
1104 2641 1172 2673 aliis
1210 2641 1291 2673 viees
1327 2651 1399 2673 suas
1431 2640 1631 2672 committere
1667 2650 1762 2684 prae-

1661 224 1724 258 523
1771 233 1819 259 An.
1841 232 1868 258 e
1889 234 1954 259 teo8

1826 1900 1963 1919 obstantibus

1779 1927 1811 1946 alet
1819 1929 1874 1951 azel.
