2227 3241
909 257 1007 283 mnzx
1030 256 1139 284 annun
1680 245 1745 281 683

347 310 417 351 post
440 310 587 347 mortem,
622 307 699 342 ibid.
725 312 755 343 et
785 319 846 354 seq.
872 309 973 353 Super
998 309 1114 355 quibus
1139 309 1172 343 fit
1196 310 1379 354 inquisitio,
1405 312 1435 344 et
1459 318 1648 354 processuS,
1675 309 1736 344 496
1763 307 1788 341 b.

348 360 394 394 Ss.
420 360 500 395 Albo
525 360 733 404 adscribitur,
760 363 832 396 498.
857 361 932 396 Dies
956 363 1054 396 festus
1079 363 1097 394 9
1123 364 1197 396 maii
1222 362 1384 404 addictus,
1411 363 1472 397 499
1497 361 1523 396 b.

257 412 444 448 Franciscns
468 414 638 449 cardinalis
664 415 817 459 Gioyosa,
843 415 906 449 388
931 428 951 449 a
975 427 1036 460 seq.
1062 415 1098 450 Ei
1122 416 1194 450 data
1221 416 1352 451 facultas
1384 416 1586 451 interdictum
1621 416 1791 452 amovendi

344 466 383 500 ab
408 466 488 501 urbe
512 467 726 510 Venetiarum‚
752 468 829 502 ibid.

257 519 444 554 Franciscus
468 519 509 552 de
533 519 683 561 Quesada
709 523 882 556 canonicus
906 522 1093 557 Gadicensis
1118 524 1139 558 1.
1165 523 1199 557 L‘.
1225 523 1346 563 doctor,
1374 524 1436 558 290
1461 534 1490 557 a.

256 573 442 607 Franciscus
468 573 585 607 Ferran
610 573 710 608 abbas
735 574 764 607 S.
790 574 949 609 Vincentii
973 576 1012 610 de
1037 575 1192 616 Cardona‚
1220 577 1260 610 19
1285 576 1311 610 b.

256 626 444 662 Franciscus
469 626 567 661 Maria
591 627 763 662 cardinalis
789 627 829 661 de
853 628 968 671 Monte,
995 630 1057 664 448
1083 629 1109 663 b.

256 679 444 715 Franciscus
470 680 551 716 tituli
574 681 603 714 S.
629 680 738 715 Crucis
763 682 794 715 in
821 681 1032 726 Hyernsalem
1056 683 1226 718 cardinalis
1251 683 1290 717 de
1312 684 1412 726 Avila,
1439 684 1501 718 290
1526 694 1555 717 α.

257 733 445 770 Franciscus
468 734 496 768 11
521 734 634 768 Ssortia
659 733 858 777 vicecomes,
884 735 1053 770 Mediolani
1078 737 1152 778 dux,
1175 738 1237 771 518
1262 748 1291 770 a.
1316 736 1416 771 Unam
1441 736 1652 781 capellaniam
1677 745 1791 781 perpe-

346 792 432 823 tuam
456 789 488 822 in
515 788 650 822 ecclesia
674 789 786 822 maiori
810 788 1040 825 Mediolanensi
1066 791 1271 828 fundaverat.
1300 792 1363 825 518
1389 803 1418 825 a.

257 841 443 877 Franciscus
468 841 559 876 Vieta
584 841 744 887 quoddam
769 841 989 877 kalendarium
1019 843 1099 886 edit,
1126 844 1268 890 illudque
1301 845 1531 889 Gregorianum
1564 844 1640 879 falso
1675 846 1795 880 inscri-

345 894 408 938 bit,
436 896 453 929 4
479 906 508 929 a.

259 949 440 985 Fridericus
465 949 636 984 cardinalis
673 951 880 985 Borromaeus
916 950 1057 985 scholam
1084 950 1327 986 Anibi-osianam
1352 954 1466 997 erigit,
1493 954 1552 987 511
1581 953 1606 987 b.
1636 952 1737 998 Leges
1766 954 1795 987 ei

348 1003 477 1046 indicit,
503 1003 580 1037 ibid.
605 1003 832 1038 BIbHothecam
850 1007 1023 1047 comparat,
1043 1003 1119 1038 ibid.
1145 1004 1392 1041 Constitutiones
1418 1016 1473 1050 pro
1491 1006 1624 1051 collegIo
1646 1006 1794 1051 Papiensi

347 1057 506 1100 efformat,
531 1056 596 1091 655
619 1068 680 1102 seq.
706 1057 769 1092 Sex
805 1057 997 1102 capellanias
1030 1058 1061 1091 in
1096 1058 1232 1096 eeclesia
1256 1061 1367 1094 maiori
1391 1059 1619 1094 Mediolanensi
1645 1061 1795 1101 instituit,

348 1111 411 1145 518
436 1122 466 1144 α.
491 1111 587 1145 Suam
613 1111 701 1155 eligit
724 1111 939 1156 sepulturam,
967 1111 1043 1145 ibid.

257 1164 449 1207 Frumenta,
473 1164 598 1210 aliaque
623 1165 716 1199 huius
741 1166 870 1208 generis
895 1174 911 1198 e
933 1165 1020 1199 Statu
1056 1165 1274 1201 ecclesiastico
1299 1167 1467 1202 extrahere
1493 1168 1646 1210 vetitum,
1673 1167 1735 1202 173
1761 1177 1790 1201 α.

346 1217 412 1253 Sub
436 1227 540 1262 poena
565 1219 921 1259 excomm-nicationis,
949 1217 1012 1251 262
1037 1229 1066 1251 α.

258 1270 415 1307 Fuliensis
439 1271 660 1316 Congregatio,
686 1271 758 1305 vide
782 1271 814 1305 B.
840 1271 967 1306 Mariae.

1015 1389 1040 1421 t}

261 1486 388 1521 Gabriel
412 1486 582 1525 cardinalis
606 1485 764 1520 Paleottus
790 1485 1050 1529 archiepiscopus
1076 1485 1302 1527 Bononiensis,
1324 1486 1385 1519 147
1408 1496 1437 1518 a.

262 1540 435 1577 Galliarum
458 1540 588 1584 regibus
613 1550 802 1574 concessum
827 1541 876 1574 Ius
900 1539 1085 1574 nominandi
1109 1539 1148 1574 ad
1173 1539 1326 1573 ecclesias
1351 1543 1382 1573 et
1408 1540 1596 1573 monasteria
1612 1538 1793 1574 Britanniae

351 1598 383 1629 et
406 1595 612 1637 Provinciae,
639 1593 702 1628 224
727 1593 775 1627 b.—

261 1647 459 1692 Galliguillos
485 1648 552 1693 (de)
577 1647 711 1683 Eremus
737 1649 767 1681 in
793 1648 1018 1683 monasterium
1044 1648 1187 1690 erigitur,
1217 1648 1259 1680 39
1290 1657 1323 1686 α;
1356 1651 1386 1681 et
1413 1646 1522 1681 delicit
1548 1656 1566 1680 a
1587 1647 1687 1690 primo
1714 1646 1799 1681 insti-

351 1706 417 1737 tuto
442 1703 483 1736 39
509 1702 535 1736 b.

263 1756 391 1790 Garzias
415 1755 562 1790 Millinus:
588 1755 659 1789 vide
683 1756 817 1790 loannes
843 1755 981 1789 Garzias.

263 1809 372 1844 Goana
396 1809 554 1852 ecclesia,
580 1810 643 1843 383
668 1821 697 1843 (ι.
722 1810 873 1844 Canonici
899 1809 998 1851 illius,
1024 1810 1078 1854 qui
1104 1809 1207 1842 officio
1244 1809 1273 1841 S.
1310 1808 1527 1853 inquisitionis
1559 1806 1677 1842 addicti
1708 1811 1798 1848 sunt,

350 1865 494 1909 quamvis
520 1863 638 1898 divinis
663 1863 776 1897 officiis
801 1865 832 1897 in
858 1862 993 1898 ecclesia
1019 1872 1080 1896 non
1110 1864 1271 1903 intersint,
1299 1866 1401 1896 tamen
1435 1861 1614 1905 percipiunt
1646 1859 1797 1895 distribu-

353 1918 454 1951 tiones
479 1917 694 1962 quotidianas,
722 1916 799 1949 ibid.

264 1971 469 2006 Granatensis
489 1972 581 2015 regni
598 1971 808 2005 ecclesiastici
827 1979 906 2016 quas
924 1971 1076 2013 decimas,
1093 1975 1123 2005 et
1141 1970 1298 2015 quomodo
1315 1969 1439 2003 solvere
1454 1968 1600 2012 debeant,
1620 1969 1682 2003 598
1703 1979 1722 2001 a
1738 1978 1799 2012 seq.

264 2024 410 2068 GregorIi
435 2024 492 2068 (S.)
519 2024 656 2059 ecclesia
682 2024 844 2066 Panormi,
872 2025 929 2057 481
959 2035 987 2057 a.

265 2077 440 2123 Gregorius
479 2078 547 2112 XIII
587 2089 703 2112 novum
744 2077 963 2112 kalendarium
1002 2078 1143 2111 omnium
1192 2076 1485 2110 emendatissimum
1535 2077 1649 2109 confici
1686 2079 1799 2116 curat,

353 2142 424 2177 pag.
451 2134 467 2166 4
494 2144 523 2166 α.
560 2132 730 2167 Parochias
764 2135 794 2166 in
832 2141 931 2176 regno
960 2130 1120 2164 Valentiae
1158 2140 1214 2174 pro
1246 2129 1362 2163 Mauris
1398 2129 1436 2162 ad
1475 2128 1567 2162 tidem
1593 2128 1797 2162 christianam

356 2188 520 2221 conversis
545 2189 624 2230 erigi
651 2187 796 2229 mandat,
823 2186 861 2220 24
887 2197 916 2218 a.
942 2184 1041 2227 Erigit
1065 2183 1207 2217 Militiam
1239 2183 1267 2215 S
1302 2182 1447 2223 Mauritii,
1475 2182 1515 2215 313.
1541 2182 1570 2222 b,
1603 2185 1632 2215 et
1657 2181 1700 2215 illi
1734 2182 1802 2215 unit

354 2240 497 2275 militiam
523 2240 552 2274 S.
578 2240 706 2282 Lazari,
732 2241 772 2274 33
797 2250 826 2272 α.
852 2238 921 2273 Duo
947 2239 1138 2271 monasteria
1162 2236 1214 2269 del
1246 2236 1369 2269 Tardon
1397 2240 1426 2270 et
1451 2236 1489 2269 de
1522 2235 1719 2278 Galliguillos
1746 2244 1800 2278 ap-

354 2292 465 2337 probat
490 2298 519 2327 et
545 2295 637 2338 erigit
662 2295 692 2326 in
718 2294 907 2327 monasteria
933 2291 962 2325 S.
989 2291 1106 2333 Basilii,
1135 2291 1184 2325 39.

1023 2451 1050 2485 H

268 2562 447 2597 Hasdrubal
472 2562 512 2596 de
535 2561 700 2596 Matthaeis
725 2569 765 2594 ex
791 2560 965 2604 prescripto
990 2557 1180 2602 Hieronymi
1206 2556 1376 2592 cardinalis
1401 2555 1569 2598 collegium
1596 2553 1798 2588 Matthaeinm

357 2615 370 2648 s
392 2615 433 2649 nd
456 2619 467 2649 t
509 2621 518 2634 '⁴
595 2614 612 2648 b
635 2625 668 2647 se
691 2641 696 2647 .

270 2626 407 2704 Hebratiei
431 2615 726 2712 {0⁷m3139degensies
751 2671 864 2701 statuta
891 2666 1038 2699 nonnulla
1065 2665 1114 2700 cdi
1132 2669 1241 2700 curant
1264 2674 1319 2707 pro
1341 2663 1507 2698 mulierum
1526 2661 1660 2702 dotibus,
1684 2662 1756 2694 (329.
