2227 3241
237 262 286 287 An.
303 262 332 287 c.
358 261 423 289 ictio
469 251 532 285 610

269 2505 415 2531 'ri-ansnmpto-

233 2537 276 2551 rum
294 2532 352 2551 tides.

435 308 534 342 felicis
555 302 787 341 recordationis
807 307 957 341 Bonisacii
983 308 1086 352 Papae
1108 308 1170 342 Vlll

434 360 690 405 praedecessoris
707 360 806 393 nostri
833 361 871 394 de
892 362 954 394 una
983 366 1013 394 et
1041 360 1171 394 Concilii

434 413 591 456 generalis
624 413 662 446 de
691 413 815 446 duabus
848 413 961 454 dietis,
994 414 1172 448 dummodo

436 467 518 499 ultra
537 472 598 499 tres
617 466 717 499 dietas
737 466 853 510 aliquis
870 467 1060 500 auctoritate
1080 478 1172 511 prae-

434 519 570 552 sentium
584 519 623 552 ad
638 519 791 552 iudicium
805 529 869 552 non
882 519 1036 560 trahatur,
1053 530 1089 553 ac
1103 520 1172 553 aliis

434 571 617 616 apostolicis
642 582 701 604 nec
725 581 791 605 non
812 571 843 604 in
869 568 1118 616 provincialibus
1143 578 1172 606 et

433 625 639 669 synodalibus
661 625 805 658 conciliis
826 625 918 658 editis
931 625 1124 669 specialibus
1142 632 1172 659 et

433 678 638 721 generalibus
659 678 943 712 constitutionibus
972 685 1003 712 et
1036 679 1168 712 ordina-

435 731 585 773 tionibus,
606 742 642 765 ac
667 732 841 776 quibusvis,
859 732 953 765 etiam
977 732 1168 778 iuramento,

433 785 679 819 confirmatione
705 785 892 829 apostolica,
917 786 963 819 vel
988 785 1099 830 quavis
1119 786 1172 818 sir—

434 838 542 872 mitate
567 838 629 871 alia
653 838 823 880 roboratis,
840 838 965 872 statutis
985 844 1170 876 etconsue-

435 892 611 933 tudinibus‚
627 891 801 936 privilegiis
822 903 962 937 quoque,
986 892 1117 926 indultis
1141 899 1171 926 et

434 946 545 980 litteris
561 946 756 990 apostolicis,
776 946 834 979 sub
853 946 1113 990 quibuscumque
1127 953 1172 980 te-

433 999 565 1033 noribus
597 1005 627 1033 et
664 999 776 1033 formis
790 1027 797 1040 ,
833 1009 869 1032 ac
901 1010 973 1032 cum
1006 1000 1171 1044 quibusvis

433 1054 527 1087 etiam
551 1053 832 1097 derogatoriarum
854 1053 1065 1096 derogatoris,
1086 1054 1170 1089 aliis-

433 1118 495 1151 que
516 1107 753 1140 efficacioribus
779 1113 809 1140 et
834 1107 970 1141 insolitis
997 1108 1166 1149 clausulis,

432 1160 630 1194 irritantibus
659 1171 789 1205 quoquc
821 1166 852 1194 et
877 1160 946 1194 aliis
967 1160 1114 1202 decretis,
1138 1161 1170 1194 in

432 1213 463 1246 in
484 1224 601 1257 genere
622 1214 667 1247 vel
693 1213 725 1247 in
750 1214 855 1258 specie
875 1220 906 1247 et
926 1215 1171 1258 quomodolibet

432 1278 488 1311 per
498 1278 719 1311 quoscumque
732 1269 892 1301 Romanos
903 1268 1074 1302 Pontifices
1083 1280 1170 1313 prae-

433 1321 616 1354 decessores
634 1326 760 1353 nostros
780 1321 973 1365 praedictos,
996 1332 1032 1355 ac
1050 1332 1119 1364 nos,
1140 1329 1171 1357 et

432 1374 544 1408 Sedem
560 1374 766 1419 praedictam,
785 1374 878 1408 etiam
895 1381 982 1408 motu
996 1376 1128 1420 proprio
1141 1383 1171 1411 et

432 1440 467 1462 ex
488 1431 576 1462 certa
596 1429 739 1470 scicntia,
760 1429 854 1462 etiam
874 1429 1121 1464 consitorialiter
1141 1437 1171 1464 ct

432 1482 471 1515 de
490 1481 621 1517 fratrum
649 1487 833 1516 nostrorum
859 1482 1004 1524 consilio,
1028 1493 1087 1517 nec
1107 1494 1170 1518 non

431 1536 626 1580 apostolicae
638 1536 803 1580 potestatis
817 1537 1029 1581 plenitudine,
1047 1549 1172 1572 conces-

432 1590 484 1630 sis,
509 1589 707 1623 coniirmatis
725 1596 756 1624 et
777 1590 944 1624 innovatis.
965 1591 1085 1631 Quibus
1103 1603 1171 1626 om-

433 1642 537 1683 nibus,
560 1642 684 1676 etiamsi
709 1653 767 1687 pro
788 1653 899 1677 eorum
922 1643 1091 1678 sufficienti
1116 1646 1170 1679 de-

433 1696 598 1739 rogatione
611 1696 650 1730 de
661 1696 722 1730 illis
737 1707 913 1741 eorumque
924 1697 996 1731 totis
1008 1698 1171 1732 tenoribus

433 1750 588 1794 specialis,
599 1750 747 1794 specifica
756 1757 786 1783 et
804 1761 951 1795 expressa
969 1751 1099 1793 mentio,
1116 1763 1170 1786 seu

433 1803 538 1847 aliqua
564 1803 624 1836 alia
650 1803 805 1848 exquisita
826 1804 928 1837 forma
954 1805 993 1837 ad
1018 1804 1079 1839 hoc
1099 1816 1168 1839 ser—

433 1858 535 1891 vanda
553 1859 646 1897 soret,
671 1863 798 1891 tenores
818 1858 1015 1900 huiusmodi,
1039 1870 1074 1892 ac
1090 1860 1114 1892 si
1133 1860 1172 1894 de

433 1911 530 1944 verbo
555 1911 595 1944 ad
620 1911 752 1943 verbum
780 1911 887 1945 inserti
919 1912 1020 1945 serent
1037 1940 1045 1953 ,
1072 1924 1168 1956 prae-

432 1965 576 1998 sentibus
590 1974 648 2008 pro
660 1964 816 2008 expressis
833 1965 998 2007 habentes,
1016 1966 1077 1999 illis
1095 1966 1172 2000 alias

433 2018 463 2051 in
481 2029 538 2052 suo
553 2019 669 2052 robore
680 2018 911 2062 permansuris,
928 2019 987 2052 liae
1002 2019 1067 2053 vice
1080 2020 1172 2053 dum-

433 2077 515 2105 taxat.
536 2072 717 2116 specialiter
738 2078 769 2105 et
789 2083 937 2116 expresse
964 2073 1169 2116 derogamus,

433 2125 603 2160 contrariis
624 2125 900 2171 quibuscumque,
929 2132 983 2159 aut
1007 2126 1031 2160 si
1057 2127 1172 2171 aliqui-

432 2180 501 2221 bus,
530 2179 745 2213 communiter
766 2185 820 2213 aut
841 2180 979 2221 divisim,
1000 2181 1039 2214 ab
1060 2181 1170 2215 eadem

432 2235 470 2268 sit
484 2235 564 2268 Sede
580 2234 751 2275 indultum,
769 2235 855 2279 quod
871 2235 1031 2276 interdici,
1046 2246 1172 2280 suspen·

433 2288 475 2329 di,
500 2289 544 2321 rel
571 2288 842 2321 excommunicari
859 2299 934 2324 ‚non
966 2289 1088 2333 possint
1114 2300 1172 2334 per

433 2342 553 2374 litteras
574 2341 766 2385 apostolicas
785 2352 848 2374 non
871 2341 1023 2375 facientes
1042 2343 1170 2386 plenam

433 2401 461 2428 et
483 2405 663 2439 expressam
686 2406 722 2428 ac
740 2395 778 2428 de
799 2395 895 2428 verbo
913 2396 951 2429 ad
979 2396 1109 2429 verbum
1133 2397 1171 2430 de

433 2448 556 2481 indulto
579 2448 761 2481 huiusmodi
785 2439 990 2482 mentionem.

477 2503 492 2544 ξ
516 2502 546 2534 8.
571 2501 725 2535 Volumus
751 2507 875 2544 autem,
894 2508 927 2535 ut
954 2503 1169 2546 praesentium

433 2555 653 2598 transumptis,
678 2555 771 2588 etiam
800 2555 972 2598 impressis,
998 2566 1094 2589 manu
1115 2557 1172 2589 ati-

433 2609 523 2642 cuius
543 2609 660 2642 notarii
681 2608 800 2653 publici
822 2608 1008 2653 subscriptis
1025 2609 1170 2652 etsigillo

433 2672 589 2706 personae
614 2662 644 2695 in
672 2661 825 2706 dignitate
851 2662 1062 2696 ecclesiastica
1088 2672 1166 2696 con-

1010 261 1189 285 ssULLAuuul
1215 261 1367 286 ROMANUM

1204 308 1332 342 stitutae
1350 308 1491 350 munitis,
1512 310 1623 343 eadem
1642 320 1772 354 prorsus
1790 310 1869 344 sides
1886 311 1941 344 ad-

1205 361 1364 403 hibeatur,
1389 373 1470 406 quae
1496 362 1572 407 ipsis
1596 363 1818 407 praesentibus
1843 364 1939 398 adhi-

1206 415 1346 456 beretur,
1370 415 1395 448 si
1412 416 1517 448 forent
1537 415 1694 450 exhibitae
1718 416 1767 450 vel
1784 421 1938 452 ostensae.

1249 469 1362 502 Datum
1379 469 1500 502 Romae
1517 469 1603 513 apud
1622 474 1768 503 sanctum
1794 469 1938 512 Petrum,

1205 522 1263 555 sub
1285 522 1404 556 annulo
1430 522 1600 556 piscatoris
1625 522 1676 556 die
1700 533 1740 556 xv
1764 522 1943 558 decembris

1205 585 1313 616 iinctx,
1337 575 1543 619 pontificatus
1563 576 1663 610 nostri
1688 586 1772 615 anno
1797 587 1826 610 v.

1239 637 1300 664 Dat.
1318 637 1360 665 die
1384 638 1415 664 15
1430 637 1582 665 decembris
1599 638 1677 673 1609,
1693 637 1785 673 pontif·
1802 646 1846 666 an.
1862 645 1888 666 v.

1508 825 1634 862 CXLIX.

1205 947 1399 980 Mandalum
1425 949 1494 991 reyi
1518 947 1688 990 catholico,
1705 952 1741 982 al
1765 949 1943 993 quotannis

1249 1001 1353 1034 decem
1378 1001 1489 1034 millia
1513 1002 1702 1035 ducatorum
1721 1003 1798 1036 auri
1821 1002 1860 1036 dc
1884 1002 1943 1037 Ca-

1247 1055 1337 1088 merd
1361 1065 1400 1088 ca:
1419 1055 1627 1099 eleemosynis
1647 1056 1808 1090 cruciatae
1824 1056 1943 1090 Portu-

1247 1107 1370 1150 gyallz'ae
1383 1118 1443 1151 pro
1462 1108 1587 1151 fabrica
1605 1108 1757 1141 basilicae
1776 1109 1944 1153 Principis

1248 1161 1474 1206 Apostolorum
1494 1162 1532 1195 sle
1548 1162 1628 1196 Urbe
1642 1162 1939 1197 transmittantur&

1197 1271 1384 1311 ‘Charissimo
1405 1271 1435 1298 in
1459 1272 1574 1299 Christo
1596 1271 1658 1299 filio
1679 1274 1782 1300 nostro
1808 1271 1944 1307 Philippo

1240 1324 1441 1359 portugalliae
1462 1328 1492 1352 et
1516 1325 1719 1360 Alqarbiorum
1743 1325 1807 1360 regi
1837 1325 1942 1354 catho-

1239 1377 1297 1405 lico

1442 1423 1551 1451 Paulus
1572 1424 1649 1458 Papa
1671 1424 1703 1452 V.

1304 1504 1483 1532 charissime
1498 1504 1530 1531 in
1546 1505 1661 1533 Christo
1676 1505 1720 1533 fili
1735 1509 1849 1540 noster,

1240 1549 1370 1577 salutem
1391 1552 1421 1577 et
1441 1550 1637 1584 apostolicam
1656 1550 1905 1579 benedictionem.

1250 1647 1265 1687 ξ
1288 1645 1316 1678 ’1.
1342 1645 1469 1687 llodie²‚
1487 1656 1544 1690 per
1564 1645 1640 1680 alias
1663 1651 1787 1680 nostras
1801 1646 1832 1680 in
1846 1646 1943 1681 simili

1204 1699 1305 1732 l'orma
1320 1699 1424 1732 Brevis
1439 1699 1600 1743 expeditas
1618 1700 1751 1741 litteras,
1775 1700 1944 1744 indulgen-

1207 1752 1263 1786 tias
1284 1757 1314 1786 et
1334 1752 1450 1796 gratias
1468 1753 1536 1786 illas
1550 1753 1704 1797 speciales
1718 1754 1757 1787 ad
1771 1754 1943 1788 triennium

1205 1806 1415 1850 publicandas
1436 1811 1466 1839 et.
1491 1807 1662 1840 duraturas
1687 1807 1792 1841 clarae
1816 1817 1942 1842 memo-

1206 1860 1271 1893 riae
1288 1857 1434 1904 Pliilippo
1456 1860 1681 1904 Hispaniarum
1702 1861 1769 1904 regi
1787 1861 1946 1897 catholico

1206 1913 1343 1956 genitori
1366 1909 1418 1947 tuo
1436 1925 1472 1947 ac
1493 1913 1642 1948 omnibus
1668 1920 1697 1949 et
1711 1915 1844 1958 singulis
1860 1915 1946 1949 chri-

1206 1966 1396 2000 stifidelibus
1410 1967 1441 2000 in
1451 1967 1665 2011 Por-tugalliae
1679 1973 1709 2001 et
1719 1968 1945 2012 Algarbiorum

1208 2020 1324 2063 regnis,
1344 2020 1479 2064 aliisque
1498 2020 1590 2054 terris
1611 2026 1641 2054 et
1661 2021 1740 2054 locis
1760 2021 1843 2065 regis
1863 2022 1944 2056 Por-

1208 2073 1356 2116 tugalliae
1371 2073 1516 2107 don‘iinio
1529 2073 1681 2108 subiectis
1699 2075 1946 2109 consistentibus

1207 2128 1289 2161 etad
1307 2127 1359 2160 illa
1371 2127 1618 2169 declinantibus,
1640 2128 1694 2172 qui
1713 2134 1799 2162 certa
1813 2139 1947 2163 munera

1207 2181 1468 2225 adimplevissent
1486 2208 1493 2221 ,
1529 2192 1546 2214 a
1578 2181 1678 2215 felicis
1714 2181 1946 2216 recordationis

1206 2234 1360 2277 Gregorio
1374 2234 1438 2268 XIV
1453 2234 1503 2267 die
1528 2245 1571 2268 xii
1597 2235 1718 2280 aprilis,
1741 2235 1946 2280 pontificatus

1206 2288 1253 2321 sui
1285 2298 1370 2322 anno
1402 2299 1429 2329 1,
1454 2294 1483 2322 et
1508 2288 1624 2337 deinde
1649 2299 1667 2321 a
1691 2288 1853 2323 Clemente
1878 2288 1944 2323 V111

1207 2342 1256 2376 die
1282 2353 1311 2376 1x
1342 2343 1495 2376 februarii
1525 2353 1656 2383 Μυκη,
1679 2347 1711 2376 et
1729 2353 1783 2378 xix
1809 2341 1944 2376 ianuarii

1206 2405 1360 2437 mxcviii,
1389 2401 1420 2430 et
1443 2396 1494 2429 die
1519 2407 1575 2430 x111
1601 2396 1741 2430 octobris
1764 2405 1884 2437 nocui,
1908 2405 1945 2430 ac
1967 2412 1973 2417 -

1206 2449 1256 2482 die
1277 2459 1353 2483 xxm
1381 2450 1489 2494 aprilis
1507 2459 1617 2491 iunciv,
1640 2449 1943 2493 praedecessoribus

1205 2502 1332 2543 nostris,
1351 2508 1379 2535 et
1393 2508 1558 2547 postremo
1579 2513 1597 2536 a
1616 2502 1709 2536 nobis
1721 2502 1772 2536 die
1788 2512 1853 2536 xxu
1867 2501 1945 2536 iunii

1241 2584 1250 2608 i
1276 2582 1312 2609 Ex
1333 2583 1439 2617 aegest.
1458 2583 1484 2610 in
1503 2583 1603 2610 Secret·
1624 2583 1700 2610 Brev.

1239 2627 1256 2654 2
1279 2628 1363 2658 Quam
1383 2627 1533 2656 simillimas
1551 2627 1624 2655 hisce
1652 2627 1755 2655 litteras
1782 2627 1840 2655 vide
1864 2636 1946 2665 supra

1203 2679 1263 2708 pag.
1280 2671 1341 2700 557.

1952 263 1999 290 An.
2017 262 2047 290 e.
2068 262 2138 293 1609

1997 1664 2101 1686 Ennueiat
2120 1667 2143 1684 se

1959 1692 2037 1717 gratias
2060 1690 2144 1712 crucia-

1959 1720 1993 1739 tae
2020 1718 2087 1738 dietas
2115 1716 2142 1737 ad

1957 1745 2079 1766 sexennium
2097 1749 2143 1771 pro·
2158 1768 2159 1773 Ἰ

1959 1777 2055 1798 rogasse.
