2227 3241
271 307 322 334 An.
340 306 368 334 C.
388 306 454 335 1605
500 299 564 332 200

313 793 452 815 ſtret-*starum

269 822 368 841 visitatio.

315 1757 417 1778 leiunuun
434 1761 451 1779 vt

269 1784 410 1810 ελεευιυεψη.

305 2022 452 2044 Sati-antenu-

267 2054 312 2070 Yum
327 2053 441 2075 §tt-copim.

470 357 577 391 teritas
601 360 710 402 culpas
740 359 908 393 diluendas
932 371 965 393 se
989 366 1202 404 praeparent,

468 411 634 455 Deumque
654 417 746 445 orent
772 418 807 446 ut
832 423 889 446 nos
909 413 1063 456 singulari
1082 414 1206 448 virtutis

469 475 544 498 suae
572 465 733 508 praesidio
765 467 857 507 tueri,
879 473 910 500 et
937 478 1029 511 pares
1055 474 1205 512 suscepto

470 518 596 551 muneri
626 518 707 552 vires
734 519 827 552 nobis
851 519 1016 562 sufficere,
1046 521 1206 555 Ecclesiae

469 569 650 604 Catholicae
661 571 757 604 fidem
768 572 862 615 longe
875 573 1003 617 lateque
1016 584 1207 618 propagare,

470 623 586 667 impios
607 624 843 659 haereticorum
865 636 992 661 errores
1012 628 1155 672 undique
1173 638 1206 661 e-

469 676 597 718 vellere,
610 683 641 711 et
654 678 835 720 ilungariae
849 689 983 722 regnum
1001 691 1018 713 a
1030 681 1206 714 Turcarum

469 729 566 763 armis
580 731 762 773 defendere,
781 732 874 776 eique
892 739 1033 777 optatam
1053 735 1207 778 tranquil—

469 783 589 817 litatem
605 784 772 818 restituere
793 786 952 829 dignetur.
969 788 1006 820 Et
1025 787 1046 820 ii
1065 788 1207 831 quidem,

469 836 524 880 qui
542 836 575 869 in
592 837 703 871 eadem
718 838 803 872 Urbe
820 839 938 874 suerint
951 840 1131 884 praedictas
1151 841 1207 874 ba-

467 888 585 930 silicas,
602 889 668 923 sive
686 900 796 924 earum
815 892 948 926 alteram
969 904 1064 937 quam
1088 894 1208 928 malue-

469 943 544 984 rint,
565 944 619 988 qui
635 955 710 978 vero
728 951 815 979 extra
831 946 961 987 Urbem,
977 948 1143 982 ecclesiam
1159 948 1206 981 vel

468 996 617 1031 ecclesias
637 1007 695 1041 per
711 999 857 1032 locorum
871 999 1068 1043 Ordinarios‚
1086 1012 1141 1035 seu
1155 1011 1208 1035 eo·

468 1060 540 1083 rum
558 1050 692 1085 vicarios
705 1058 760 1086 aut
779 1052 944 1095 officiales,
964 1055 1012 1088 vel
1035 1055 1073 1088 de
1095 1065 1206 1088 eorum

467 1104 632 1145 mandato,
649 1111 689 1147 et,
703 1105 747 1139 eis
757 1106 989 1150 deficientibus,
1003 1119 1060 1152 per
1074 1119 1139 1150 eos,
1152 1109 1206 1153 qui

468 1157 511 1190 ibi
533 1168 643 1191 curam
666 1166 813 1193 exercent
837 1161 1018 1194 animarum
1040 1163 1206 1205 (nimirum

466 1216 637 1255 postquam
657 1220 842 1256 praesentes
863 1221 991 1248 nostrae
1004 1215 1122 1249 ibidem
1138 1218 1207 1249 l'ue-

467 1263 531 1297 rint
551 1265 745 1308 publicatae,
766 1267 820 1300 ubi
843 1278 917 1301 vero
935 1268 1118 1312 publicatae
1141 1279 1206 1303 non
1224 1277 1225 1281 ’

467 1316 596 1358 suerint,
608 1324 779 1362 postquam
794 1321 834 1354 ad
846 1331 957 1354 eorum
972 1321 1120 1355 notitiam
1135 1333 1207 1366 per-

467 1370 627 1414 venerint)
652 1372 802 1406 ecclesias
822 1373 969 1419 similiter
992 1385 1048 1408 seu
1069 1376 1207 1419 capellas

467 1424 532 1457 sive
557 1426 711 1466 oratoria,
739 1432 794 1460 aut
821 1427 882 1460 alia
907 1438 1131 1472 quaecumque
1156 1430 1208 1474 pia

468 1478 549 1520 loca,
573 1479 669 1512 etiam
687 1490 745 1524 per
769 1482 875 1514 solum
897 1483 1139 1524 confessarium,
1168 1484 1207 1517 ab

468 1532 545 1576 ipsis
566 1533 751 1575 eligendum
768 1561 775 1574 ,
805 1534 940 1577 singulis
965 1546 1078 1568 eorum
1105 1536 1207 1580 depu-

469 1587 581 1620 tandas
591 1597 648 1620 scu
665 1588 861 1631 deputanda,
879 1598 1085 1633 quocumque
1096 1589 1147 1623 die
1162 1590 1207 1623 vel

469 1641 727 1685 quibuscumque
760 1641 872 1675 diebus
902 1643 1043 1676 eiusdem
1074 1644 1121 1676 vel
1152 1654 1204 1678 se-

469 1695 595 1738 quentis
620 1695 853 1736 hebdomadae,
877 1697 988 1729 saltem
1014 1697 1111 1730 semel
1136 1698 1207 1731 visi-

469 1801 624 1842 eiusdem,
642 1803 689 1835 vel
703 1803 866 1846 sequentis
886 1803 1110 1838 hebdomadae
1129 1805 1207 1838 ieiu-

468 1857 565 1892 nent,
587 1859 754 1896 praeterea
774 1854 972 1898 pauperibus
989 1860 1020 1888 et
1035 1854 1208 1897 indigenti·
1225 1879 1226 1882 κ

1225 1903 1407 1937 *nissiniam
1436 1904 1582 1937 onmium
1612 1910 1820 1949 peccatorum
1849 1916 1982 1940 suorum

424 1936 425 1939 ,
469 1905 527 1938 bus
548 1906 706 1949 personis,
730 1913 783 1940 aut
808 1908 950 1942 ecclesiis
968 1909 1015 1942 vel
1034 1909 1112 1943 locis
1131 1909 1204 1953 piis,

469 1959 687 2004 eleemosynas
712 1960 847 1994 arbitrio
867 1971 925 1995 suo
947 1968 1091 2004 erogent,
1112 1969 1207 2007 atque

469 2013 553 2046 intra
579 2013 641 2047 hoc
663 2019 788 2058 tempus
810 2021 873 2048 tam
894 2015 1017 2058 primae
1035 2026 1131 2060 quam
1152 2027 1204 2050 se-

468 2067 592 2100 cundae
606 2067 829 2102 hebdomadae
844 2069 938 2102 alicui
955 2069 1153 2114 presbytero,
1168 2070 1206 2104 ab

467 2120 637 2154 Ordinario
647 2121 709 2155 loci
722 2122 911 2165 approbato,
925 2128 1055 2166 peccata
1065 2133 1121 2156 sua
1132 2134 1208 2157 eon-

467 2173 628 2216 fiteantur,
646 2180 676 2208 et
693 2175 854 2208 dominica
868 2175 970 2218 prima
984 2176 1031 2209 vel
1051 2177 1203 2218 secunda,

468 2229 516 2261 vel
537 2229 600 2262 alio
621 2229 725 2262 dictae
745 2229 862 2273 prioris
876 2230 923 2263 vel
945 2230 1109 2274 sequentis
1129 2231 1207 2264 heb-

467 2283 626 2316 domadae
652 2283 703 2316 dic
728 2283 965 2317 sanctissimum
986 2284 1206 2318 Eucharistiae

467 2337 709 2369 Sacramentum
729 2336 842 2369 devote
862 2337 1047 2380 suscipiant.
1071 2337 1130 2377 Qui
1150 2348 1205 2371 au-

469 2396 532 2423 tem
555 2390 588 2423 in
619 2389 821 2432 navigatione
843 2390 890 2423 vel
918 2390 1032 2424 itinere
1063 2391 1202 2432 suerint,

467 2445 599 2487 peracta
618 2443 821 2486 navigatione
839 2444 886 2476 vel
908 2443 1021 2477 itinere
1042 2445 1201 2485 consecto,

466 2496 546 2530 haec
571 2496 689 2537 omnia,
707 2501 741 2530 ut
761 2496 909 2540 superius
930 2496 1049 2530 dictum
1072 2503 1129 2538 est,
1153 2499 1202 2530 sa-

467 2550 552 2583 ciant
583 2556 614 2583 et
640 2555 849 2594 exequantur.
884 2550 1096 2593 Regularibus
1129 2562 1204 2585 vero

466 2603 612 2647 personis
632 2603 800 2648 utriusque
817 2614 907 2637 sexus
926 2604 956 2636 in
974 2604 1120 2638 claustris
1134 2615 1205 2648 per-

466 2662 563 2699 petuo
586 2656 796 2700 degentibus,
820 2666 946 2690 necnon
972 2656 1042 2689 aliis
1066 2657 1202 2701 quibus-

466 2719 604 2754 cumque
625 2715 687 2744 tam
706 2709 925 2744 saecularibus
950 2720 1046 2755 quam
1071 2711 1201 2754 regula-

1042 310 1223 336 BULLARIUM
1249 310 1402 336 ROMANUM

1240 359 1340 400 ribus,
1356 360 1389 393 in
1405 369 1532 393 carcere
1551 365 1605 392 aut
1621 360 1978 408 captivitatelexistenti-

1240 412 1309 454 bus,
1319 413 1488 457 autaliqua
1503 412 1647 456 corporis
1660 412 1847 447 infirmitate
1858 414 1906 447 vel
1915 415 1978 448 alio

1241 475 1447 509 quocumque
1479 466 1713 510 impedimento
1744 467 1898 508 detentis,
1923 468 1978 511 qui

1240 519 1386 562 superius
1401 529 1549 563 expressa
1569 520 1617 552 vel
1639 529 1751 553 eorum
1769 520 1876 564 aliqua
1888 530 1979 564 prae·

1241 577 1324 605 stare
1338 572 1553 616 nequiverint,
1569 572 1737 617 presbyter
1749 573 1975 615 confessarius,

1241 630 1276 657 ut
1294 625 1522 668 praemittitur,
1539 626 1746 669 approbatus,
1762 636 1857 670 quem
1876 627 1979 669 elege-

1241 677 1316 719 rint,
1332 678 1497 722 praedicta
1517 678 1626 712 omnia
1647 684 1678 712 et
1697 679 1836 722 singula,
1859 679 1908 713 vel
1926 690 1979 714 eo-

1242 741 1313 764 rum
1334 731 1441 775 aliqua
1465 731 1498 763 in
1525 731 1588 764 alia
1613 731 1740 775 pietatis
1765 741 1865 776 opera
1884 742 1977 766 com—

1243 790 1379 825 mutare,
1399 785 1447 818 vel
1467 784 1500 817 in
1520 784 1625 826 aliud,
1648 784 1832 829 proximum
1858 791 1976 826 tamen,

1243 842 1371 881 tempus
1391 847 1569 881 prorogare
1589 837 1700 881 possit3
1724 837 1779 882 qui
1793 837 1890 872 etiam
1910 838 1980 872 aliis

1242 889 1508 924 christifidelibus
1533 890 1565 923 in
1590 890 1710 925 eisdem
1732 891 1851 934 regnis,
1874 891 1980 925 domi-

1242 943 1313 984 niis,
1335 943 1522 986 reglonibus
1548 949 1578 978 et
1603 943 1681 977 locis
1705 944 1924 986 existentibus,
1947 945 1993 978 in⁴

1243 997 1360 1040 quibus
1381 1002 1566 1041 praesentes
1585 1002 1716 1031 nostrae
1730 997 1856 1031 litterae
1875 997 1981 1042 publi-

1243 1055 1331 1083 catae
1348 1060 1414 1083 non
1436 1050 1565 1091 suerint,
1579 1060 1616 1084 ea
1636 1050 1981 1093 dumtaxatiniungere

1242 1103 1362 1144 valeat,
1390 1114 1472 1147 quae
1504 1103 1563 1146 ipsi
1595 1102 1820 1137 christifideles
1851 1102 1981 1138 efficere

1241 1161 1404 1199 poterunt.

1287 1211 1303 1251 ξ
1321 1209 1351 1243 3.
1375 1210 1462 1249 Quae
1487 1210 1595 1243 omnia
1616 1215 1651 1243 ut
1670 1210 1731 1254 ipsi
1756 1209 1981 1245 christifideles

1242 1273 1280 1296 co
1302 1263 1453 1296 libentius
1472 1269 1637 1307 praestare
1651 1264 1812 1305 studeant,
1829 1274 1893 1308 quo
1907 1264 1982 1298 ube-

1242 1315 1309 1349 rius
1326 1315 1546 1359 spiritualibus
1567 1316 1756 1350 muneribus
1778 1322 1809 1350 et
1821 1317 1932 1360 gratiis
1948 1328 1982 1352 se

1242 1368 1377 1401 resectos
1389 1379 1456 1402 esse
1468 1369 1687 1411 cognoverint;
1700 1370 1739 1403 de
1752 1370 1982 1414 omnipotentis

1242 1421 1297 1454 Dei
1316 1421 1548 1463 misericordia,
1576 1432 1612 1455 ac
1637 1422 1807 1456 beatorum
1835 1422 1920 1456 Petri
1951 1428 1983 1457 et

1224 1475 1226 1490 ”
1243 1475 1343 1515 Pauli,
1355 1476 1583 1519 Apostolorum
1603 1476 1682 1518 eius,
1700 1476 1892 1511 auctoritate
1906 1486 1983 1511 con-

1243 1529 1303 1569 fisi,
1328 1539 1364 1562 ex
1386 1529 1438 1562 illa
1453 1529 1573 1571 ligandi
1594 1540 1631 1563 ac
1648 1531 1792 1564 solvendi
1809 1536 1979 1575 potestate,

1224 1593 1339 1627 quam
1360 1583 1442 1616 Deus
1462 1583 1555 1616 nobis
1576 1583 1651 1617 licet
1670 1583 1811 1627 indignis
1831 1583 1980 1626 contulit,

1244 1636 1412 1669 thesauros
1440 1636 1599 1670 Ecclesiae
1623 1637 1753 1681 copiose
1777 1637 1959 1682 aperientes
1971 1665 1980 1680 ‚

1242 1689 1398 1722 universis
1408 1695 1437 1722 ct
1448 1689 1581 1732 singulis
1593 1689 1855 1723 christifidelibus
1868 1690 1985 1725 utrius-

471 1753 547 1788 tent‚
573 1755 601 1781 et
624 1748 736 1792 quarul
758 1754 788 1782 et
808 1752 895 1783 sexta
916 1750 992 1783 seria
1019 1756 1049 1783 et
1073 1751 1207 1785 sabbato
1225 1751 1226 1784 J
1242 1753 1304 1786 que
1321 1754 1412 1776 SO-WS
1426 1743 1610 1787 praedictis>
1628 1743 1870 1788 qnipl'aefflissa
1885 1745 1983 1779 m⁰d0

1243 1802 1274 1830 et
1291 1798 1396 1830 forma
1416 1797 1564 1841 superius
1589 1797 1744 1842 expressis
1769 1798 1915 1840 fecerint,
1938 1805 1980 1840 et,

1244 1855 1277 1883 ut
1293 1850 1515 1894 supradictum
1531 1856 1588 1892 est,
1602 1851 1702 1884 Deum
1725 1852 1897 1894 oraverint,
1913 1852 1983 1896 ple-

1243 1958 1495 2001 indulgentiam‚
1524 1959 1650 1992 veniam
1677 1965 1708 1992 et
1731 1959 1955 1994 remissionem
1971 1987 1979 2002 ‚

1242 2013 1324 2046 sicut
1344 2013 1375 2045 in
1397 2023 1480 2046 anno
1506 2013 1637 2047 lubilaei
1658 2013 1860 2048 visitantibus
1879 2019 1982 2048 certas

1243 2067 1394 2101 ecclesias
1422 2073 1508 2101 extra
1537 2074 1568 2101 et
1595 2068 1681 2102 intra
1704 2069 1823 2103 Urbem
1849 2069 1982 2103 concedi

1242 2122 1418 2163 consuerit,
1444 2128 1555 2155 tenore
1580 2122 1818 2166 praesentium,
1846 2123 1980 2163 damus,

1243 2176 1451 2210 concedimus
1466 2182 1496 2209 et
1513 2176 1698 2219 elargimur.
1715 2177 1846 2210 Necnon
1860 2176 1980 2210 eisdem

1242 2230 1505 2264 eluistifidelibus
1517 2230 1684 2274 utriusque
1697 2241 1801 2271 sexus,
1819 2236 1882 2263 tam
1892 2230 1982 2264 laicis

1241 2294 1336 2328 quam
1346 2283 1578 2324 ecclesiasticis,
1590 2283 1819 2324 saecularibus,
1830 2284 1877 2317 vel
1885 2283 1980 2317 etiam

1241 2337 1379 2370 cuiusvis
1409 2337 1536 2370 Ordinis
1568 2343 1599 2370 et
1628 2336 1891 2379 Congregationis
1924 2347 1980 2371 seu

1240 2390 1377 2425 Instituti
1402 2390 1615 2433 regularibus,
1640 2390 1847 2424 concedimus
1872 2396 1903 2424 et
1926 2390 1981 2423 in-

1240 2444 1411 2487 dulgemus
1435 2449 1470 2477 ut
1491 2443 1551 2477 sibi
1577 2443 1695 2486 eligere
1716 2443 1840 2487 possint
1859 2453 1977 2487 quem-

1240 2507 1379 2540 cumque
1399 2496 1622 2540 presbyterum
1648 2495 1889 2539 confessarium,
1915 2502 1979 2530 tam

1239 2551 1448 2591 sacculare1‘u‚
1461 2559 1559 2593 quam
1577 2549 1715 2583 cuiusvis
1728 2549 1856 2583 Ordinis
1870 2549 1916 2582 vel
1930 2550 1980 2583 ln-

1239 2603 1340 2637 stituti
1369 2603 1550 2646 regularem
1579 2603 1628 2645 (ex
1656 2602 1842 2646 approbatis
1871 2608 1978 2636 tamen

1240 2656 1279 2689 ab
1297 2655 1476 2690 Ordinariis
1496 2656 1657 2698 locorum)
1673 2655 1728 2699 qui
1749 2665 1804 2689 eos
1821 2655 1860 2688 ab
1874 2655 1980 2689 omni-

1239 2710 1298 2744 bus
1318 2709 1678 2750 excommunicationis,
1706 2709 1925 2753 suspensionis
1948 2714 1980 2743 et

1991 314 2045 340 Λη.
2058 313 2089 342 c.
2107 313 2175 341 1605
2198 305 2202 309 “

2038 1218 2127 1240 lubilaei
2148 1218 2178 1240 iu·

1995 1245 2117 1275 dulgentiae
2132 1249 2190 1268 con-³

1996 1277 2072 1294 cessio.
