2227 3241
263 291 313 318 An.
329 292 358 316 (1.
384 290 449 317 tttttss

282 830 357 849 curtim
367 828 453 848 nonunt·

269 857 299 876 lits
319 859 386 875 tamen
409 861 453 873 scn-

269 885 345 902 tentum
365 888 375 902 a
392 881 455 901 ‹tu-tis

269 908 454 929 conservatoribus

268 936 361 961 prolabi<
382 934 453 959 appel-

269 964 332 983 latum
349 962 427 985 tuerat,

295 2113 316 2132 Et
334 2113 404 2137 pluri-s
415 2118 465 2132 :wtt-

283 2142 398 2159 troverstat·
406 2141 467 2159 obot-

499 282 557 314 171⁴.

463 350 533 372 rum
550 339 616 381 regi
632 337 801 377 catholico,
817 347 853 369 ac
867 335 989 368 militiis
1002 334 1202 377 regularibus

466 402 638 434 regnorum
653 390 816 429 Castellae,
834 393 1033 421 concesserat
1045 386 1070 427 ¹3
1086 397 1142 421 seu
1156 387 1200 420 in-

464 445 588 478 dultum
607 441 803 483 huiusmodi⁷
818 452 835 474 a
852 441 907 474 Pio
920 441 944 473 V
957 440 1203 484 praedecessore

464 497 557 530 ‹lic-tis
577 495 724 539 Philippo
751 494 818 537 regi
844 500 873 527 et
895 493 1016 526 militiis
1037 492 1126 535 regni
1147 492 1204 526 Ca-

466 550 575 582 stellae
591 558 790 589 concessum,
808 547 847 580 ad
860 546 1081 581 Sebastianum
1095 555 1203 588 regem

466 609 495 636 ct
517 602 646 635 militias
667 602 882 644 Pei-tugalliae
901 612 960 645 per
980 600 1202 634 communica-

468 656 587 688 tionem
614 655 778 695 extendit,
804 660 901 698 prout
932 654 962 686 in
992 654 1105 687 litteris
1130 652 1205 686 dicti

467 708 610 751 Gregorii
629 708 886 752 praedecessoris
904 708 1041 751 desuper
1055 706 1207 750 expeditis

468 762 594 805 plenius
612 761 806 795 continetur.

516 817 532 857 Q
558 814 588 848 2.
622 814 709 848 Licet
740 820 846 848 autem
879 814 1064 848 huiusmodi
1096 813 1204 846 indul-

471 874 547 910 tum⁷
557 868 726 902 occasione
739 869 910 910 bellorum,
922 867 1018 912 pestis
1032 873 1061 901 et
1072 867 1207 900 aliarum

469 922 749 966 perturbationum
771 922 929 955 dictorum
945 931 1117 963 regnorum
1131 920 1208 953 Por-

470 975 619 1018 tugalliae
645 980 675 1008 et
699 974 925 1017 Algarbiorum
941 1002 948 1015 ‚
973 984 1054 1018 quae
1079 973 1133 1006 diu
1158 972 1206 1005 vi-

469 1033 619 1070 guerunt,
643 1028 682 1061 ab
703 1027 794 1060 initio
816 1038 873 1060 usu
891 1026 990 1070 recipi
1010 1036 1075 1059 non
1095 1030 1208 1069 potue—

469 1081 532 1122 rit,
560 1086 671 1124 postea
689 1086 796 1113 tamen
811 1107 819 1122 ‚
843 1080 904 1113 illis
925 1079 1054 1120 sedatis,
1077 1089 1149 1111 cum
1170 1078 1209 1110 ad

470 1133 616 1166 notitiam
643 1133 864 1166 ministrorum
892 1133 1048 1166 dictarum
1075 1130 1205 1163 militia-

470 1198 541 1220 rum
572 1186 760 1227 devenisset,
783 1197 819 1220 ac
839 1185 989 1230 praelatis
1021 1184 1209 1218 eorumdem

471 1251 644 1283 regnorum
667 1239 854 1273 solemniter
878 1239 1061 1272 intimatum
1088 1237 1207 1278 suisset,

471 1300 502 1327 et
532 1299 772 1327 conservatores
803 1293 990 1326 earumdem
1023 1291 1210 1324 militiarum

469 1359 529 1392 pro
557 1354 700 1392 tempore
725 1347 894 1381 existentes
918 1357 1014 1391 super
1037 1345 1209 1386 violentiis,

470 1403 615 1447 personis
640 1410 670 1436 et
695 1403 790 1436 rebus
816 1402 1002 1435 earumdem
1025 1401 1211 1434 militiarum

473 1458 563 1492 sactis
587 1458 691 1491 varias
719 1457 893 1491 sententias
921 1456 1145 1501 protulissent,
1175 1455 1213 1488 ab

474 1512 576 1555 iisque
597 1517 702 1556 partes
723 1512 874 1544 adversae
892 1511 1117 1554 appellassent,
1138 1519 1214 1553 pro-

474 1571 604 1599 curator
624 1564 782 1607 generalis
802 1565 990 1597 earumdem
1011 1563 1211 1604 militiarum,

474 1629 532 1663 pro
550 1624 639 1662 parte
660 1618 835 1652 maiestatis
855 1623 938 1658 tuae,
956 1628 1038 1662 quae
1057 1618 1213 1651 dictarum

477 1672 663 1705 militiarum
682 1677 856 1715 perpetuus
868 1671 1119 1712 administrator,
1137 1682 1214 1715 apo-

476 1725 589 1759 stolica
614 1725 822 1765 auctoritate,
852 1725 1022 1768 deputatus
1051 1725 1172 1767 existis,
1199 1736 1215 1757 a

475 1777 647 1822 praedietis
683 1778 960 1811 conservatoribus
989 1778 1217 1811 instantissime

475 1832 579 1876 petiit,
600 1838 633 1865 ut
658 1832 859 1876 praedictum
893 1832 1053 1866 indultum
1082 1839 1214 1876 aposto-

479 1885 588 1925 licum,
611 1885 695 1918 iuxta
714 1885 797 1919 illius
820 1890 975 1926 tenorem,
996 1886 1214 1927 observarent,

478 1949 536 1972 nec
557 1939 596 1971 de
622 1943 747 1972 caetero
769 1938 1000 1982 appellationes
1028 1940 1218 1983 praedictas⁷

478 1992 537 2024 nisi
560 1991 743 2025 immediate
768 1992 807 2024 ad
831 1992 1012 2025 Romanum
1031 1993 1219 2027 Pontificem

480 2050 510 2078 et
527 2045 740 2089 Apostolicam
763 2045 876 2078 Sedem
896 2046 1111 2080 admitterent.

527 2100 543 2141 ξ
562 2098 592 2131 3.
616 2099 677 2132 Sed
699 2099 773 2142 quia
792 2099 928 2132 dilectus
941 2099 1026 2133 silius
1044 2100 1220 2145 spoliorum

281 2167 314 2186 ιη
331 2166 384 2186 mter
397 2166 468 2186 timus-
483 2162 519 2184 ac
532 2152 649 2185 iuriam
664 2152 814 2185 Camerae
831 2158 959 2186 nostrae
976 2154 1176 2197 Apostolicae
1190 2155 1222 2188 in

281 2191 337 2213 modi
364 2193 405 2218 prix
412 2192 468 2217 negiu
506 2205 511 2210 .

282 2219 470 2239 0=2u÷2·.—fflt01-25tt
485 2206 603 2238 eisdem
628 2205 733 2248 regnis
751 2206 905 2239 collector
925 2208 1093 2249 generalis,
1114 2208 1223 2251 rigore

281 2245 414 2267 collectorem
421 2252 468 2272 spo-

284 2272 356 2293 liorum
367 2276 467 2301 Gamerae

283 2298 423 2324 Apostniticatu

483 2259 668 2292 facultatum
683 2258 742 2292 sibi
755 2269 813 2303 pcr
825 2269 882 2292 nos
896 2270 1132 2302 concessarum,
1148 2272 1224 2295 non-

483 2312 587 2345 nullas
616 2323 727 2346 causas
745 2313 998 2356 appellationum
1024 2314 1220 2357 huiusmodi>

483 2365 649 2410 praedicto
671 2366 794 2399 indulto
815 2377 879 2400 non
905 2367 1063 2409 obstante,
1087 2369 1223 2403 auditori

483 2429 541 2452 suo
562 2419 733 2460 commisit;
750 2425 921 2464 propterea
942 2420 1024 2453 inter
1041 2421 1126 2465 ipsos
1147 2433 1223 2455 con--

484 2479 662 2506 servatores
679 2483 715 2506 ex
734 2475 807 2514 una,
826 2480 856 2507 et
869 2474 1047 2508 auditorem
1067 2475 1142 2508 dicti
1161 2476 1225 2509 col-

486 2527 615 2560 lectoris
633 2537 668 2560 ex
689 2528 787 2561 altera
801 2528 959 2572 partibus,
974 2539 1084 2571 graves
1103 2529 1223 2563 discor·-

487 2579 558 2613 diae
580 2580 859 2626 dissensionesque
885 2587 1012 2616 exortae
1029 2609 1036 2622 ,
1058 2592 1094 2615 ac
1118 2583 1225 2626 plures

526 2653 536 2678 1
560 2651 646 2678 Etiam
666 2651 717 2679 hoc
737 2652 775 2679 Pii
795 2652 815 2678 V
835 2653 970 2680 indultum
980 2653 1123 2689 hucusque
1139 2653 1227 2682 exulat

490 2702 505 2721 a
524 2695 657 2724 Bullario
672 2698 708 2732 (a.
721 2698 770 2732 τ.).

1046 287 1221 310 Rt'LLAtutJtt
1245 286 1396 310 ROMANUM

1238 343 1446 377 inhibitiones
1466 343 1540 376 binc
1560 343 1635 376 inde
1655 349 1834 384 emanatae,
1855 348 1886 376 et
1905 353 1978 376 cen-

1237 407 1330 430 surae
1345 396 1577 430 ecclesiasticae
1589 395 1726 429 vicissim
1738 396 1974 439 promulgatae,

1239 460 1355 493 magno
1376 460 1449 483 cum
1468 448 1726 482 christifidelium
1752 448 1878 482 illarum
1898 459 1975 493 par-

1241 503 1318 536 tium
1336 502 1499 543 scandalo,
1521 502 1702 535 extiterunt.

1284 558 1300 595 Q
1317 556 1348 588 lt.
1369 556 1432 589 Nos
1448 565 1523 588 vero
1537 565 1595 598 per
1611 560 1736 588 nostras
1748 555 1779 587 in
1794 555 1895 588 forma
1907 555 1981 588 Bre-

1241 609 1284 643 vis
1320 609 1441 642 litteras
1473 608 1577 642 eidem
1612 608 1776 642 collectori
1809 607 1978 652 specialem

1242 663 1424 696 facultatem
1452 661 1668 695 concessimus
1689 667 1724 694 ut
1743 671 1853 694 causas
1872 661 1981 705 appel·
1995 669 2043 711 ¹:3¹¹?
2067 668 2181 688 ⁰0ss¹¹⁰⁵0⁶⁶

1243 715 1397 749 lationum
1418 725 1435 748 a
1455 714 1632 755 sententiis,
1650 714 1786 747 decretis
1803 718 1834 747 et
1850 713 1983 747 manda-

1243 769 1281 802 tis
1298 768 1557 812 quibuscumque
1582 767 1816 801 conservatoris
1834 777 1891 800 seu
1907 776 1984 800 con·

1243 828 1442 856 servatorum
1469 821 1657 855 militiarum
1683 820 1921 864 praedictarum
1942 820 1985 854 ad

1244 886 1302 908 nos
1322 880 1353 908 et
1371 874 1589 919 Apostolicam
1611 874 1747 916 Sedem,
1768 879 1831 907 tam
1852 878 1984 907 eatenus

1246 928 1506 972 interpositarum
1532 938 1629 971 quam
1655 926 1808 970 deinceps
1835 926 1982 970 interpo-

1245 982 1435 1021 nendarum,
1465 980 1589 1021 audire,
1610 990 1804 1023 cognoscere
1829 984 1869 1021 et⁷
1890 983 1990 1023 prout

1246 1034 1323 1067 iuris
1351 1034 1455 1075 soret,·
1471 1034 1645 1067 terminare
1669 1033 1807 1073 valeret,
1830 1036 1929 1076 prout.
1953 1030 2004 1064 in·

1246 1087 1365 1121 eisdem
1386 1087 1504 1121 nostris
1524 1087 1637 1120 litteris
1658 1086 1753 1120 etiam
1771 1085 1898 1130 plenius
1911 1093 1986 1118 con-

1248 1141 1366 1174 tinetur
1380 1141 1400 1173 ¹.

1291 1195 1307 1235 Q
1328 1193 1358 1227 5.
1377 1189 1454 1228 Curii
1473 1199 1591 1234 autem,
1604 1193 1687 1227 sieut
1700 1193 1812 1227 eadem
1831 1191 1986 1236 expositio
2027 1204 2155 1236 Phiiippus*

1246 1246 1477 1289 subiungebat,
1501 1246 1650 1280 maiestas
1669 1251 1724 1279 tua
1743 1246 1852 1290 cupiat
1877 1244 1988 1278 huius-

1248 1300 1334 1333 modi
1352 1300 1513 1333 indultum
1532 1310 1549 1332 a
1566 1299 1722 1342 Gregorio
1739 1299 1989 1343 praedecessore

1248 1364 1447 1394 concessum,
1472 1364 1527 1386 seu
1553 1352 1841 1393 communicatum,
1866 1351 1989 1386 militiis

1249 1416 1423 1449 regnorum
1456 1405 1671 1448 Portugalliae
1705 1415 1765 1450 pro
1801 1405 1989 1439 carumdem

1250 1459 1437 1492 militiarum
1463 1458 1706 1492 conservatione
1731 1463 1761 1491 et
1784 1457 1880 1492 totius
1900 1456 1992 1500 regni

1250 1513 1369 1557 quiete,
1390 1524 1425 1545 ex
1444 1515 1553 1546 nostra
1582 1512 1794 1556 permissione
1819 1516 1849 1545 et
1872 1520 1992 1555 appro-

1250 1567 1379 1600 batione
1397 1566 1546 1609 deinceps
1560 1571 1715 1609 perpetuo
1728 1564 1901 1605 observari,
1918 1574 1992 1598 cum

1252 1620 1438 1664 praesertim
1470 1619 1667 1663 experientia
1693 1619 1806 1652 doceat
1830 1628 1866 1651 ex
1894 1617 1993 1651 simili

1252 1674 1387 1714 indulto,
1408 1673 1494 1717 quod
1516 1673 1547 1705 in
1565 1673 1671 1715 regnis
1689 1672 1841 1707 Castellae
1855 1672 1887 1705 in
1900 1671 1993 1705 viridi

1252 1727 1454 1761 observantia
1473 1726 1588 1767 existit,
1613 1726 1742 1759 militias
1762 1725 1920 1759 dictorum
1942 1735 1992 1759 re-

1253 1791 1390 1823 gnorum
1407 1782 1606 1822 magnacum
1621 1790 1698 1824 pace
1711 1784 1741 1813 et
1754 1778 1927 1812 concordia
1940 1788 1994 1821 gu-

1254 1835 1401 1876 bernari,
1426 1845 1532 1878 neque
1552 1834 1676 1877 aliquas
1696 1833 1854 1867 dictorum
1877 1842 1993 1875 regno-

1255 1899 1326 1922 rum
1348 1898 1502 1932 personas
1534 1897 1630 1930 super
1660 1886 1722 1920 hoc
1747 1896 1891 1930 uuquam
1910 1895 1990 1919 con-

1255 1941 1379 1985 queritJ,
1403 1945 1514 1974 contra
1533 1950 1609 1973 vero
1627 1939 1718 1973 dictis
1738 1938 1860 1972 militiis
1880 1938 1994 1972 Portu-

1256 1994 1369 2037 galliae
1401 1994 1499 2027 multa
1531 1993 1649 2026 damna
1680 1997 1711 2025 et
1735 1992 1942 2026 incommoda
1961 1992 1994 2026 in

1256 2048 1352 2082 rebus
1370 2053 1397 2081 et
1415 2046 1690 2080 iurisdictionibus
1703 2056 1812 2078 earum
1827 2045 1940 2079 inferri
1953 2045 1994 2079 ob

1257 2101 1400 2134 eiusdem
1420 2099 1533 2133 indulti
1556 2098 1846 2133 inobservantiam:
1870 2103 1997 2142 propte-

1258 2165 1312 2188 rea
1324 2154 1415 2188 nobis
1430 2153 1571 2187 eiusdem
1587 2152 1760 2186 maiestatis
1773 2157 1846 2186 tuae
1865 2151 1996 2186 nomine

1259 2209 1316 2242 suit
1340 2208 1506 2241 humiliter
1536 2207 1750 2251 supplicatum
1776 2212 1812 2239 ut
1842 2206 1873 2239 ln
1905 2215 1996 2250 prae-

1259 2262 1362 2296 missis
1382 2266 1563 2305 opportune
1592 2260 1762 2304 providere
1788 2260 1826 2293 de
1850 2258 1996 2302 benigni-

1260 2321 1322 2349 tate
1342 2313 1517 2358 apostolica
1537 2313 1754 2356 dignaremur.

1303 2370 1319 2410 Q
1341 2368 1370 2401 tt.
1388 2368 1450 2400 Nos
1470 2366 1577 2409 igitur,
1595 2366 1650 2409 qui
1663 2364 1806 2399 honestis
1820 2364 1995 2400 maiestatis

1259 2427 1331 2455 tuae
1348 2420 1440 2461 votis,
1457 2420 1497 2453 ob
1516 2419 1584 2453 eius
1604 2418 1718 2453 eximia
1739 2418 1768 2451 in
1791 2429 1848 2452 nos
1865 2425 1896 2452 et
1913 2419 1996 2463 Apo-

1259 2475 1402 2509 stolicam
1441 2474 1554 2508 Sedem
1588 2473 1711 2511 merita,
1735 2478 1889 2516 quantum
1922 2483 1995 2507 eum

1258 2529 1396 2563 Domino
1422 2537 1611 2571 possumus,
1637 2526 1774 2559 libenter
1805 2526 1994 2568 annuimus,

1259 2582 1438 2616 litterarum
1459 2579 1604 2623 Gregorii
1622 2579 1878 2624 praedecessoris
1892 2589 1927 2612 ac
1939 2589 1997 2613 no-

1297 2653 1307 2680 1
1331 2652 1383 2679 llas
1399 2659 1508 2688 quoque
1521 2650 1613 2679 literas
1627 2650 1654 2677 in
1673 2650 1810 2679 Bullario
1826 2658 1860 2677 ne
1874 2649 1997 2688 requiras

1260 2698 1298 2733 (n.
1314 2696 1362 2732 τ.).

1997 284 2087 311 Amo.
2107 283 2198 332 16οᾒγ

1994 584 2103 604 collectori
2131 589 2156 604 co

1995 612 2089 631 cessei-at
2097 611 2119 630 ut
2131 601 2193 637 cau-32,

1994 642 2029 658 sas
2057 637 2199 665 appellatio-1v

2172 507 2187 558 ἐ

2008 557 2104 578 clemens
2111 557 2158 578 etde

2174 731 2187 758 θ’

2169 2171 2186 2192 3,

2163 2209 2190 2253 {i-

2163 2268 2196 2301 ,ἐζ

2037 2384 2130 2406 clemens

2010 2411 2068 2433 cedit
2088 2412 2149 2438 prout
2179 2412 2196 2420 ‘¹

2010 2438 2095 2486 {gp-rica
2113 2360 2190 2496 ind&
