2227 3241
46 254 111 282 ‘Am
125 254 156 282 C.
178 253 247 283 1603

101 1971 195 1992 Clemens
210 1971 246 1992 de-

61 1998 129 2019 clarat.
145 2005 183 2024 per
198 2004 246 2024 snp-

60 2025 192 2051 pressi-›nctn
214 2032 246 2046 ri-

61 2052 180 2076 tzntaritatis
203 2053 246 2072 nut-

61 2078 103 2098 luni
138 2078 246 2104 praeiudi-

60 2106 115 2125 cium
132 2106 246 2131 irrogatum

61 2131 125 2152 fuisse
172 2132 245 2152 abbati

61 2157 83 2179 S.
100 2158 204 2179 Vincentii
220 2159 246 2180 de

62 2185 170 2206 Cardena.

876 254 1014 279 cannas

261 302 463 337 monasteriis
488 308 642 347 perpetuo
668 302 940 346 suppresserimus
973 308 1019 336 et‘

261 357 502 397 extinxerimus‚
528 356 677 400 ipsasque
702 355 851 389 ecclesias
873 361 903 389 et
928 367 1021 404 Πιο-ἱ

260 410 401 444 nasteria
435 409 473 442 ad
509 415 626 443 statum
663 416 694 443 et
729 410 898 443 essentiam
937 405 1022 443 sae-f

261 465 399 498 cularem
424 464 668 503 reduxerimus,
693 469 788 507 prout
823 463 855 496 in
887 463 1022 496 nostris

261 518 397 563 desuper
419 517 573 563 expeditis
598 518 710 550 litteris
744 517 869 561 plenius
904 510 1022 550 conti-¹

260 577 367 613 netur,
386 572 511 607 Ordinis
531 571 685 615 praedicti
706 571 872 613 existebat)
898 582 914 603 a
941 570 1004 614 pri-

259 627 402 659 modicta
426 625 594 668 collegiata
619 625 754 658 ecclesia
787 624 817 658 S.
847 624 1004 658 Vincentii

260 679 299 712 de
323 679 468 713 Cardena
492 680 686 723 dependens,
714 689 768 712 seu
796 677 881 712 illius
903 689 1004 711 mem-

259 732 353 766 brum
378 732 430 773 sit,
456 738 487 767 et
512 739 701 766 occurrente
726 732 892 766 vacatione
909 742 1005 765 cano-

259 787 436 827 nicatuum,
459 785 718 830 praebendarum
743 791 773 818 et
798 785 934 818 aliorum
960 786 1007 818 os-

260 839 408 873 ssciorum
422 839 525 873 dictae
543 839 711 883 colleg-iate
728 839 883 873 ecclesiae
904 838 1004 872 sancti

260 893 379 935 lambi,
399 904 523 938 semper
537 893 576 926 ab
590 893 838 927 immemorabili
859 900 1004 937 tempore

260 947 351 987 eitra,
378 947 471 981 salvis
497 954 605 981 tamen
630 947 900 981 reservationibus
914 953 943 980 et
961 948 1004 980 as-

259 1001 452 1035 fectionibus
477 1002 660 1046 apostolicis
684 1002 716 1034 in
737 1001 902 1035 mensibus
919 1001 1005 1034 loco-

261 1066 333 1088 rum
371 1055 548 1090 Ordinariis
585 1055 775 1097 reservatis,
813 1056 851 1088 ab
890 1055 1023 1094 abbate:

261 1110 449 1154 collegiatae
474 1110 626 1144 ecclesiae
644 1110 675 1143 S.
696 1109 851 1144 Vincentii
870 1109 908 1143 ‹le
931 1109 1004 1143 Car-

261 1163 360 1206 dona,
391 1175 450 1208 pro
487 1170 632 1208 ternpore
658 1165 836 1204 existente,
870 1163 908 1196 de
941 1163 1022 1197 illis

262 1218 388 1262 disponi
414 1218 631 1256 consueveris,
656 1228 742 1252 nunc
766 1228 840 1251 vcro
865 1223 936 1262 post
958 1228 1004 1250 re-

262 1270 446 1304 ductionem
470 1271 508 1304 ad
534 1271 789 1305 saecularitatem
806 1270 1004 1310 huiusmodi,

263 1324 452 1358 venerabilis
464 1326 561 1359 frater
574 1325 744 1369 episcopus
759 1325 900 1358 Vicensis
915 1335 1004 1368 prae-

263 1377 394 1417 tendat,
430 1378 634 1411 collationem
670 1378 800 1411 illorum
838 1378 870 1410 in
910 1377 1021 1410 dictis«

262 1431 425 1464 mensibus
448 1432 608 1466 Ordinarii
643 1432 681 1465 ad
718 1443 750 1465 se
783 1438 946 1475 spectare:
972 1436 1020 1471 et¹

260 1490 429 1529 propterea
454 1485 545 1519 facile
569 1487 694 1519 evenire
712 1486 822 1529 possit.
842 1491 877 1518 ut
895 1485 1001 1529 aliqua

261 1538 375 1572 exinde
385 1539 600 1573 controversia
610 1539 692 1572 inter
701 1539 806 1583 ipsum
816 1539 1001 1583 episcopum

260 1592 424 1626 Vicensem
437 1597 469 1626 et
490 1592 691 1636 praedictum
709 1592 857 1626 abbatem
876 1592 908 1625 S.
927 1592 1001 1625 Vin-

261 1645 356 1679 centii
382 1645 421 1679 de
441 1645 586 1680 Cardona
602 1645 797 1687 suboriatur,
814 1645 935 1679 idcirco
956 1645 1003 1679 di-

261 1705 332 1733 ctus
356 1698 547 1733 Franciscus
573 1699 746 1732 modernus
781 1699 878 1732 abbas
910 1699 1003 1731 nobis

260 1753 425 1786 humiliter
450 1752 623 1797 supplicari
648 1753 737 1793 fecit,
765 1758 799 1786 ut
823 1763 920 1798 super
943 1753 1003 1785 hoc

260 1806 300 1841 de
312 1812 512 1852 opportunae
530 1807 755 1841 declarationis
774 1807 918 1840 remedio
933 1817 1005 1850 pro-

260 1860 377 1902 videre,
399 1860 438 1895 de
462 1860 660 1904 benignitate
681 1860 866 1904 apostoliea,
895 1860 1023 1903 dignas

261 1925 380 1948 remur.

305 1969 322 2010 ξ
346 1967 377 2001 2.
406 1969 468 2001 Nos
492 1968 590 2012 igitur
614 1979 743 2003 omnem
769 1967 1005 2002 controversiae

261 2021 464 2055 occasionem
490 2022 573 2055 inter
596 2022 827 2056 ecclesiasticas
852 2032 1006 2066 personas

262 2085 278 2107 e
303 2074 409 2108 medio
433 2075 564 2113 tollere,
591 2082 621 2109 et
646 2077 696 2109 ius
717 2086 811 2110 suum
829 2076 1005 2119 unicuique

261 2138 449 2162 conservare
474 2129 628 2169 volentes,
658 2129 897 2173 praedictarum
922 2129 1006 2163 litte-

260 2193 369 2216 rarum
394 2188 577 2215 nostrarum
611 2189 756 2217 tenorem
786 2183 1005 2226 praesentibus

261 2246 318 2280 pro
343 2245 489 2280 expresso
515 2236 685 2277 babentes,
713 2236 883 2280 ipsumque
909 2237 1006 2268 Fran-

262 2290 382 2323 ciscum
408 2300 425 2322 a
452 2289 618 2334 quibusvis
643 2290 1003 2329 excommunicationis,

260 2344 481 2388 suspensionis
505 2350 536 2378 et
560 2344 732 2385 interdicti,
753 2344 887 2388 aliisque
905 2344 1005 2377 eccle-

261 2398 396 2431 siasticis
421 2399 599 2440 sententie,
627 2398 770 2431 censuris
795 2405 825 2432 ct
850 2398 962 2442 poenis
987 2409 1005 2430 a

260 2452 330 2486 iure
346 2452 395 2485 vet
413 2453 453 2485 ab
471 2451 612 2491 bomine,
630 2452 741 2495 quavis
766 2452 934 2485 occasione
955 2452 1002 2484 vel

262 2516 357 2539 causa
380 2506 465 2545 latis,
492 2507 516 2539 si
542 2506 659 2550 quibus
682 2516 778 2549 quom
796 2506 926 2538 »delibet
950 2506 999 2538 in-

261 2559 397 2592 nodatus
419 2559 532 2598 existit,
554 2559 593 2592 ad
615 2560 762 2592 effectum
785 2558 1000 2602 praesentium

261 2612 426 2645 dumtaxat
460 2612 744 2655 consequendum,
778 2612 891 2644 barum
921 2612 1001 2644 serie

262 2665 458 2700 absolventes
482 2670 512 2699 et
535 2666 719 2700 absolutum
740 2666 805 2698 sore
823 2671 998 2706 censentes,

1040 256 1096 278 vni
1121 257 1166 279 rr.

1036 304 1220 337 huiusmodi
1238 303 1528 348 supplicationibus
1549 303 1704 342 inclinati,
1725 314 1781 336 au-

1037 356 1184 389 ctoritate
1210 357 1395 400 apostolica,
1420 362 1529 390 tenore
1551 357 1780 400 praesentium,

1039 409 1257 451 declaramus,
1283 417 1375 454 prout
1398 412 1476 444 alias
1494 412 1587 444 etiam
1607 411 1781 445 declaravi-

1039 474 1120 504 mus,
1138 469 1266 497 nostrae
1283 464 1470 498 intentionis
1487 475 1666 509 numquam
1684 465 1780 498 fuisse

1039 523 1093 549 aut
1117 527 1185 550 esse
1215 528 1273 560 per
1301 518 1522 551 reductionem
1550 518 1778 559 ecclesiarum,

1039 571 1319 612 monasteriorum,
1348 572 1539 615 dignitatum
1557 578 1588 606 et
1606 571 1781 606 beneficio-

1039 635 1111 657 rum
1137 624 1262 658 Ordinis
1276 631 1306 658 et
1318 625 1520 669 principatus
1538 625 1780 670 praedictorum

1039 678 1078 711 ad
1104 678 1381 719 saecularitatem,
1407 681 1447 713 ab
1472 680 1592 713 eisdem
1619 681 1777 722 ecclesiis,

1040 732 1256 772 monasteriis,
1271 732 1481 776 dignitatibus
1496 739 1524 767 et
1542 733 1718 775 beneficiis,
1735 734 1781 767 iu-

1039 785 1261 826 risdictiones,
1288 787 1538 830 praerogativas,
1563 787 1782 831 praeeminen-

1040 840 1116 881 tiaS,
1143 841 1328 884 privilegia,
1356 841 1482 885 aliaque
1507 842 1575 874 iura
1599 848 1627 875 et
1653 851 1782 875 conces-

1039 894 1146 928 siones
1166 896 1303 934 auferre,
1319 894 1372 927 sed
1393 896 1632 938 regularitatem
1657 901 1781 928 tantum

1039 948 1070 980 in
1089 948 1134 981 eis
1156 948 1355 992 supprimere
1371 976 1378 989 ,
1406 949 1526 992 illaque
1552 949 1590 981 ad
1611 949 1782 982 saeculari-

1040 1008 1137 1035 tatem
1165 1002 1349 1035 buiusmodi
1381 1003 1546 1043 reducere,
1582 1002 1675 1035 salvis
1700 1012 1782 1035 sem-

1040 1066 1096 1098 per
1113 1055 1144 1087 in
1163 1066 1222 1089 suo
1240 1055 1357 1089 robore
1374 1055 1637 1100 permanentibus
1654 1055 1782 1088 iurisdi-

1040 1109 1216 1150 ctionibus,
1256 1110 1509 1153 praerogativis,
1550 1109 1778 1154 praeeminen-

1039 1163 1111 1204 tiis,
1138 1163 1316 1208 privilegiis
1341 1169 1372 1197 et
1396 1163 1467 1196 aliis
1494 1163 1712 1208 supradictis,
1737 1163 1780 1196 sic

1038 1218 1135 1251 etiam
1159 1224 1288 1251 nostrae
1313 1217 1429 1250 mentis
1454 1224 1484 1251 et
1508 1218 1697 1251 intentionis
1718 1228 1781 1251 non

1039 1270 1136 1304 fuisse
1155 1281 1210 1313 per
1227 1270 1447 1304 reductionem
1463 1271 1500 1303 ad
1523 1271 1781 1305 saecularitatem

1039 1324 1223 1367 collegiatae
1248 1324 1402 1358 ecclesiae
1427 1324 1458 1357 S.
1481 1324 1588 1358 Iacobi
1617 1324 1656 1357 de
1684 1324 1786 1358 Calats

1037 1377 1239 1421 supradictae
1276 1378 1308 1410 in
1342 1379 1449 1421 aliquo
1474 1378 1696 1422 praeiudicare
1720 1378 1780 1411 iuri

1037 1431 1233 1472 conferendi,
1262 1431 1350 1475 quod
1373 1437 1446 1465 ante
1471 1432 1588 1466 dictam
1621 1432 1782 1465 reductio-

1037 1494 1109 1517 nem
1134 1484 1173 1517 ad
1191 1484 1394 1527 praedictum
1410 1485 1557 1518 abbatem
1575 1485 1605 1519 S.
1624 1484 1782 1518 Vincentii

1037 1538 1077 1571 de
1104 1538 1250 1571 Cardena
1276 1538 1416 1582 legitime
1437 1539 1613 1583 spectabat.

1082 1593 1097 1633 ξ
1112 1592 1142 1624 3.
1171 1592 1383 1626 Decerncntes
1396 1598 1562 1637 propterea
1580 1592 1700 1625 dictum
1715 1603 1784 1625 mo·
1826 1598 1984 1624 0¹-·¹¹*¹·¹¹1·t³‘0

1799 1626 1887 1645 tunna-1·
1904 1625 1985 1645 Consti-

1038 1644 1174 1678 dernum
1200 1652 1231 1679 ct
1254 1656 1312 1690 pro
1339 1651 1484 1689 tempore
1507 1645 1695 1679 existentem
1721 1645 1780 1679 ab-
1799 1654 1985 1698 {gnta-minuunt-

1037 1698 1143 1732 batem
1170 1698 1201 1732 S.
1230 1699 1385 1732 Vincentii
1412 1700 1450 1733 de
1476 1699 1620 1734 Cardena
1646 1710 1703 1743 per
1720 1700 1785 1744 epi-

1039 1764 1173 1798 scopum
1187 1754 1367 1795 vicensem,
1381 1764 1436 1788 seu
1452 1765 1676 1798 quoscumque
1690 1754 1782 1795 alios,

1039 1807 1289 1851 praemissorum
1308 1807 1487 1850 occasione,
1508 1808 1680 1849 molestari,
1708 1817 1781 1852 per-

1040 1860 1174 1901 turbari,
1191 1860 1363 1905 inquietari
1377 1862 1422 1894 vel
1437 1861 1584 1905 impediri
1600 1861 1785 1894 nullatenus

1040 1924 1143 1957 posse;
1162 1920 1408 1958 praesentesque
1426 1914 1555 1955 litteras,
1576 1914 1671 1947 etiam
1693 1925 1729 1947 ex
1747 1925 1784 1947 eo

1041 1967 1127 2011 quod
1142 1968 1247 2002 (lictus
1260 1969 1429 2012 episcopus
1444 1980 1499 2002 seu
1517 1969 1569 2002 alii
1588 1969 1784 2013 quicumque

1041 2022 1071 2054 in
1098 2022 1279 2065 praemissis
1293 2023 1342 2056 ius
1356 2022 1473 2056 babere
1488 2023 1732 2066 praetendentes
1746 2023 1785 2056 ad

1041 2076 1100 2108 boc
1125 2076 1227 2109 vocati
1253 2082 1283 2109 et
1315 2076 1414 2109 auditi
1439 2087 1504 2109 non
1530 2076 1667 2116 fuerint,
1695 2081 1725 2109 et
1750 2087 1786 2109 cx

1041 2129 1151 2173 quavis
1176 2129 1237 2162 alia
1261 2140 1380 2171 causa,
1417 2129 1454 2161 du.
1486 2129 1706 2174 subreptionis
1739 2130 1784 2163 vel

1041 2183 1237 2227 obreptionis
1261 2189 1316 2216 aut
1329 2183 1484 2216 nullitatis
1502 2183 1588 2221 vitio,
1608 2195 1663 2217 seu
1682 2184 1786 2216 inten-

1041 2236 1135 2269 tionis
1159 2243 1286 2270 nostrac
1301 2238 1347 2270 vel
1363 2238 1424 2271 alio
1442 2246 1647 2280 quocumque
1661 2236 1785 2269 defectu

1040 2291 1157 2331 notari,
1178 2291 1360 2335 impugnari
1375 2297 1430 2324 aut
1447 2291 1588 2334 infringi,
1605 2290 1782 2330 retractari,

1040 2343 1202 2377 inralidari
1229 2344 1274 2377 vel
1301 2344 1339 2376 ad
1367 2344 1522 2378 terminos
1556 2344 1634 2377 iuris
1660 2343 1782 2383 reduci,

1039 2409 1094 2430 seu
1131 2398 1162 2430 in
1198 2399 1246 2431 ius
1284 2398 1331 2431 vel
1364 2398 1614 2431 controversisun
1642 2397 1784 2431 revocari

1039 2451 1127 2484 nullo
1153 2463 1307 2495 umquam
1334 2459 1475 2495 tempore
1501 2464 1611 2496 possm
1636 2451 1690 2484 sed
1716 2451 1785 2484 illas

1038 2516 1163 2550 semper
1177 2506 1296 2539 validas
1311 2513 1340 2539 et
1355 2506 1499 2539 efficaces
1512 2506 1644 2539 existere
1659 2511 1686 2538 ct
1704 2508 1781 2545 sore,

1037 2569 1177 2602 suosque
1215 2560 1373 2602 plenarios
1410 2565 1441 2593 et
1477 2559 1619 2601 integros
1654 2558 1785 2591 effectus

1036 2612 1142 2645 sortiri
1169 2618 1197 2646 ct
1223 2613 1379 2645 obtinere:
1410 2612 1521 2655 sicque
1548 2619 1575 2644 et
1602 2622 1665 2644 non
1691 2612 1784 2644 aliter

1037 2676 1094 2708 per
1111 2676 1335 2709 quoscumque
1350 2665 1470 2698 iudices
1484 2664 1663 2698 ordinarios
1683 2670 1710 2697 et
1730 2665 1785 2697 ‹le-

1708 245 1748 278 19
1795 255 1844 281 An.
1862 253 1889 280 c.
1912 253 1980 280 1603
