2227 3241
923 233 1021 257 INDEX
1045 232 1152 257 RERUM
1696 221 1754 255 691

362 283 573 319 tribunalibus
598 284 816 319 criminalibus
842 281 933 319 Urbis
959 295 975 319 a
1000 286 1054 319 Pio
1072 285 1110 319 tv
1127 286 1357 330 praescriptam
1372 286 1494 320 servari
1514 284 1657 327 mandat,
1683 285 1747 319 302
1772 296 1801 318 a.

360 338 489 373 Beatam
506 338 706 374 Franciscam
723 339 896 373 Romanam
913 341 960 372 ss.
978 339 1123 381 Catalogo
1141 338 1302 377 adscribit,
1322 339 1379 372 491
1398 338 1455 372 be!
1469 350 1529 384 seq.
1544 338 1707 373 Maronitis
1724 337 1807 373 iubi-

361 392 465 426 Iaeum
479 394 642 436 concedit,
659 395 720 427 556
739 394 763 426 b.
784 394 859 427 Item
878 398 907 426 et
929 393 1063 434 Polonis,
1083 394 1145 426 58¹.)
1160 404 1188 425 a.
1208 392 1292 426 Indis
1308 394 1403 426 etiam
1417 393 1579 435 Peruanis,
1594 393 1657 427 638
1670 403 1689 425 α
1704 396 1805 436 etseq.

361 447 494 481 Litteras
520 458 689 492 processus
715 449 746 481 in
771 447 895 480 Coenae
920 446 1046 480 Domini
1066 446 1259 490 promulgat,
1278 447 1339 479 617
1360 446 1375 480 b
1393 451 1420 479 e!
1437 457 1496 491 seq.
1514 446 1643 480 Beatum
1661 446 1804 479 Caroluni

362 500 587 535 Borromaeum
611 502 790 542 canoniZat,
816 501 879 533 645
904 510 923 532 α
948 504 976 532 e!
995 511 1058 544 seq.

272 553 387 588 Paulus
412 556 582 599 episcopus
607 546 795 589 Bovinensis
820 553 905 596 apud
930 552 1076 587 Carolnm
1101 553 1306 587 Emanuelem
1331 553 1508 587 Sabandiae
1535 553 1649 587 ducem
1667 554 1804 587 nuncius

361 607 569 651 apostolicus,
592 608 632 641 62
650 607 675 640 b.
696 607 777 641 Huic
801 608 1008 640 committitur
1034 610 1064 640 nt
1090 606 1277 650 probibeat,
1304 609 1473 652 quominus
1499 608 1530 640 in
1556 606 1632 640 locis
1657 605 1806 640 Pinerolii

359 661 587 696 catholicorum
611 661 666 696 11111
691 661 860 695 haereticis
885 659 1061 694 nutricibus
1086 659 1259 701 tradantur,
1286 660 1362 692 iln‘d.
1826 668 1854 698 a

272 712 386 748 Paulus
411 714 612 748 Crescentius
637 714 761 748 auditor
785 713 945 758 generalis
970 714 1077 747 euriae
1104 722 1248 747 camerae
1274 713 1479 756 apostolicae,
1506 714 1568 747 354
1594 724 1622 746 a.

270 767 358 802 Peris
383 769 603 812 praepositura
628 767 758 803 Ordinis
784 767 813 801 S.
839 766 1002 801 Benedicti
1028 768 1059 800 in
1085 766 1306 810 landgraviatu
1333 767 1487 803 Alsatiae.
1514 768 1577 801 375
1603 767 1628 800 b.

271 820 425 857 Peruanis
450 821 623 856 lubilaeuin
646 821 845 864 conceditur,
872 821 934 854 638
960 832 988 853 (ι.

270 875 354 911 Petri
375 876 432 921 (S.)
456 876 606 919 Basilica,
632 877 694 910 557
721 887 749 909 α.
782 876 856 910 Eius
888 875 1029 910 fabricae
1054 874 1245 909 addicuntur
1270 875 1382 909 decem
1406 874 1492 909 mille
1519 874 1624 909 ducati
1649 875 1738 909 aurei
1763 883 1801 908 ex

358 930 570 974 eleemosynis
596 931 762 964 occasione
787 929 951 964 Cruciatae
976 929 1178 973 colligendis,
1205 928 1282 962 ibid.
1309 932 1338 962 et
1364 929 1436 962 610.

269 985 380 1019 Petrus
403 984 606 1028 Capuecittus
631 983 671 1018 ab
697 984 816 1028 Agellis
841 983 1092 1018 Coelestinorum
1118 981 1216 1017 abbas
1240 981 1415 1025 generalis,
1442 982 1502 1015 127
1530 982 1555 1015 b.

270 1037 381 1072 Petrus
411 1038 582 1072 cardinalis
614 1037 870 1072 Aldobrandinus
904 1037 1007 1081 Papae
1039 1036 1211 1071 Clementis
1244 1035 1314 1068 VIII
1348 1044 1447 1078 nepos
1483 1045 1521 1068 ev
1559 1036 1669 1074 fratre,
1704 1037 1744 1068 55
1776 1035 1802 1068 b.

358 1091 388 1125 S.
414 1091 450 1125 R.
475 1090 508 1125 E.
534 1093 741 1133 camerarius,
768 1091 806 1124 97
834 1102 851 1124 a
877 1095 908 1124 et
932 1091 994 1123 356
1020 1101 1048 1123 α.
1075 1089 1167 1123 Sedis
1201 1088 1403 1132 Apostolicae
1436 1090 1467 1122 in
1500 1088 1633 1122 Galliam
1665 1088 1804 1130 legatus,

360 1143 437 1177 ibid.
462 1143 594 1188 Collegit
619 1144 806 1178 Clementini
832 1147 1002 1188 protector,
1029 1143 1105 1176 ibid.
1131 1148 1159 1176 et
1182 1154 1249 1188 seq„

271 1198 382 1232 Petrus
407 1197 489 1241 Ceti,
515 1202 699 1242 procurator
722 1198 882 1241 generalis
907 1197 1037 1233 Ordinis
1061 1199 1161 1232 sancti
1186 1197 1310 1238 Basilii,
1337 1198 1398 1230 549
1424 1210 1452 1230 a.

271 1251 382 1285 Petrus
408 1251 597 1285 Hernandez
623 1252 661 1285 dc
688 1252 835 1286 Azevcdo
860 1251 1054 1295 gubernator
1078 1251 1265 1291 Mediolani,
1293 1251 1353 1284 226
1379 1262 1397 1283 α
1422 1262 1482 1295 seq.

270 1305 381 1339 Petrus
405 1305 522 1340 Paulus
547 1306 748 1340 Crescentius
772 1305 924 1340 Gamerae
948 1305 1153 1349 Apostolicae
1178 1304 1318 1344 auditor,
1345 1305 1404 1337 354
1433 1305 1458 1337 h.

271 1358 382 1393 Petrus
418 1359 596 1402 patriarcba
632 1359 869 1401 Maronitarum,
902 1359 964 1392 555
990 1359 1015 1391 b.
1041 1358 1205 1401 Monetur,
1242 1360 1424 1394 immutatos
1460 1367 1477 1390 a
1511 1368 1567 1391 suo
1604 1361 1806 1392 antecessore

359 1413 438 1446 ritus
460 1414 617 1454 restituat,
643 1414 706 1446 664
732 1413 747 1445 b
772 1424 852 1457 seqq.

271 1464 434 1510 Philippus
464 1465 491 1499 11
515 1466 739 1509 Hispaniarum
771 1476 849 1502 rex,
877 1467 914 1499 24
950 1477 978 1499 α.
1008 1466 1175 1501 Parochias
1209 1475 1264 1509 pro
1297 1465 1413 1499 Mauris
1445 1464 1483 1498 ad
1518 1465 1614 1498 tidem
1643 1465 1806 1499 conversis

360 1520 440 1563 erIgi
465 1523 496 1553 et
519 1519 619 1553 dotari
639 1521 777 1562 curavit,
805 1520 844 1553 21
870 1530 902 1561 a,
929 1520 991 1553 285
1012 1531 1041 1552 a.
1067 1519 1142 1554 Eius
1168 1521 1272 1554 anIma
1298 1529 1314 1552 a
1340 1520 1484 1553 censuris
1505 1519 1697 1561 absolvitur,
1721 1518 1806 1552 7611.

269 1571 433 1616 Philippus
464 1572 505 1606 III
537 1573 764 1617 Hispaniarum
799 1583 874 1615 rex,
899 1573 939 1606 76
966 1574 991 1607 b.
1018 1574 1044 1607 A
1069 1576 1214 1608 censuris
1247 1573 1422 1608 absolvitur
1453 1583 1530 1618 quas
1566 1575 1740 1607 incurrerat
1767 1572 1807 1606 ob

359 1634 421 1657 non
447 1626 591 1659 restituta
617 1635 654 1658 ex
682 1625 819 1669 Philippi
845 1626 869 1659 II
896 1626 1056 1662 voluntate
1082 1628 1227 1661 eeclesiis
1258 1627 1361 1669 bona,
1387 1635 1468 1672 qnae
1495 1626 1546 1660 ille
1571 1626 1632 1660 sibi
1657 1625 1808 1660 vindiea—

360 1680 461 1719 verat,
489 1677 565 1711 ibid.
592 1678 760 1712 Parochias
774 1680 804 1712 in
819 1689 917 1723 regno
932 1680 1094 1715 Valentiae
1111 1692 1165 1725 pro
1180 1681 1296 1715 Mauris
1318 1681 1553 1714 neo-conversis
1572 1683 1694 1714 erectas
1708 1679 1808 1713 dotari

358 1735 457 1774 curat,
472 1732 533 1766 289
548 1732 563 1765 b
577 1736 605 1766 et
617 1744 678 1777 seq.
694 1733 730 1767 Ei
747 1734 934 1769 conceditur
948 1734 1126 1769 subsidium
1141 1734 1317 1769 octodecim
1335 1734 1511 1769 millionum
1526 1733 1565 1767 ab
1581 1732 1807 1767 ecclesiasticis

357 1787 450 1830 regni
481 1786 635 1820 Castellae
662 1787 925 1831 persolvendum,
954 1789 1015 1821 439
1047 1800 1107 1832 seq.
1142 1789 1246 1833 Atque
1277 1790 1370 1822 etiam
1402 1787 1533 1822 facultas
1564 1787 1694 1822 creandi
1727 1796 1809 1821 cen—

358 1850 412 1873 sus
433 1850 530 1884 super
549 1839 642 1874 bonis
667 1840 834 1875 stabilibus
866 1851 1048 1875 mensarum
1079 1842 1307 1883 magistralium
1333 1841 1516 1875 militiarum
1541 1841 1581 1874 de
1606 1840 1743 1884 Spatha,
1768 1840 1808 1873 de

357 1892 519 1928 Calatrava
551 1897 582 1928 et
613 1894 652 1928 de
679 1894 862 1937 Alcantara,
890 1895 948 1928 531
977 1895 1002 1928 b.
1040 1894 1102 1936 Qui
1140 1899 1243 1928 tamen
1276 1895 1357 1928 int'ra
1390 1896 1501 1938 viginti
1535 1903 1634 1928 annos
1669 1892 1807 1927 debeant

358 1948 517 1991 extingui,
543 1948 604 1981 533
630 1958 659 1980 a.
684 1947 770 1982 Beati
796 1947 898 1982 Caroli
924 1947 1102 1982 Borromaei
1129 1950 1401 1982 canonizationem
1425 1951 1606 1991 promovet,
1634 1948 1690 1981 651
1721 1959 1750 1979 α.

270 1999 521 2035 Piccolomineus
545 2001 730 2035 cardinalis:
760 2001 830 2035 vide
854 2002 971 2045 Scipio.

269 2052 486 2089 Pieczarensis
523 2055 758 2090 archimandria
795 2064 857 2100 qua
898 2054 968 2099 lege
1007 2056 1047 2089 sit
1087 2055 1347 2098 metropolitanae
1386 2054 1601 2088 llutlienorum
1642 2053 1806 2088 Ecclesiae

357 2109 462 2149 unita,
490 2109 529 2142 24
556 2108 582 2141 b.
609 2108 687 2142 Unio
713 2108 899 2142 dissolvitur
927 2108 1002 2141 ibid.

270 2159 436 2201 Pinerolii,
463 2162 609 2195 catholici
634 2173 708 2195 suos
733 2162 812 2195 tillos
839 2161 1002 2196 tradebant
1028 2161 1205 2195 nutricibus
1231 2161 1399 2195 haereticis
1423 2161 1571 2197 alendos,
1599 2162 1639 2194 62
1665 2161 1690 2193 b.

270 2212 344 2247 Pius
368 2214 426 2247 ΡΡ.
452 2214 491 2247 IV
516 2215 664 2259 hospitali
691 2216 720 2249 S.
746 2216 852 2249 Lazari
876 2214 934 2248 snb
960 2217 1153 2257 protectione
1179 2215 1270 2248 Sedis
1297 2215 1495 2258 Apostolicae
1520 2215 1669 2258 suscipit,
1688 2218 1716 2247 et
1739 2214 1805 2256 pri-

359 2268 485 2311 vilegiis
500 2272 641 2310 exornat,
656 2269 692 2302 31
711 2268 872 2302 a.Taxan1
891 2269 920 2301 in
940 2267 1381 2302 tribunatum<criminalibus
1396 2268 1487 2303 Urbis
1506 2268 1698 2302 servandam
1717 2276 1806 2311 prac-

359 2319 478 2362 scribit,
498 2321 560 2354 470
578 2332 596 2354 a
613 2332 674 2366 seq.

270 2372 343 2407 Pius
371 2373 395 2406 V
419 2375 583 2408 confirmat
608 2375 774 2418 privilegia
797 2385 812 2408 a
839 2376 892 2408 Pio
911 2375 950 2408 tv
971 2375 1080 2409 collata
1107 2376 1253 2419 hospitali
1279 2381 1307 2410 et
1333 2376 1463 2409 niilitlae
1481 2377 1510 2409 S.
1530 2375 1645 2417 Lazari,
1672 2379 1805 2418 excepta

359 2427 503 2461 facultate
536 2427 689 2462 militibus
719 2429 897 2471 coniugatis
931 2430 1128 2472 percipiendi
1161 2431 1332 2472 pensiones
1365 2430 1404 2463 de
1436 2429 1527 2462 bonis
1555 2428 1805 2470 ecclesiasticis,

357 2481 398 2514 :32
423 2480 449 2513 h.
475 2480 599 2515 Missale
624 2481 798 2515 Romanum
825 2481 987 2515 emendari
1013 2485 1115 2522 curat,
1142 2484 1193 2515 88.
1221 2482 1483 2516 Constitutioneni
1512 2481 1575 2515 edit
1601 2482 1640 2515 de
1666 2481 1755 2521 lorts,
1776 2486 1809 2515 et

357 2535 448 2568 terris
472 2534 632 2568 Romanae
657 2534 818 2568 Ecclesiae
844 2543 904 2567 non
931 2535 1147 2571 int‘eudandis.
1175 2536 1235 2569 267
1262 2548 1290 2569 a.

271 2586 471 2622 Placentinus
496 2589 679 2632 episcopus:
707 2588 775 2621 ride
800 2588 964 2625 Claudius:
990 2599 1173 2631 processum
1200 2591 1333 2624 instituit
1358 2600 1414 2634 pro
1439 2591 1675 2624 canonizatione
1706 2591 1807 2623 sancti

358 2641 460 2676 Caroli
484 2642 682 2683 Borromaet,
710 2643 767 2675 651
798 2653 827 2675 a.
