2227 3241
265 265 315 292 An.
338 264 365 291 C.
390 264 458 293 1606
505 256 568 290 284

288 1067 407 1088 etauiutae.

281 1703 394 1733 Derogatio
404 1708 451 1724 con-

267 1732 388 1751 trarioruni.

1044 265 1222 290 normaton
1248 267 1398 291 sonituum

458 323 522 346 non
549 318 717 357 postquam
744 312 797 345 illa
823 313 921 353 sacta,
950 313 1132 353 reformata,
1160 314 1352 357 actspecie,
1377 313 1471 346 etiam
1500 313 1632 354 iteratis,
1649 312 1770 347 vicibus
1788 314 1969 357 quomodo-

460 368 498 400 de
524 377 606 399 novo
628 367 708 400 t'acta
730 372 759 399 et
780 366 865 399 edita
885 366 1013 407 suerint,
1038 372 1195 410 perpetuo
1231 366 1307 400 tibet
1328 366 1504 407 concessis,
1529 366 1714 410 approbatis
1739 372 1770 400 et
1798 366 1964 401 innovatis.

459 420 561 453 valida
580 426 610 453 et
629 420 770 454 efficacia
787 420 854 454 sore
872 425 900 453 et
920 431 998 460 esse,
1023 431 1058 453 ac
1076 421 1115 453 ab
1133 431 1197 453 om-
1230 419 1351 458 Ouibus
1372 419 1534 459 omnibus,
1555 419 1680 453 etiarnsi
1701 429 1760 463 pro
1779 430 1891 453 eorum
1909 420 1971 454 suf-

458 473 567 513 nibus,
592 474 630 506 ad
657 484 737 517 quos
763 483 821 518 pro
847 479 992 517 tempore
1018 474 1195 517 quomodo·
1232 473 1352 506 ticienti
1385 473 1595 515 derogatione
1627 473 1666 506 d'e
1698 473 1759 506 illis
1792 483 1969 517 eorumque

459 526 534 559 libet
560 527 717 569 spectabit
738 527 768 560 in
796 527 950 568 futurum,
973 532 1129 571 perpetuo
1151 527 1197 559 in·
1232 526 1305 559 totis
1332 526 1495 559 tenoribus
1520 526 1691 570 specialis,
1719 525 1888 570 specifica,
1912 537 1968 559 ex-

458 579 650 612 violabiliter
666 580 827 613 observari
840 586 869 613 et
884 580 1054 624 adimpleri
1068 580 1198 621 debere,
1213 585 1214 591 ¹
1232 589 1340 622 pressa
1363 585 1393 612 et
1414 579 1589 621 individua,
1609 590 1645 613 ac
1665 579 1704 612 de
1725 579 1822 613 verbo
1842 580 1882 614 ad
1902 590 1971 613 ver-

459 642 506 673 ae,
522 632 576 665 illo
586 632 680 665 etiam
698 633 759 665 rita
774 633 893 674 functo,
910 644 927 666 a
942 643 1199 677 quoquain,qua-
1214 669 1216 682 ,
1233 633 1320 673 buin,
1343 643 1406 666 non
1425 639 1532 666 autem
1555 643 1612 677 per
1630 633 1788 666 clausulas
1805 633 1971 676 generales

459 686 503 718 vis
517 686 716 727 auctoritate,
735 689 894 730 causaque
909 693 938 720 et
952 686 1120 720 occasione
1135 686 1198 719 vio·
1214 707 1216 728 3
1233 685 1317 719 idem
1334 686 1554 729 imponantes,
1573 685 1694 720 mentio
1709 696 1764 719 seu
1773 685 1903 730 quaevis
1912 685 1973 719 alia

459 739 535 779 lari,
557 739 708 782 infringi,
733 740 905 782 restringi,
934 739 1122 781 immutari,
1150 739 1197 772 vel
1234 739 1395 783 expressio
1409 739 1575 781 habenda,
1591 745 1645 773 aut
1658 739 1765 784 aliqua
1785 739 1847 773 alia
1861 739 1973 783 exqui-

460 792 555 824 etiam
573 803 631 836 per
651 803 709 826 nos
727 799 757 826 et
774 803 976 826 successores
994 799 1121 827 nostros
1138 793 1200 826 Ro·
1215 783 1217 840 ¹1
1234 793 1293 825 sita
1314 793 1418 826 fornia
1443 793 1483 827 ad
1512 793 1574 826 hoc
1599 793 1755 827 servanda
1766 793 1881 834 ‘soret‚
1912 792 1974 826 illis

460 855 573 879 manos
594 846 776 887 Pontifices,
804 846 865 879 nisi
895 846 958 879 illis
978 847 1017 880 de
1038 846 1135 880 verbo
1160 846 1200 879 ad
1216 841 1217 856 ¹
1234 846 1311 879 alias
1329 846 1358 878 in
1377 857 1435 880 sno
1454 846 1570 880 robore
1587 846 1817 891 permansuris,
1834 846 1894 880 hac
1907 845 1974 880 vice

459 899 592 932 verbum
608 899 734 933 insertis
744 900 950 944 etexpressis,
968 900 1116 943 derogari
1131 900 1201 933 nul·
1216 903 1218 934 ὲ
1235 900 1399 934 dumtaxat
1416 901 1597 944 specialiter
1615 906 1645 934 et
1666 911 1813 944 expresse
1833 901 1971 943 deroga-

460 953 585 985 latenus
605 963 759 996 umquam
782 963 886 997 posse,
907 953 1028 997 pariter
1044 959 1200 998 perpetuo
1216 941 1218 975 i
1236 964 1315 995 mus⁷
1338 954 1536 998 caeterisque
1565 954 1733 988 contrariis
1761 953 1972 998 quibuscum-

461 1011 580 1040 statuas
601 1012 632 1040 et
652 1007 801 1047 ordincs;
1217 1038 1218 1050 ,
1235 1018 1308 1051 que.
1595 1002 1600 1007 ’

506 1060 520 1103 ἓ
538 1058 567 1092 6.
585 1060 773 1093 Praesentes
788 1071 917 1104 quoque
935 1060 1058 1093 litteras
1075 1071 1201 1104 semper
1217 1081 1218 1086 ,
1279 1061 1393 1093 Datum
1416 1061 1535 1094 Romae
1556 1061 1641 1104 apud
1662 1061 1692 1094 S.
1717 1061 1846 1105 Petrum
1859 1088 1866 1102 ,
1891 1070 1975 1095 anno

463 1113 582 1146 validas
608 1118 638 1146 et
659 1113 804 1147 efficaces
824 1114 892 1146 sore
913 1119 943 1147 et
963 1124 1041 1154 esse,
1062 1119 1218 1161 suosque]
1236 1113 1466 1146 incarnationis
1480 1114 1786 1154 Dominicaeuncvi,
1799 1114 1912 1158 quinto
1924 1114 1976 1148 ka-

462 1166 625 1210 plenarios
653 1171 685 1199 et
715 1167 858 1209 integros
883 1167 1014 1200 effectus
1039 1166 1146 1200 sortiri
1173 1172 1201 1200 et
1217 1205 1219 1207 r
1237 1167 1345 1199 tendas
1364 1167 1481 1207 martii,
1505 1167 1711 1211 pontificatus
1728 1167 1828 1201 nostri
1849 1177 1934 1201 anno
1951 1178 1972 1202 1.

462 1220 621 1260 obtinere,
639 1220 749 1263 sicque
766 1231 824 1263 per
841 1231 1063 1264 quoscumque
1081 1220 1219 1267 iudice53
1273 1228 1329 1255 ttat.
1351 1229 1394 1255 <tie
1415 1228 1448 1256 “25
1468 1228 1598 1255 tetii-uarii
1622 1229 1698 1264 1606,
1720 1229 1815 1265 pontis.
1837 1238 1881 1258 an.
1903 1237 1922 1257 1.

463 1273 643 1306 ordinarios
664 1279 694 1306 et
715 1273 896 1316 delegatos⁷
921 1273 1031 1317 quavis
1056 1273 1198 1306 auctori·
1217 1271 1219 1276 '

464 1333 525 1361 tate
557 1328 725 1370 fungentes
740 1355 747 1368 ‚
776 1328 872 1361 etiam
895 1338 1065 1361 causarum
1091 1327 1219 1361 Pataui

464 1381 637 1425 Apostolici
661 1382 835 1423 auditores,
851 1393 887 1415 ac
905 1382 935 1415 S.
952 1382 987 1415 R.
1007 1382 1038 1414 E.
1057 1381 1202 1414 cardina·
1218 1394 1220 1430 Ξ

465 1434 509 1467 les
523 1434 617 1467 etiam
633 1435 672 1468 de
685 1435 785 1468 latere
798 1435 920 1477 legatos
938 1434 1071 1481 iudicari
1087 1440 1116 1467 et
1130 1434 1203 1467 defi·
1219 1432 1220 1444 ¹
1320 1459 1328 1462 -

465 1487 525 1519 niri
540 1487 669 1528 debere,
694 1487 888 1531 irritumque
903 1493 933 1521 et
945 1488 1055 1527 inane,
1073 1487 1097 1519 si
1112 1498 1203 1520 secus
1238 1485 1412 1519 Renomtio
1434 1486 1622 1520 litterarum
1641 1487 1791 1531 Gregorii
1816 1487 1908 1522 XIII
1925 1497 1978 1520 su-

464 1550 562 1584 super
581 1540 658 1574 liisa
673 1551 849 1584 quoquam,
866 1541 976 1584 quavis
997 1540 1200 1580 auctoritate,
1282 1550 1339 1583 per
1363 1539 1609 1582 confirmatione
1633 1544 1729 1573 laxae
1753 1540 1792 1573 ab
1817 1541 1979 1584 archiepi-

465 1592 603 1626 scienter
628 1594 674 1627 vel
700 1594 898 1636 ignoranter,
916 1593 1221 1635 eontigeritatten-¹
1283 1603 1373 1635 scopo
1406 1592 1576 1626 Valentino
1601 1594 1781 1637 efformatae
1804 1603 1865 1637 pro
1889 1594 1980 1627 dota-

467 1646 659 1687 tari,e;⁴ide1n
671 1647 860 1681 auctoritate
884 1649 993 1680 nostra
1014 1647 1178 1680 decernas.
1220 1639 1221 1671 i
1284 1646 1404 1678 latione
1435 1645 1643 1679 ecclesiarum<
1667 1646 1914 1690 parochialium
1942 1647 1978 1679 in

511 1701 527 1742 g
549 1699 577 1733 7.
606 1701 675 1734 Non
707 1701 908 1734 obstantibus
932 1700 1118 1744 praemissis
1133 1727 1140 1740 ,
1169 1710 1222 1744 aeg
1282 1708 1378 1741 reyno
1396 1698 1565 1732 Valentiae
1579 1710 1640 1744 pro
1659 1699 1874 1734 instructione
1885 1699 1980 1733 Mau-

466 1753 686 1787 Lateranensis
704 1753 834 1787 Concilii
852 1754 1023 1787 novissime
1042 1753 1205 1794 celebrati,
1220 1758 1222 1765 ¹
1283 1761 1395 1784 rorum
1408 1752 1532 1785 noviter
1548 1762 1773 1786 conversorum
1789 1757 1978 1792 erectarum,

467 1807 602 1841 uniones
619 1812 802 1851 perpetuas,
820 1807 880 1841 nisi
899 1807 930 1840 in
951 1807 1078 1841 casibus
1098 1818 1116 1840 a
1136 1807 1204 1840 iure
1285 1805 1558 1838 nonobstantibus
1570 1806 1690 1839 litteris
1700 1805 1870 1841 Clementis
1884 1804 1976 1846 VIII,

467 1861 641 1904 permissis,
665 1861 735 1895 fieri
755 1861 966 1905 prohibentis,
990 1871 1116 1894 necnon
1137 1860 1222 1904 qui-¹
1284 1858 1402 1901 quibus
1413 1858 1627 1891 diversimode
1636 1859 1805 1903 provisum
1815 1859 1922 1902 suerat
1933 1868 1981 1892 su-

467 1914 574 1948 busvis
598 1914 800 1958 apostolicis,
828 1925 864 1948 ac
893 1914 925 1947 in
951 1914 1202 1955 universalibus,
1282 1921 1340 1954 per
1358 1911 1463 1944 eadem
1483 1913 1560 1944 tami
1580 1913 1713 1956 eiusque
1729 1915 1893 1946 eoeactione
1902 1910 1923 1945 ⁴².

468 1968 783 2013 provincialibusque
810 1974 841 2002 et
864 1968 1070 2013 synodalibus
1098 1968 1205 2002 conci-

470 2021 518 2055 liis
536 2021 639 2063 editis,
656 2022 847 2066 specialibus
865 2028 894 2055 et
912 2021 1117 2065 generalibus
1136 2032 1207 2055 eon·
1222 2020 1223 2029 ¹

469 2066 688 2109 stitutionibus
717 2081 748 2109 et
779 2075 1052 2116 ordinationibus,
1081 2085 1205 2108 necnon

471 2128 681 2171 collegiorum
706 2129 966 2173 praedictorum,
995 2128 1089 2162 ctiam
1116 2128 1203 2161 iura-

1539 1390 1635 1423 XXXI
1652 1390 1670 1423 ¹.

1480 2002 1592 2028 Paulus
1613 2002 1691 2035 Papa
1705 2002 1736 2035 V.

1363 2054 1404 2081 Ad
1424 2058 1600 2089 perpetuam
1619 2054 1664 2081 rei
1683 2054 1865 2082 memoriam.

1285 2127 1371 2160 Inter
1392 2125 1533 2159 caeteras
1557 2132 1668 2160 nostro
1698 2126 1823 2160 muneri
1853 2125 1980 2159 incum—

1987 263 2037 292 An.
2054 265 2084 292 c.
2105 238 2202 308 teo-'¹⁸¹

471 2188 590 2225 mento,
604 2182 850 2216 confirmatione
864 2182 1051 2226 apostoliea,
1069 2182 1116 2215 vel
1131 2192 1208 2225 qua-

471 2237 514 2270 vis
535 2236 686 2270 firmitate
704 2236 764 2270 alia
782 2236 953 2276 roboratis,
976 2235 1112 2276 statutis,
1136 2235 1205 2279 pri-

470 2290 592 2332 vilegiis
617 2300 757 2334 quoque,
782 2289 912 2323 indultis
937 2295 966 2322 et
992 2289 1106 2322 litteris
1133 2298 1208 2332 apo-

469 2344 607 2385 stolicis,
636 2343 696 2377 illis
721 2353 897 2386 eorumque
929 2342 1150 2386 superioribus
1180 2347 1209 2375 et

469 2397 625 2441 personis,
641 2397 700 2431 sub
721 2396 978 2440 quibuscumque
997 2395 1161 2428 tenoribus
1179 2400 1207 2428 et

1243 2180 1355 2213 bentes
1376 2190 1485 2221 curas,
1509 2179 1582 2222 illa,
1607 2190 1689 2224 quae
1710 2179 1803 2213 nobis
1827 2179 1860 2212 in
1883 2179 1980 2213 beato

1244 2234 1337 2267 Petro
1353 2234 1572 2277 apostolorum
1586 2233 1734 2277 principe
1751 2243 1769 2266 a
1788 2232 1912 2267 Christo
1925 2233 1982 2267 Do-

1245 2287 1332 2320 mino
1358 2287 1530 2320 commissa
1550 2292 1606 2327 est,
1629 2286 1781 2330 pascendi
1800 2296 1874 2320 oves
1899 2285 1979 2326 eius,

1243 2340 1416 2384 praecipue
1437 2340 1530 2373 nobis
1547 2340 1637 2373 cordi
1654 2340 1785 2380 haeret·‚
1804 2344 1834 2373 et
1854 2344 1983 2383 propte-

1225 2403 1298 2432 wea
1323 2399 1451 2427 nostrae
1471 2393 1671 2427 auctoritatis
1695 2398 1803 2437 partes
1828 2392 1859 2426 in
1882 2392 1919 2426 iis
1943 2392 1983 2425 li-

471 2451 592 2492 sormis,
620 2461 657 2483 ac
674 2460 747 2483 eum
773 2449 936 2493 quibusvis
957 2449 1051 2482 etiam
1073 2449 1226 2498 deroga-3
1326 2490 1332 2497 ἱ
1492 2491 1496 2496 ,
1544 2491 1551 2498 Ἰ

473 2503 627 2536 toriarum
650 2502 872 2545 derogatoriis‚
894 2501 1028 2545 aliisque
1050 2501 1225 2534 essu-acio·¹
1278 2492 1293 2561 ἑ
1313 2490 1350 2562 ξ’(
1369 2494 1469 2562 ἑξὲξὲῑε·
1491 2490 1769 2562 ἳῖἐίξζθζῑᾰῗὶἓνὲςῑ
1788 2533 1892 2561 Constit
1922 2533 1983 2561 Cle-

471 2556 559 2590 ribus
588 2562 618 2590 ct
645 2556 781 2590 insolitis
801 2555 969 2596 clausulis,
993 2554 1207 2587 irritantilnis-
1223 2588 1225 2595 Δ
1244 2543 1439 2612 memigpwn,
1467 2544 1579 2606 CEL‘XXW
1598 2578 1717 2613 Empom'
1734 2578 1783 2613 (in
1812 2578 1837 2605 h·
1863 2554 1900 2605 n..
1915 2578 1982 2606 edit.

471 2621 544 2654 que]
568 2616 599 2643 θῑ
628 2610 696 2643 aliis
724 2609 878 2650 decreti&
906 2609 938 2642 in
963 2618 1079 2651 genere
1108 2608 1154 2641 vel
1175 2607 1205 2639 in
1240 2628 1432 2652 cet-xxxvtom.
1449 2630 1476 2658 x,
1491 2631 1552 2659 pag.
1569 2622 1641 2657 784),
1651 2626 1678 2650 et
1688 2622 1799 2650 Constit.
1816 2629 1933 2650 cccxxvii
1948 2623 1984 2650 A·

508 2675 517 2699 t
537 2672 605 2699 Edit.
619 2672 696 2701 Main.
710 2672 762 2700 t'ert
774 2672 956 2708 prohibentes
970 2672 1009 2707 (n.
1025 2672 1072 2705 τ,).

1222 2666 1224 2702 l
1239 2669 1372 2704 poslotici
1382 2668 1420 2703 (in
1437 2668 1462 2695 ti.
1481 2676 1506 2695 n.
1525 2668 1589 2695 edit.
1606 2674 1766 2702 ecrxxxvni,
1783 2666 1817 2694 ib.
1835 2675 1896 2703 pag.
1909 2666 1983 2702 790).
2030 2697 2038 2701 ‚
