2227 3241
17 258 67 288 An.
82 259 111 287 C.
130 257 198 286 1604

65 800 157 822 Ambitus
174 799 194 819 in

14 827 108 858 Ecclesia
135 826 194 847 sat-te

15 859 142 882 perniciosus

45 1821 99 1851 lutet·
109 1820 198 1842 (31110110-

21 1853 54 1869 ros
64 1850 184 1875 irrepserat.

823 258 959 282 CLEMENS
985 259 1042 283 ΠΠ
1067 260 1112 283 Pr.

526 305 628 340 CCCL.

206 415 377 449 Fratribus
398 414 533 449 Ordinis
553 414 793 457 crucifer-orma
811 414 949 448 ambitus

251 469 450 512 ‹liqnitatnm
473 473 502 502 et
526 469 707 511 officiarum
735 467 874 501 eiusdem
899 479 949 501 or-

252 522 339 555 dinis
363 522 569 556 interdicitur
584 522 602 555 ¹.

412 639 546 666 clemens
567 639 646 672 Papa
665 638 743 671 VIII,

332 692 368 720 ad
388 695 563 726 perpetuam
583 692 627 719 rei
647 691 828 719 memoriam.

253 790 411 829 Quoniam
444 800 540 823 nemo
570 790 664 823 debet
696 790 756 823 sibi
788 800 951 824 assumere

211 844 381 884 honorem,
408 843 470 877 nisi
491 849 621 877 vocatus
652 854 669 877 a
701 844 766 877 Deo
788 850 951 888 tamquam

210 899 328 938 Aaron,
345 903 376 931 et
393 908 411 930 a
430 897 587 940 regularis
604 897 686 930 vitae
704 897 849 931 instituto
860 897 952 930 valde

210 951 351 985 alienum
380 958 426 986 est
449 957 484 985 ut
511 951 652 994 religiosi
674 952 733 984 viri
764 952 864 996 (quos
895 951 953 985 ho-

209 1016 326 1039 norum
359 1012 390 1040 et
421 1005 613 1049 dignitatum
642 1006 761 1049 gradus
787 1006 953 1040 sanctitate

209 1060 292 1094 vitae
311 1071 348 1094 ac
374 1060 444 1093 aliis
464 1059 623 1103 religiosis
649 1059 821 1094 virtutibus
846 1060 953 1104 potius

210 1114 403 1159 promereri,
432 1125 528 1158 quam
555 1119 719 1158 appetere,
740 1125 861 1159 eosque
881 1125 954 1157 gra-

211 1168 282 1209 dus,
302 1179 374 1202 curn
393 1167 433 1201 ad
454 1178 508 1202 eos
529 1173 749 1209 assumuntur,
766 1168 955 1202 obedienter

210 1221 384 1266 suscipere,
413 1227 644 1266 susceptosque
665 1221 831 1255 humiliter
852 1221 955 1255 admi-

211 1275 348 1309 nistrare
377 1275 500 1319 decet),
529 1275 718 1309 mendicatis
742 1275 955 1309 saecularium

211 1329 402 1372 praesertim
427 1339 641 1373 personarum
668 1329 801 1369 studiis,
829 1329 869 1362 ad
901 1339 955 1362 005

210 1381 272 1415 sibi
292 1382 415 1415 aditum
437 1382 621 1425 patefacere
642 1382 851 1422 contendant,
868 1382 955 1415 unde

210 1445 328 1478 magna
353 1435 384 1468 in
406 1435 546 1468 Ecclesia
571 1435 627 1468 Dei
651 1434 812 1478 pernicies
837 1435 955 1468 adferri

210 1489 306 1522 solet:
322 1499 382 1522 nos
402 1488 456 1533 qui
474 1498 534 1533 pro
555 1488 699 1521 muneris
727 1488 829 1522 nostri
846 1488 956 1522 debito

211 1543 243 1576 in
264 1542 325 1576 hoc
344 1542 548 1587 potissimum
571 1542 720 1576 laborare
740 1552 806 1576 non
831 1542 956 1576 desisti-

212 1608 294 1638 mus,
318 1602 353 1630 ut
373 1597 588 1631 ecclesiastica
612 1596 835 1641 regularisque
860 1596 956 1630 disci--

211 1651 299 1695 plina
322 1651 459 1695 pristino
485 1651 625 1685 candore
654 1651 853 1691 restituatur,
881 1650 957 1683 huic

212 1705 298 1738 malo
329 1711 549 1749 opportunum
588 1705 768 1739 remedium
801 1705 957 1738 adhihen-

212 1758 289 1792 dum
311 1759 509 1792 censuimus.

257 1813 274 1854 5
295 1811 326 1845 1.
349 1811 426 1846 Cum
442 1811 562 1856 itaque,
579 1811 662 1845 sicut
674 1811 870 1856 accepimus,
887 1811 957 1855 qui-

214 1865 287 1899 dam
307 1865 340 1898 in
360 1865 480 1899 Ordine
497 1865 758 1908 congregationis
775 1864 957 1899 Crucifero-

212 1930 296 1961 rum,
317 1920 527 1964 professionis
555 1926 585 1954 et
612 1920 744 1963 regulae
764 1930 860 1964 quam
882 1929 954 1963 pro-

214 1973 286 2007 fessi
306 1980 381 2008 sunt
400 1974 528 2018 penitus
551 1974 770 2013 immemores,
792 1974 957 2017 nimiaque

213 2027 404 2071 dignitatum
420 2034 450 2061 et
466 2028 650 2062 officiorum
665 2027 955 2061 ecclesiasticorum

213 2080 245 2113 in
264 2081 349 2115 dicta
369 2081 628 2125 Congregatione
653 2082 957 2125 consequendorum

213 2135 390 2169 ambitione
426 2136 532 2176 ducti,
566 2146 626 2180 pro
656 2136 693 2169 iis
722 2135 958 2179 consequendis

215 2188 507 2222 ecclesiasticorum
537 2195 567 2223 et
592 2188 806 2222 saecularium
831 2188 955 2231 princi-

214 2252 292 2286 pum
308 2242 414 2276 studia
434 2242 612 2286 requirant,
637 2248 664 2275 et
687 2252 703 2274 a
724 2241 756 2275 S.
776 2241 811 2274 R.
836 2242 868 2274 E.
891 2252 959 2274 car-

216 2295 379 2330 dinalibus
405 2296 540 2340 aliisque
568 2296 722 2340 praelatis
752 2295 960 2328 commenda-

219 2349 303 2383 titias
322 2349 455 2391 litteras,
480 2350 624 2393 aliosque
645 2350 769 2382 favores
790 2355 821 2382 et
842 2348 960 2390 gratias

219 2408 388 2447 expetant,
411 2403 529 2448 quibus
550 2403 671 2443 adiuti,
692 2412 773 2446 quos
794 2402 854 2446 ipsi
875 2412 911 2435 ex
927 2412 960 2435 se

219 2457 435 2500 promeruisse
453 2457 586 2490 minime
600 2456 780 2497 confidunt,
795 2456 913 2499 gradus
930 2462 961 2489 et

221 2509 389 2552 dignitates
417 2510 448 2543 in
477 2510 590 2544 eadem
610 2509 865 2553 Congregatione
886 2519 961 2543 con-

258 2643 267 2668 t
291 2642 330 2670 De
350 2641 401 2670 hoc
420 2642 520 2670 Ordine
536 2642 596 2670 vide
612 2643 638 2670 in
653 2642 798 2670 Constitut.
816 2641 916 2669 Urbani
928 2641 961 2668 tlt

222 2685 264 2712 cui
284 2686 389 2714 initium
411 2688 483 2714 Cum
498 2690 657 2716 antecessor
673 2691 737 2715 tom.
754 2694 795 2722 111,
812 2694 872 2722 pag.
890 2686 932 2713 ht).

985 309 1075 352 sequi
1102 308 1243 350 valeant,
1266 309 1377 354 sicque
1409 309 1552 344 eiusdem
1581 309 1724 354 Congre—

983 362 1122 404 gationis
1151 363 1314 407 quietem,
1344 374 1410 398 non
1437 364 1506 398 sine
1539 364 1724 399 animarum

983 426 1113 450 suarum
1134 417 1278 460 periculo
1288 445 1296 459 ,
1324 419 1530 462 perturbent3

1029 472 1045 512 ξ
1066 469 1095 503 2.
1120 470 1183 504 Nos
1201 472 1322 505 malum
1339 472 1401 506 hoc
1419 473 1457 507 ab
1476 474 1591 508 eodem
1609 473 1728 508 Ordine

984 528 1013 556 et
1033 523 1299 567 Congregatione,
1320 526 1411 560 cuius
1432 537 1625 572 prosperum
1642 538 1728 571 regi-

985 587 1059 610 men
1073 583 1102 610 et
1115 577 1353 612 incrementum
1372 581 1411 613 ad
1425 581 1585 615 Ecclesiae
1599 587 1729 615 sanctae

985 630 1155 664 utilitatem
1181 631 1316 666 sinceris
1336 640 1526 677 exoptamus
1547 635 1726 676 affectibus,

985 694 1044 728 pro
1062 687 1171 718 nostra
1189 687 1342 729 pastorali
1361 687 1579 722 sollicitudine
1601 689 1730 733 propel-

986 737 1052 770 lere
1065 749 1273 783 summopere
1288 740 1464 784 cupientes‚
1482 747 1570 775 motu
1586 743 1731 786 proprio,

986 797 1016 824 et
1034 802 1070 825 ex
1091 795 1177 826 certa
1195 796 1304 827 nostra
1322 794 1466 835 scientia,
1491 807 1527 829 ac
1546 796 1584 829 de
1601 802 1730 840 aposto-

987 845 1066 879 licae
1091 847 1258 890 potestatis
1287 848 1509 892 plenitmline,
1538 860 1593 882 eos
1619 861 1731 884 omnes

987 905 1017 932 et
1038 899 1182 942 singulos
1202 901 1314 934 fratres
1335 902 1411 935 dicti
1436 902 1565 936 Ordinis
1590 910 1619 937 et
1645 905 1728 937 Con—

987 954 1183 997 gregationis
1201 955 1435 1000 cuiuscumque
1460 962 1570 997 51111115,
1598 959 1729 1000 gradus,

987 1007 1194 1049 conditionis,
1215 1009 1501 1053 praeeminentiae,
1522 1011 1684 1055 qualitatis
1702 1017 1733 1045 et

988 1061 1153 1104 dignitatis
1174 1063 1363 1105 existentes,
1387 1063 1441 1108 qui
1463 1064 1502 1097 de
1522 1070 1664 1105 caetero,
1693 1065 1733 1099 ad

987 1116 1200 1160 praelaturas,
1220 1117 1350 1159 gradus,
1371 1117 1524 1159 honores,
1546 1118 1730 1161 dignitates,

988 1169 1295 1212 administrationes,
1311 1172 1491 1205 functiones
1508 1177 1539 1206 et
1551 1172 1613 1205 alia
1628 1172 1733 1206 officia

989 1224 1066 1257 dicti
1076 1224 1204 1258 Ordinis
1215 1230 1244 1258 01
1255 1225 1519 1269 Congregationis
1533 1226 1734 1270 assequenda

990 1278 1114 1319 intenti,
1138 1279 1178 1312 ad
1196 1279 1381 1323 principum
1401 1285 1431 1312 et
1449 1280 1671 1323 praelatorum
1696 1290 1733 1313 ac

990 1332 1126 1365 aliarum
1139 1343 1420 1377 quarumcumque
1430 1344 1654 1377 personarum,
1669 1339 1732 1368 tam

990 1386 1215 1427 saecularium,
1240 1397 1336 1430 quam
1362 1387 1665 1428 ecclesiasticarum,
1694 1388 1733 1421 de

990 1440 1114 1483 gremio
1142 1440 1245 1473 dictae
1273 1441 1539 1483 Congregationis
1568 1451 1634 1474 non
1664 1442 1731 1474 exi-

989 1494 1154 1534 stentium,
1179 1493 1275 1526 etiam
1295 1494 1512 1527 cardinalatus
1537 1495 1674 1535 honore,
1698 1506 1734 1528 ac

989 1557 1195 1591 quacumque
1221 1547 1379 1580 saeculari
1401 1547 1556 1589 dignitate
1581 1553 1611 1580 01
1632 1548 1736 1581 excel-

991 1601 1099 1639 lentia,
1129 1601 1225 1635 etiam
1250 1601 1422 1645 imperiali,
1451 1602 1551 1644 regali
1573 1607 1604 1635 et
1630 1602 1736 1635 ducali

990 1655 1192 1697 fulgentium,
1210 1655 1335 1688 favores
1348 1655 1560 1696 recurrerint,
1579 1656 1627 1688 vel
1641 1656 1738 1689 etiam

990 1708 1102 1752 pactis,
1125 1709 1414 1753 pollicitationibus
1439 1710 1586 1754 aliisque,
1611 1710 1668 1743 viis
1688 1711 1738 1744 di-

990 1769 1076 1796 recte
1097 1764 1145 1797 vel
1170 1763 1345 1804 indirecte,
1373 1764 1481 1808 palam
1510 1764 1559 1797 vel
1591 1764 1734 1805 occulte,

990 1816 1029 1849 ad
1051 1817 1263 1861 praelaturas,
1280 1818 1410 1861 gradus,
1426 1818 1580 1859 honores,
1598 1818 1736 1860 dignita-

991 1876 1048 1911 tes,
1077 1872 1392 1911 administrationes,
1420 1872 1600 1906 functiones
1625 1877 1656 1905 et
1676 1872 1738 1906 alia

991 1925 1095 1959 officia
1116 1926 1282 1971 praedicta
1307 1926 1485 1960 obtinenda
1509 1926 1734 1970 aspiraverint,

992 1980 1037 2013 vel
1059 1980 1129 2013 aliis
1150 1980 1256 2013 minus
1281 1980 1445 2023 legittimis
1466 1986 1497 2014 et
1516 1980 1659 2014 honestis
1683 1991 1736 2014 ra-

993 2033 1133 2067 tionibus
1166 2044 1203 2067 ea
1230 2033 1377 2067 obtinere
1410 2034 1650 2077 quaesiverint,
1682 2039 1736 2067 aut

992 2087 1087 2121 etiam
1113 2093 1227 2131 sponte
1253 2087 1368 2120 oblatis
1389 2093 1419 2120 et
1444 2087 1578 2120 minime
1599 2086 1736 2131 conqui-

992 2141 1060 2174 sitis
1085 2141 1133 2175 usi
1166 2141 1303 2182 fuerint,
1332 2140 1528 2185 illorumque
1561 2140 1737 2185 complices

994 2202 1022 2228 et
1048 2196 1199 2235 fautores,
1220 2196 1260 2228 ad
1282 2205 1504 2239 quascumque
1522 2195 1734 2238 praelaturas,

994 2248 1166 2291 dignitates
1184 2254 1215 2282 et
1233 2248 1350 2290 officia,
1367 2249 1563 2292 gradusque,
1581 2248 1734 2287 honores,

994 2302 1291 2336 administrationes
1312 2308 1342 2335 et
1363 2312 1498 2335 munera
1521 2302 1552 2334 in
1572 2301 1639 2344 ipsa
1659 2300 1739 2334 Con-

995 2356 1182 2398 gregatione
1203 2356 1380 2390 obtinenda
1400 2360 1558 2400 perpetuo
1580 2354 1738 2387 inhabiles

995 2410 1210 2451 declaramus,
1230 2421 1266 2443 ac
1287 2410 1428 2443 obtentis
1456 2419 1515 2453 per
1535 2419 1589 2441 cos
1613 2408 1739 2451 praela-

997 2463 1087 2503 turis,
1110 2463 1275 2506 gradibus,
1299 2462 1489 2502 honoribus,
1514 2460 1735 2503 dignitatibus,

995 2516 1341 2557 administrationibus,
1370 2514 1590 2548 functionibus
1615 2519 1645 2546 et
1670 2513 1739 2546 ossi-

995 2570 1052 2604 ciis
1070 2570 1256 2604 huiusmodi
1275 2580 1312 2603 eo
1334 2570 1403 2614 ipso
1422 2569 1596 2613 privamus,
1620 2579 1656 2601 ac
1675 2567 1739 2611 pri-

996 2629 1083 2657 vatos
1109 2634 1185 2658 voce
1210 2630 1274 2657 tarn
1296 2623 1397 2656 activa
1417 2632 1514 2666 quain
1535 2621 1657 2665 passiva
1687 2630 1738 2653 ca-

996 2688 1067 2712 rere
1088 2677 1292 2712 decernimus
1310 2682 1341 2710 et
1362 2676 1574 2710 declaramus.

1744 261 1794 290 An.
1812 261 1840 290 C.
1861 262 1929 291 1604

1768 484 1863 505 Pontifex
1872 485 1930 506 favo·

1703 528 1709 533 .
1743 517 1777 531 res
1791 512 1818 532 ad
1841 512 1930 538 dignita-

1744 540 1775 558 tes
1800 538 1929 560 obtinendas

1744 567 1879 591 quaerentes,

1806 1988 1844 2009 Vel
1862 1990 1937 2014 sponte

1752 2016 1834 2036 oblatas
1865 2016 1937 2036 favore

1751 2042 1893 2063 saecularium
1904 2047 1938 2062 ac-

1751 2071 1860 2095 comantes
1870 2085 1874 2093 ,
1910 2068 1937 2088 ad

1751 2095 1837 2116 easdem
1866 2095 1936 2116 reddit

1753 2123 1857 2144 inhabites
