2227 3241
0 3162 17 3241 αἱς

26 3157 35 3241 1

36 269 83 299 An.
99 268 128 297 C.
151 267 218 296 1605

872 266 993 290 PAL'LUs
1025 268 1041 289 V
1073 268 1116 289 PP.

237 315 437 359 Agennensis
458 315 615 349 dioecesis
636 315 690 359 (ad
710 314 809 359 quod,
824 314 910 348 illius
926 326 977 348 va-

237 369 363 403 catione
382 380 442 414 pro
468 375 613 413 tempore
638 374 828 402 oecurrente
842 395 850 409 ‚
873 368 978 402 nomi-

236 423 324 457 natio
341 433 500 468 personae
514 422 650 456 idoneae
667 422 707 455 ad
725 422 846 456 dietum
864 422 977 456 llenri-

237 488 310 511 cum
332 488 453 520 regem,
471 476 503 510 in
517 476 580 509 vim
602 476 872 510 concordatorum
894 476 978 509 inter

235 530 351 564 Sedem
372 529 589 574 Apostolicam
617 535 648 563 et
674 530 779 563 clarae
799 529 977 562 memoriae

235 585 440 618 Franciseum
465 584 607 628 primum
629 584 826 617 Francorum
852 594 973 626 regem,

235 649 332 682 super
344 637 566 671 nominatione
583 647 795 681 personarum
810 637 869 670 sub
883 637 977 671 certis

235 692 315 725 inibi
336 690 493 736 expressis
513 691 618 724 modis
643 691 683 724 ad
708 691 904 725 monasteria
924 702 975 725 re-

235 745 290 789 gni
307 744 459 779 Franciae
477 755 536 789 pro
563 750 706 789 tempore
732 745 875 790 vacantia
895 756 976 789 1110-ι

235 799 467 833 movendarum
500 809 558 842 per
592 808 701 841 regem
735 798 888 832 Franciae
916 809 976 843 pro

236 858 379 897 tempore
390 851 544 886 existente
558 851 712 894 facienda,
727 852 893 893 initorum,
910 863 977 897 spe-

235 912 321 940 ctare
346 906 567 949 dignoscitur)
601 906 705 941 dietae
737 906 890 940 ecelesiae
921 917 977 941 seu

235 961 321 994 illius
343 971 473 994 mensae
491 960 657 1004 capitulari
677 960 851 1005 apostoliea
872 966 979 995 aucto-

236 1015 329 1048 ritate
354 1014 507 1048 faciendis
532 1014 599 1058 (ita
624 1015 712 1058 quod
741 1014 977 1049 administratio

235 1069 394 1102 bonorum
413 1068 513 1113 ipsius
532 1068 728 1109 monasterii,
753 1068 784 1102 in
810 1079 874 1113 quo
897 1069 976 1103 nulli

235 1122 385 1156 monachi
412 1133 559 1167 expresse
583 1122 718 1167 professi
747 1123 974 1167 reperiuntur,

235 1177 391 1221 cuiusque
405 1173 539 1210 ecclesia
553 1176 679 1220 aliaque
694 1176 841 1210 aedificia
856 1177 896 1211 ob
911 1178 977 1211 bel-

234 1231 352 1271 lorum,
370 1240 452 1274 quae
470 1229 501 1263 in
515 1230 577 1264 illis
591 1230 737 1274 partibus
755 1231 977 1275 superioribus

235 1283 327 1317 annis
347 1284 524 1326 viguerant,
543 1284 698 1317 tumultus
712 1294 865 1326 magnum
885 1285 978 1319 detri-
994 1310 996 1321 .

235 1343 379 1371 mentum
391 1348 542 1382 perpessa
566 1343 595 1371 et
618 1338 682 1371 fere
704 1338 808 1372 diruta
833 1338 973 1380 suerunt,

235 1401 333 1436 penes
346 1391 582 1435 praescriptum
598 1391 773 1435 capitulum
787 1398 978 1434 remaneret,

236 1445 361 1490 ipsique
393 1445 570 1489 capitulum
608 1450 638 1478 et
670 1445 816 1479 canonici
849 1453 977 1490 possent

236 1499 378 1533 eiusdem
402 1498 586 1532 monasterii
609 1500 742 1540 fruetus,
767 1499 922 1541 redditus,
948 1506 978 1534 et

235 1558 408 1598 proventus
425 1552 555 1596 propria
577 1553 767 1587 auctoritate
792 1564 850 1597 per
878 1564 977 1587 11111101

235 1605 283 1640 vel
304 1606 413 1650 plures
430 1616 543 1639 eorum
564 1612 811 1650 procuratorem
836 1607 882 1640 vel
904 1618 979 1652 pro-

237 1665 414 1701 curatores,
438 1660 477 1693 ad
499 1659 531 1693 id
551 1660 735 1704 specialiter
754 1671 813 1705 pro
832 1667 979 1706 tempore

237 1715 457 1759 deputandum
479 1724 535 1747 seu
556 1714 768 1758 deputandos,
785 1715 905 1749 nullius
925 1716 980 1750 de-

236 1778 333 1812 super
361 1766 515 1811 requisita
540 1767 667 1801 licentia
683 1795 690 1809 ‚
714 1768 884 1812 percipere
910 1769 977 1802 exi-

237 1832 313 1865 gere
333 1826 364 1855 et
385 1822 500 1862 levare,
523 1831 561 1854 ae
582 1821 613 1854 in
634 1832 709 1855 suos
735 1833 811 1855 usus
836 1828 864 1856 et
895 1823 980 1856 utili-

237 1881 345 1913 tatem,
356 1875 453 1908 modo
468 1880 497 1908 et
512 1875 614 1908 torma
633 1880 755 1908 tantum
772 1875 981 1920 infrascriptis

237 1928 488 1969 distribuendos,
512 1933 722 1969 convertere,
747 1934 777 1962 et
802 1939 865 1963 non
888 1929 979 1973 alias)

237 1982 443 2024 consentiret,
465 1992 625 2026 suumque
650 1992 841 2016 consensum
861 1983 908 2015 vel
930 1993 980 2015 as-

238 2047 365 2070 sensum
388 2036 528 2080 desuper
548 2041 737 2080 praestaret,
762 2038 919 2069 reservata
937 2042 981 2069 ta-

238 2101 310 2123 men
333 2089 472 2123 Antonio
493 2090 561 2133 (qui
586 2089 799 2123 nominationi
826 2090 903 2123 alias
924 2101 982 2134 per

237 2143 439 2188 praedictum
453 2143 626 2176 llenricum
647 2153 755 2186 regem
770 2153 827 2186 per
844 2154 917 2176 suas
930 2154 982 2187 pa-

240 2203 341 2231 tentes
353 2198 475 2231 litteras
489 2198 528 2230 de
542 2197 686 2230 eiusdem
701 2197 829 2230 Antonii
844 2197 981 2241 persona

239 2252 279 2285 ad
300 2251 421 2284 dictum
448 2250 678 2283 monasterium
709 2256 796 2283 certo
823 2255 897 2282 tunc
923 2260 978 2283 ex-

239 2315 349 2350 presso
371 2305 468 2338 modo
490 2315 605 2338 vacans
623 2305 734 2343 factae,
758 2304 871 2337 litteris
889 2314 982 2348 apos-

241 2359 343 2393 tolicis
363 2359 502 2402 desuper
522 2369 586 2392 non
605 2358 770 2402 expeditis,
788 2358 819 2390 in
834 2358 982 2391 manibus

240 2413 395 2457 praedicti
417 2412 545 2446 llenrici
561 2413 644 2455 regis
657 2416 808 2454 cesserat)
826 2411 981 2456 pensione

240 2468 357 2507 annua,
374 2467 413 2500 ab
431 2466 581 2500 omnibus
593 2466 746 2499 oneribus
764 2471 793 2498 et
808 2465 983 2509 impositio-

241 2521 335 2554 nibus
355 2520 456 2554 libera
470 2526 501 2554 et
514 2521 669 2564 exempta,
688 2519 827 2552 duorum
844 2518 980 2551 millium

241 2573 396 2606 librarum
421 2573 656 2607 Turonensiurn
686 2584 784 2617 super
813 2572 888 2605 dicti
911 2582 980 2605 mo-

241 2627 371 2661 nasterii
389 2627 556 2668 fructibus,
577 2627 768 2665 redditibus,
791 2632 818 2659 et
842 2636 980 2669 proven-

243 2680 325 2714 tibus
345 2681 509 2725 praedicto
531 2681 685 2722 Antonio,
710 2681 817 2725 quoad
842 2680 978 2719 viveret,

287 2743 365 2772 Ball.
383 2744 463 2772 Rom.
484 2744 542 2771 Vol.
561 2744 609 2771 XI.
826 2743 860 2769 30

1010 315 1233 358 persolvenda,
1256 320 1353 358 prout
1377 325 1435 358 per
1460 314 1603 359 diploma
1628 314 1753 357 regium

1012 378 1109 401 manu
1145 368 1219 401 dieti
1254 368 1383 401 llenrici
1416 368 1500 411 regis
1536 368 1753 412 subscriptum

1012 428 1159 455 constare
1189 423 1316 455 dieitur.
1345 423 1382 456 Et
1413 433 1485 456 011111
1515 434 1575 467 1101
1611 423 1754 467 diploma

1012 475 1211 518 praedictum
1228 475 1312 509 inter
1324 476 1385 508 alia
1399 476 1503 510 caveri
1516 477 1653 517 dicatur,
1667 477 1755 520 quod

1012 527 1199 561 huiusmodi
1216 528 1305 569 unio,
1327 529 1476 569 annexio‚
1490 535 1520 562 et
1534 529 1754 574 incorporatio

1012 592 1084 614 011111
1107 581 1359 623 conditionibus,
1377 593 1460 626 quae
1482 582 1565 616 inter
1585 583 1754 616 venerabi-

1011 635 1072 668 lem
1089 636 1220 668 fratrem
1241 642 1388 669 nostrum
1406 636 1612 670 Franciseum
1628 637 1753 681 episco-

1012 700 1087 733 pum
1108 690 1316 723 Sabinensem
1336 690 1366 723 S.
1386 691 1422 724 R.
1440 691 1472 723 E.
1497 691 1693 724 cardinalem
1714 691 1753 724 de

1011 743 1139 777 Gioiosa
1169 750 1391 787 nuncupatum
1417 744 1628 786 negociorum
1654 744 1753 788 ipsius

1012 796 1140 830 11001101
1164 796 1248 839 regis
1275 807 1310 830 ae
1336 797 1511 831 Galliarum
1533 798 1619 842 apud
1641 808 1698 831 nos
1724 803 1753 831 et

1011 850 1125 884 Sedem
1151 850 1349 894 praedictam
1377 857 1607 895 protectorem,
1627 862 1754 885 necnon

1013 903 1164 937 dilectum
1186 903 1290 937 filium
1316 903 1499 948 Philippum
1521 904 1680 938 Bethunes
1701 904 1752 948 ip-

1011 957 1077 990 sius
1094 957 1222 991 llenrici
1245 958 1328 1000 regis
1347 957 1441 991 etiam
1464 958 1548 1002 apud
1574 968 1632 991 nos
1653 969 1756 1002 nuper

1013 1017 1187 1052 oratorem,
1212 1022 1247 1044 ac
1267 1011 1456 1056 capitulum,
1482 1012 1666 1053 canonicos,
1683 1022 1756 1045 nec-

1012 1075 1076 1098 non
1097 1064 1324 1105 hencficiatos,
1353 1070 1384 1098 et
1412 1065 1547 1098 clericos
1574 1065 1756 1109 praedictos

1012 1119 1275 1160 convenirentur,
1300 1124 1331 1152 et
1351 1123 1582 1159 statuerentur,
1610 1118 1680 1152 fieri
1703 1120 1756 1152 de-

1011 1173 1143 1213 berent;
1175 1179 1204 1207 et
1228 1178 1401 1217 propterea
1426 1173 1614 1206 Franciscus
1632 1173 1755 1217 episco-

1012 1239 1071 1272 pus
1092 1234 1121 1261 ct
1142 1228 1335 1269 cardinalis,
1360 1238 1395 1261 ac
1425 1227 1591 1271 Philippus
1620 1233 1752 1267 orator,

1012 1292 1139 1315 necnon
1159 1281 1347 1325 capitulum,
1369 1281 1528 1322 canonici,
1557 1281 1752 1322 beneficiati,

1013 1342 1041 1369 et
1062 1337 1167 1375 clerici
1190 1336 1346 1380 praedicti
1368 1336 1451 1368 inter
1472 1346 1505 1369 se
1526 1341 1757 1372 convenerunt,

1012 1400 1067 1423 seu
1087 1395 1321 1432 transegerunt,
1346 1389 1432 1432 quod
1453 1399 1517 1421 una
1538 1388 1620 1422 inter
1645 1399 1757 1422 omnes

1013 1443 1196 1482 canonicos,
1217 1442 1425 1475 beneficiatos
1451 1448 1478 1475 et
1501 1441 1633 1475 clericos
1655 1442 1758 1475 dictae

1014 1496 1167 1530 ecclcsiae
1178 1496 1400 1529 Lateranensis
1411 1496 1554 1529 titulares
1566 1496 1644 1530 etde
1656 1498 1758 1529 massa

1014 1549 1180 1594 capitulari
1196 1549 1280 1583 illius
1294 1549 1535 1594 participantes,
1551 1549 1637 1582 iuxta
1649 1549 1760 1582 unius-

1014 1604 1170 1648 cuiusque
1196 1609 1297 1636 ratam
1319 1614 1356 1637 ex
1377 1603 1446 1637 aliis
1468 1603 1571 1636 dictae
1605 1602 1759 1637 eeclesiae

1014 1663 1044 1690 01
1059 1657 1142 1690 illius
1161 1667 1289 1689 mensae
1306 1656 1462 1690 fructibus
1471 1656 1759 1690 etobventionilms

1015 1722 1068 1744 eos
1098 1715 1294 1753 tangentem,
1316 1715 1346 1743 et
1378 1710 1580 1743 observatam
1614 1709 1758 1743 eiusdem

1015 1764 1168 1798 ecclesiae
1183 1762 1471 1804 consuetudinem,
1490 1763 1591 1797 altera
1606 1773 1680 1797 vero
1695 1773 1760 1797 me-

1015 1818 1116 1851 dietas
1137 1817 1281 1850 01110111111
1303 1817 1484 1857 fruetuum,
1509 1816 1706 1857 reddituum,
1732 1820 1761 1850 et

1015 1877 1230 1916 proventuum
1257 1870 1334 1904 dieti
1360 1870 1547 1903 monasterii
1578 1870 1661 1903 inter
1688 1875 1761 1903 octo

1016 1926 1114 1970 ipsius
1140 1925 1295 1958 eeclesiae
1315 1924 1538 1958 Late1·anensis
1570 1923 1756 1963 canonicos,

1015 1991 1072 2024 per
1093 1979 1214 2013 dietum
1228 1978 1402 2012 llenricum
1420 1988 1529 2021 regem
1544 1978 1677 2022 eiusque
1691 1988 1761 2010 suc-

1016 2043 1158 2066 cessores
1183 2033 1383 2066 Francorum
1410 2041 1501 2074 reges
1526 2042 1585 2075 pro
1615 2037 1761 2075 tempore

1017 2087 1186 2120 existentes
1220 2091 1342 2120 tantum
1373 2085 1590 2119 nominandos
1627 2086 1759 2129 (010011

1770 267 1817 294 An.
1835 265 1862 293 C.
1888 266 1953 293 1605

1796 703 1955 723 Sabeone-110.

1769 731 1957 755 nitiusauperqni·

1768 756 1807 776 bus
1825 757 1880 782 regis
1900 758 1956 776 Ora—

1770 786 1800 803 tur
1809 786 1827 803 et
1838 784 1955 808 Capitulum

1770 810 1915 831 00111011110111,

1785 1185 1956 1210 <jumentumque

1772 1212 1816 1234 suit.
1837 1214 1858 1231 ut
1878 1212 1956 1231 tructus

1771 1238 1893 1258 dividantur
1904 1241 1957 1258 mter

1772 1265 1906 1291 Camurium,
1936 1267 1955 1284 ct

1772 1294 1819 1312 octo
1844 1292 1958 1312 canonicos

1772 1325 1809 1344 per
1825 1324 1894 1342 10110111
1917 1325 1957 1337 nu<

1773 1346 1890 1367 initiandus,

1018 2140 1100 2174 inter
1130 2140 1210 2173 alios
1245 2139 1418 2172 canonicos
1448 2138 1601 2172 eeclesiae
1626 2139 1756 2171 Latera-
1796 2149 1800 2153 ·

1016 2193 1122 2227 nensis
1144 2193 1329 2226 huiusmodi
1356 2202 1421 2225 non
1443 2192 1652 2234 nominatos),
1676 2191 1761 2224 ultra

1016 2247 1260 2280 distributiones
1281 2246 1384 2279 dictos
1417 2252 1489 2279 octo
1511 2244 1683 2279 canonicos
1702 2254 1760 2288 pro

1018 2307 1162 2345 tempore
1194 2300 1378 2334 nominatos
1403 2311 1438 2333 ex
1464 2300 1565 2332 altera
1596 2299 1757 2331 fructuum

1018 2353 1382 2388 medietatehuiusmodi
1399 2351 1761 2395 tangentes,aequaliter

1016 2414 1047 2442 ct
1076 2407 1398 2453 proportional»iliter
1428 2405 1602 2450 respective
1633 2404 1756 2437 divide-

1016 2469 1127 2496 rentur
1148 2467 1178 2495 et
1199 2461 1450 2505 repartirentur:
1484 2465 1515 2492 et
1537 2458 1595 2502 ipsi
1617 2464 1689 2490 octo
1711 2468 1761 2489 ca-

1016 2516 1137 2555 nonici,
1162 2526 1219 2559 per
1236 2514 1409 2548 llenricum
1430 2518 1458 2546 et
1474 2512 1542 2545 eius
1559 2521 1761 2544 successores

1016 2581 1107 2611 reges
1128 2569 1307 2609 nominati,
1332 2568 1458 2601 easdem
1488 2565 1654 2610 portiones
1682 2575 1757 2608 per-

1017 2630 1152 2663 mutare,
1177 2634 1231 2656 5011
1256 2623 1285 2655 10
1307 2622 1387 2654 alios
1409 2621 1593 2659 tranferrm,
1618 2619 1664 2652 vel
1687 2628 1761 2662 pen-

1015 2678 1137 2711 sionem
1159 2687 1255 2722 super
1281 2675 1356 2721 ipsis
1378 2680 1513 2716 tantum,
1538 2674 1585 2707 vcl
1605 2683 1702 2718 super
1716 2672 1760 2706 eis
