2227 3241
75 246 121 274 An.
142 245 171 272 C.
185 245 255 272 1609

95 413 198 434 Concedit
206 412 258 434 Pau-

72 439 110 460 lus.

914 244 1033 269 PAULt‘s
1055 244 1073 269 V
1094 244 1138 268 ΡΡ.

273 292 305 326 in
321 292 506 336 praemissis
519 301 662 326 annuere
676 292 714 325 de
731 291 929 333 benignitate
943 301 1015 335 apo-

271 345 385 380 stolica
405 345 627 389 dignaremur.

318 399 333 442 g
351 398 380 432 5.
395 400 458 433 Nos
472 399 579 442 igitur,
594 398 752 432 dictarum
773 398 952 431 litterarum
972 403 1015 430 te-

273 462 370 486 nores
389 452 612 496 praesentibus
632 461 691 495 pro
714 445 875 494 expressis
900 450 1016 484 haben-

274 511 330 546 tes‚
349 504 535 538 huiusmodi
553 503 842 548 supplicationibus
861 503 1015 543 inclinati,

273 570 309 592 ex
333 568 430 598 nune,
457 563 556 601 prout
583 563 755 601 postquam
779 563 810 589 tu
836 556 916 588 riam
939 555 1013 588 nni-

272 621 382 645 versae
413 610 519 643 carnis
548 609 711 652 ingressus
744 609 862 649 fueris,
895 609 1015 642 eisdem

272 663 419 708 Philippo
438 663 587 707 principi,
612 668 642 695 et
662 662 754 695 alteri
777 669 899 695 tantum
919 662 950 694 in
971 662 1017 695 Si-

273 716 365 750 ciliae
393 716 478 749 ultra
506 715 645 749 Pharum
667 721 698 748 et
722 715 889 748 Sardiniae
912 714 1018 757 regnis

273 776 303 804 et
322 769 452 803 illorum
472 768 583 802 insulis
603 768 747 811 legitimo
768 768 944 801 successori
962 768 1019 811 <ita

273 830 308 857 ut
329 833 499 867 personam
520 822 660 866 Philippi
681 827 712 855 et
731 821 862 855 alterius
883 821 1017 864 legitimi

273 876 467 910 successoris
488 875 645 919 praedicti
670 874 750 908 haec
775 880 886 908 nostra
909 884 1015 907 reser-

274 930 358 963 vatio
392 936 423 963 et
453 928 618 963 concessio
644 938 710 961 non
741 927 935 970 egrediatur,
963 927 1018 961 sed

274 983 400 1016 duabus
414 987 537 1016 tantum
551 981 698 1026 personis
712 981 885 1025 praedictis
905 980 1018 1014 suffra-

246 1071 249 1083 ,
274 1036 391 1079 gem),
415 1035 571 1079 quamdiu
592 1034 638 1067 illi
663 1034 807 1075 vixerint,
831 1033 880 1067 ius
904 1039 1015 1077 patro-

252 1094 367 1122 ‘natus
395 1093 426 1121 et
454 1087 681 1132 praesentandi
712 1097 865 1131 personas
886 1086 1018 1120 idoneas

105 1903 223 1925 clausulae.

99 2595 212 2621 Det-ontio
221 2601 270 2618 eon-

88 2622 205 2644 uariorum.

274 1141 379 1183 nobis,
403 1146 434 1174 et
457 1151 517 1185 pro
547 1147 691 1184 tempore
721 1139 929 1173 existentibus
950 1140 1015 1173 Ro-

276 1194 379 1228 manis
400 1193 609 1228 Pontificibus
627 1193 866 1227 successorihus
886 1192 1014 1233 nostris,

275 1248 316 1281 ad
348 1247 639 1291 praesentationem
678 1246 863 1280 huiusmodi
894 1245 1014 1290 praefi-

276 1301 474 1335 ciendas'ad
509 1311 730 1345 quascumque
759 1300 958 1333 cathedrales
990 1307 1019 1333 et

277 1357 541 1400 metropolitanas
564 1355 714 1389 ecclesias
740 1362 771 1388 et
796 1364 1018 1398 quaestumque

278 1409 484 1451 monasteria,
508 1408 603 1443 etiam
625 1407 868 1448 consistorialia‚
893 1407 924 1440 in
942 1407 1021 1441 Siei-

277 1464 338 1497 liae
367 1464 449 1497 ultra
480 1463 618 1496 Pharum
650 1468 681 1495 et
715 1461 882 1495 Sardiniae
913 1461 1019 1503 regnis

276 1517 448 1563 praedictis
476 1528 512 1551 ac
544 1517 674 1550 illorum
701 1516 811 1549 insulis
841 1516 1017 1549 consisten-

278 1572 338 1613 tia,
359 1571 486 1616 quoties
510 1571 578 1604 illas
599 1576 630 1604 et
650 1570 702 1603 illa
723 1570 888 1614 quibusvis
912 1570 1019 1610 ⁴modis

277 1632 307 1660 et
325 1637 362 1659 ex
379 1635 671 1670 quorumcumque,
693 1624 788 1658 ctiam
807 1624 836 1657 S.
855 1625 889 1657 R.
906 1625 937 1657 Ε.
955 1635 1020 1658 car-

279 1679 446 1720 dinalium,
470 1679 615 1723 personis
636 1689 748 1712 vacare
769 1678 949 1721 contigerit,
965 1689 1020 1711 au-

278 1733 426 1767 ctoritate
447 1732 632 1777 apostoliea,
657 1738 767 1765 tenore
788 1731 1016 1775 praesentium,

278 1787 425 1821 similiter
445 1797 661 1827 reservamus,
686 1785 893 1820 concedimus
915 1792 945 1819 et
966 1796 1017 1819 as-

278 1841 452 1884 signamus.

323 1894 390 1937 ἓῦ.
419 1895 633 1928 Decernentes
661 1904 881 1937 quascumque
909 1894 1017 1938 provi-

278 1949 385 1982 siones
409 1954 440 1982 et
464 1948 542 1981 alias
560 1947 785 1991 dispositiones
814 1947 852 1980 de
880 1947 1022 1981 ecclesiis

279 2008 310 2036 et
335 2001 538 2035 monasteriis
560 2000 740 2045 praedictis,
762 2006 931 2044 postquam
953 2006 984 2033 tu
1006 2011 1021 2033 c

280 2056 343 2089 vita
367 2054 566 2093 decesseris,
597 2053 673 2086 alias
695 2064 792 2097 quam
818 2054 859 2086 ad
885 2053 1021 2097 Philippi

278 2107 435 2152 principis
458 2113 488 2141 et
512 2107 644 2140 alterius
664 2112 785 2140 tantuin
806 2106 938 2149 legitimi
957 2117 1023 2140 suc-

280 2161 414 2196 cessoris
450 2161 710 2205 praedictorum,
747 2166 781 2193 ut
816 2161 1020 2204 praefertur,

280 2216 585 2261 praesentationem,
607 2225 665 2259 pro
688 2220 831 2258 tempore
848 2214 1025 2258 quomodo—

281 2269 358 2303 libet
390 2269 551 2303 saeiendas
583 2275 613 2302 et
646 2269 720 2302 inde
753 2273 889 2312 sequuta
921 2278 1021 2311 quac-

282 2334 420 2368 cumque
441 2323 530 2356 nulla
551 2328 580 2356 et
599 2322 748 2363 invalida,
773 2321 956 2365 nulliusque
975 2332 1025 2355 ro—

281 2377 370 2411 boris
385 2377 432 2410 vel
447 2377 600 2410 momenti
615 2377 680 2409 l'ore
695 2381 726 2409 et
737 2387 815 2417 esse,
834 2375 1025 2420 irritumque

283 2436 313 2464 et
334 2430 439 2471 inane,
467 2430 491 2463 si
513 2440 604 2463 secus
629 2440 726 2473 super
747 2429 794 2462 his
812 2440 829 2461 a
850 2439 1025 2473 quoquam,

284 2484 394 2528 quavis
419 2484 620 2524 auctoritate,
644 2483 782 2516 scienter
804 2483 849 2516 rel
877 2482 1026 2525 ignoran-

286 2542 343 2577 ter,
368 2536 539 2580 contigerit
559 2536 720 2569 attentari.

329 2592 346 2632 ξ
367 2590 397 2623 7.
420 2590 490 2624 Non
510 2590 711 2630 obstantibus
741 2589 904 2633 quibusvis
925 2600 1022 2632 gene-

286 2644 406 2679 ralibus
423 2645 471 2678 vel
489 2644 681 2688 specialibus
699 2644 943 2685 cathedralium,
962 2654 1026 2677 mc-

369 2706 449 2735 Buta.
470 2707 553 2734 Rom.
575 2722 607 2727 —
630 2707 685 2734 Vol.
703 2706 752 2734 XI.
934 2706 968 2732 72

1695 230 1758 264 569

1049 291 1317 335 tropolitanarum
1350 289 1581 329 ecclesiarum,
1617 300 1653 322 ac
1681 299 1792 322 mona-

1048 345 1220 378 steriorum
1239 344 1477 388 praedictorum
1506 342 1788 382 reservationibus,

1049 409 1104 431 seu
1135 398 1378 437 affectionibus,
1418 408 1543 431 necnon
1576 396 1792 431 Cancellariae

1049 450 1391 494 Apostolicae’regulis
1412 451 1503 484 editis
1525 456 1552 483 et
1582 449 1725 490 edendis,
1754 460 1789 482 a-

1051 503 1164 547 liisque
1183 504 1466 537 constitutionilnis
1487 510 1514 536 et
1534 502 1793 536 ordinationibus

1050 557 1252 600 apostolicis,
1276 568 1400 590 necnon
1427 557 1634 589 eeclesiarum
1662 561 1693 588 et
1718 565 1789 588 mo-

1052 610 1265 643 nasteriorum
1297 610 1554 653 praedictorum,
1581 608 1677 642 etiam
1702 608 1790 641 iula-

1053 669 1172 701 mento‚
1191 663 1436 696 continuatione
1452 662 1636 706 apostolica,
1655 662 1701 695 vel
1720 672 1794 705 qua-

1054 716 1096 749 tis
1124 718 1273 749 lirinitate
1311 716 1372 749 alia
1401 716 1577 752 roboratis,
1611 715 1736 748 statutis
1765 720 1796 748 et

1052 769 1357 809 consuetudinibus,
1383 769 1556 813 privilegiis
1575 778 1723 812 quoque,
1745 767 1793 800 in-

1053 822 1148 856 dultis
1163 828 1192 855 et
1206 822 1317 855 litteris
1337 822 1531 866 apostolicis,
1553 821 1648 854 etiam
1668 820 1794 864 quasvis

1053 875 1212 908 clausulas
1247 881 1277 908 et
1308 874 1538 908 reservationes
1571 876 1661 907 inse
1693 873 1794 907 conti-

1052 928 1213 969 nentibus,
1237 940 1295 972 per
1319 928 1448 961 eosdem
1470 928 1734 972 praedecessores
1759 938 1795 960 ac

1052 993 1110 1015 nos
1125 988 1152 1015 et
1169 981 1284 1015 Sedent
1299 982 1446 1015 eamdem
1461 980 1706 1025 quomodolibet
1719 991 1796 1014 con-

1053 1034 1159 1076 cessis,
1183 1034 1382 1068 confirmatis
1402 1040 1433 1068 et
1451 1033 1654 1078 approbatis,
1680 1033 1796 1077 quibus

1053 1087 1204 1121 omnibus
1222 1093 1251 1121 et
1272 1087 1416 1130 singulis,
1445 1086 1567 1120 etiamsi
1588 1097 1647 1130 pro
1666 1086 1796 1120 illorum

1052 1140 1225 1174 sufficienti
1243 1141 1450 1183 derogatione
1468 1140 1507 1173 de
1526 1139 1597 1179 illis,
1618 1150 1796 1183 eorumque

1054 1195 1125 1228 totis
1147 1194 1333 1234 tenoribus,
1355 1193 1519 1237 specialis,
1551 1193 1699 1237 specifica
1714 1220 1721 1233 ,
1745 1204 1797 1226 ex-

1054 1259 1159 1292 pressa
1181 1254 1209 1281 et
1232 1247 1394 1280 individua
1419 1257 1454 1279 ae
1483 1247 1522 1279 de
1548 1246 1643 1280 verbo
1668 1246 1708 1279 asl
1729 1256 1796 1279 ver-

1054 1303 1140 1338 humv
1165 1312 1229 1335 non
1251 1307 1356 1334 autem
1380 1312 1435 1344 per
1453 1300 1611 1333 clausulas
1631 1299 1796 1342 generales

1054 1357 1138 1390 idem
1169 1356 1402 1399 importantes,
1436 1353 1556 1387 mentio
1582 1363 1637 1386 seu
1667 1353 1796 1396 quaevis

1053 1411 1115 1444 alia
1147 1409 1306 1453 expressio
1340 1408 1488 1441 habenda
1517 1413 1570 1440 aut
1597 1407 1704 1450 aliqua
1735 1406 1796 1440 alia

1053 1464 1208 1508 [mqiiisita
1230 1464 1331 1495 leima
1360 1462 1398 1494 ad
1421 1462 1481 1494 hoe
1509 1457 1663 1494 servanda
1695 1461 1792 1499 soret,

1055 1523 1179 1551 tenores
1205 1515 1411 1553 huiusmodi,
1444 1525 1480 1547 ae
1511 1514 1535 1547 si
1564 1514 1603 1547 de
1631 1513 1729 1546 verbo
1757 1513 1796 1547 ad

1054 1572 1185 1605 verbum
1215 1578 1244 1604 et
1266 1571 1366 1603 forma
1400 1569 1431 1602 in
1463 1568 1523 1601 illis
1549 1567 1663 1601 tradita
1688 1567 1798 1601 ohser-

1055 1628 1122 1658 vata
1149 1625 1365 1658 ittset·tfft'etllttt'
1389 1629 1417 1656 et
1440 1622 1709 1666 exprimerentur,
1739 1631 1797 1664 pro

1055 1679 1199 1722 plene-et
1219 1677 1415 1711 sufficienter
1435 1675 1592 1720 expressis
1619 1680 1649 1708 et
1672 1674 1797 1707 insertis

1055 1732 1226 1769 habentes,
1251 1731 1311 1764 illis
1336 1730 1414 1763 alitis
1437 1730 1466 1762 in
1487 1739 1545 1762 suo
1577 1728 1693 1761 robore
1725 1739 1798 1772 pei·-

1055 1785 1224 1822 mansuris.
1249 1785 1307 1818 hac
1335 1784 1400 1817 vice
1419 1784 1593 1822 dumtaxat,
1614 1781 1727 1815 harum
1754 1792 1799 1815 sc-

1055 1840 1119 1879 rie,
1143 1838 1324 1883 specialiter
1351 1844 1381 1871 et
1408 1846 1554 1880 expresse
1586 1836 1794 1878 derogamus,

1056 1893 1254 1936 caeterisque
1276 1890 1445 1925 contrariis
1467 1889 1735 1934 quibuscumque.

1101 1949 1117 1989 ξ
1135 1947 1165 1979 8.
1185 1947 1245 1979 Per
1265 1950 1448 1989 praesentes
1468 1949 1574 1977 antem
1598 1943 1628 1975 in
1647 1943 1724 1976 iuris
1746 1954 1799 1986 pa-

1058 1998 1217 2033 [renatus¹
1240 1998 1381 2043 (siquod
1407 1997 1518 2030 iisdem
1541 1996 1688 2040 Philippo
1708 1996 1798 2040 prin-

1057 2053 1118 2097 cipi
1144 2060 1173 2086 et
1194 2053 1284 2086 alteri
1318 2051 1461 2094 legitimo
1492 2050 1667 2084 successori
1701 2060 1796 2093 prae-

1058 2107 1142 2140 dicto
1175 2111 1360 2149 competere
1392 2104 1510 2149 poterit
1541 2104 1579 2137 ad
1614 2103 1801 2147 metropoli-

1061 2166 1148 2193 tanas
1182 2165 1211 2193 et
1248 2159 1325 2193 alias
1357 2158 1558 2192 cathedrales
1590 2157 1740 2191 eeclesias
1772 2163 1801 2189 et

1060 2213 1252 2247 monasteria
1280 2212 1442 2256 praedicta
1470 2211 1596 2246 Siciliae.
1617 2211 1699 2243 ultra
1721 2210 1801 2243 l'ha-

1061 2279 1132 2301 rum
1159 2272 1189 2301 et
1209 2266 1375 2300 Sardiniae
1398 2276 1570 2308 regnorum
1594 2264 1799 2303 huiusmodi,

1062 2321 1183 2355 ratione
1206 2321 1334 2354 illorum
1358 2320 1565 2359 fundationis,
1590 2329 1644 2351 seu
1671 2329 1803 2361 reeupe-

1061 2375 1192 2409 rationis
1213 2387 1229 2408 a
1249 2374 1397 2408 inanibus
1420 2373 1645 2420 inimieormu,
1675 2372 1721 2405 vel
1747 2382 1804 2415 per

1060 2428 1227 2473 privilegia
1251 2428 1442 2473 apostoliea,
1477 2438 1559 2471 quae
1592 2425 1803 2458 nihilominus

1061 2484 1166 2516 valere
1187 2489 1217 2529 et
1238 2483 1268 2515 in
1289 2492 1346 2515 suo
1373 2481 1489 2514 robore
1512 2489 1701 2523 permanere
1719 2479 1804 2511 volu-

1062 2539 1145 2577 mus)
1168 2535 1289 2579 aliquid
1316 2536 1468 2568 innovare
1491 2544 1545 2566 seu
1570 2533 1714 2565 minuere
1739 2542 1802 2565 non

1101 2609 1106 2633 l
1132 2607 1181 2633 Aut
1200 2606 1301 2642 aliquid
1323 2605 1414 2639 deest,
1443 2612 1485 2632 ex,
1507 2613 1532 2638 g.
1555 2612 1585 2632 re
1609 2604 1648 2630 vel
1669 2604 1801 2638 materie,

1061 2656 1106 2680 aut
1127 2651 1273 2687 legendum
1295 2652 1322 2677 in
1343 2651 1406 2678 iure
1416 2651 1592 2685 patronatus
1608 2649 1644 2684 (tt.
1657 2649 1704 2683 T.).

1806 240 1855 270 Aa.
1869 241 1897 267 C.
1925 240 1990 267 1609

1846 1952 1902 1972 llaec
1915 1957 1999 1971 roncin-

1814 1978 1845 1998 εἰη
1858 1979 1904 2001 iuri,
1914 1985 1930 1997 si
1943 1978 1999 2003 spinal

1815 2005 2001 2030 Pltilippushalwt,

1816 2032 2001 2058 nonpraetu-licet.
