2227 3241
284 285 332 311 An.
350 283 379 310 C.
399 282 466 310 1603

511 270 554 305 44

477 329 541 363 cari
567 328 670 368 solet,
705 335 787 370 quae
820 324 950 366 regulae
979 323 1079 357 sancti
1106 323 1212 356 Basilii

477 382 642 415 manifeste
660 376 863 418 contrariat¹,
880 388 935 411 seu
953 377 1048 411 aliam
1068 377 1212 422 quamvis

476 438 613 469 sormam
633 434 680 467 vel
704 431 872 466 materiam
895 431 1082 465 omnimode
1103 431 1212 475 probi-

476 490 597 521 bemus.

755 549 837 583 CM).
868 548 931 582 Vll.

571 622 615 653 De
641 619 783 653 vitandis
807 621 856 652 his
881 630 962 662 quae.
983 623 1117 662 possunt

659 674 839 706 institutum
868 673 1030 716 [inpedire.

520 754 598 786 Cum
621 752 683 785 divi
710 752 816 785 Basilii
849 752 1032 785 institutum
1062 752 1216 785 monasti-

476 815 549 838 cum
570 805 620 847 sit,
644 805 800 849 quicquid
819 805 917 849 ipsius
931 805 1071 849 quietem
1086 811 1115 838 et
1132 811 1217 838 tran-

476 859 669 902 quillitatem
696 859 854 903 impedire
878 864 982 903 potest
1006 864 1061 892 aut
1084 864 1214 903 pertur-

476 912 565 953 bare,
589 911 686 945 veluti
707 912 925 956 eleemosynas
945 918 1067 956 petere,
1092 912 1217 945 conses-

476 966 583 1000 siones
603 966 817 1000 saecularium
844 966 968 1008 audire,
1003 966 1136 999 verbum
1161 965 1216 999 Dei

477 1020 598 1064 populo
618 1020 819 1064 praedicare,
852 1020 987 1063 collegia
1007 1020 1047 1054 ad
1067 1020 1214 1064 philoso-

477 1074 599 1117 phiam,
616 1074 664 1107 vel
683 1073 891 1117 theologiam,
909 1084 964 1108 seu
978 1074 1056 1107 alias
1069 1073 1218 1107 scientias

478 1127 689 1161 addiscendas
720 1127 857 1168 habere,
891 1137 947 1161 seu
978 1127 1147 1170 religiosos
1178 1126 1218 1159 ad

478 1180 714 1222 universitates,
745 1181 927 1214 studiorum
953 1182 1065 1220 causa,
1092 1180 1218 1213 mittere

478 1234 612 1267 omnino
637 1234 860 1278 prohibemus,
889 1244 928 1267 ne.
954 1234 1086 1267 istarum
1109 1244 1217 1265 rerum

478 1287 585 1320 studio
600 1287 698 1320 dediti
724 1287 886 1321 laudabile
916 1297 1071 1320 manuum
1100 1287 1220 1320 laboris

479 1340 659 1374 institutum
681 1341 841 1374 deserant.
865 1341 1023 1386 poterunt
1045 1346 1151 1374 tamen
1171 1351 1220 1373 53-

480 1395 637 1436 cerdotes,
653 1394 717 1428 sive
731 1394 953 1438 choristae‚in
972 1394 1037 1428 suis
1061 1400 1220 1427 monaste-

480 1448 535 1481 riis
553 1448 753 1482 necessarios
772 1448 988 1482 conscientiae
1002 1448 1041 1481 ad
1058 1458 1091 1481 se
1105 1448 1221 1490 guber-

480 1501 622 1534 nandum
638 1511 741 1543 casus,
754 1501 912 1536 etSacrae
924 1501 1108 1545 Scripturae
1121 1501 1220 1534 inter-

480 1554 694 1598 pretationem
716 1555 894 1589 addiscere.
928 1555 1071 1593 Quorum
1097 1565 1180 1588 unus
1205 1565 1222 1587 a

480 1607 645 1641 laboribus
657 1608 740 1642 liber
753 1608 859 1642 studio
873 1608 1008 1649 vacabit,
1029 1613 1064 1641 ut
1077 1607 1222 1651 quotidie

480 1671 538 1704 per
555 1660 709 1694 dimidiae
729 1662 843 1695 saltem
864 1661 964 1694 horae
981 1661 1120 1705 spatium
1146 1660 1222 1694 reli-

481 1715 587 1757 giosos
611 1725 724 1749 onmes
750 1716 789 1749 de
814 1714 995 1759 praeceptis
1020 1713 1159 1755 Domini,
1192 1719 1223 1747 et

481 1769 521 1801 ad
546 1769 657 1802 salutis
677 1768 826 1810 animae,
853 1767 1046 1812 virtutisque
1074 1777 1223 1811 progres-

481 1832 552 1855 sum
567 1828 597 1856 et
616 1822 848 1866 perfectionem
866 1821 1049 1855 necessaria
1073 1831 1109 1854 ex
1127 1820 1224 1854 Sacra

481 1875 647 1919 Scriptura
680 1886 739 1920 pro
764 1874 980 1910 conscientiae
1012 1874 1224 1908 instructione

482 1928 581 1972 possit
605 1929 653 1972 (ut
683 1929 865 1963 necessario
894 1928 1043 1972 debebit)
1074 1928 1220 1968 edocere,

482 1993 609 2016 necnon
629 1983 748 2017 festivis
765 1983 890 2024 diebus,
906 1993 965 2027 pro
985 1982 1120 2027 praelati
1141 1981 1225 2015 arbi-

484 2037 555 2077 trio,
579 2037 740 2071 currentia
760 2036 920 2079 Evangelii
939 2037 1011 2069 loca
1031 2036 1062 2069 in
1083 2035 1147 2069 suis
1168 2045 1222 2068 ec·-

484 2090 598 2132 clesiis,
615 2097 646 2124 et
662 2101 727 2124 non
745 2096 844 2132 extra,
860 2091 1036 2124 declarare.
1057 2090 1101 2124 Ne
1121 2097 1224 2124 tamen

484 2144 723 2178 advenientium
749 2144 788 2178 ad
814 2145 1048 2178 monasterium
1078 2143 1224 2176 fidelium

484 2197 668 2231 necessitati
700 2198 747 2231 vel
787 2197 950 2231 devotioni
976 2196 1165 2230 charitatem
1195 2200 1226 2229 et

485 2251 738 2286 consolationem
757 2251 965 2294 denegemus,
982 2260 1083 2283 unum
1103 2254 1224 2282 tantum

486 2306 518 2338 in
543 2305 656 2349 quovis
678 2304 887 2345 monasterio,
920 2304 975 2348 qui
1010 2302 1225 2337 saecularium

486 2358 703 2392 consessiones
726 2358 847 2399 audiat,
875 2356 1103 2401 permittimus.

755 2428 841 2464 CAP.
870 2428 951 2462 VIII.

515 2492 560 2526 De
579 2494 641 2526 situ
659 2497 685 2526 et
706 2492 901 2535 fundatione
916 2492 1196 2524 mom-asteriorum.

531 2563 717 2596 Mandamus
747 2572 878 2607 quoque
909 2562 997 2606 quod
1029 2561 1225 2595 monasteria

488 2625 552 2648 non
576 2616 710 2660 propius
731 2616 770 2650 ab
791 2615 930 2660 oppidis,
964 2624 1061 2659 quam
1082 2624 1141 2657 per
1161 2613 1224 2647 duo

523 2687 535 2714 1
560 2687 630 2714 Edit.
647 2687 725 2716 Main.
742 2688 805 2716 hab.
822 2686 1008 2717 contrariam
1021 2686 1059 2722 (R.
1076 2686 1124 2721 T.).

1062 274 1245 299 BULLARIUM
1264 273 1418 299 ROMANUM

1249 323 1410 364 milliaria,
1440 331 1546 367 neque
1578 331 1650 354 cum
1677 320 1795 354 minori
1820 330 1917 364 quam
1937 320 1986 353 vin

1248 376 1328 419 ginti
1349 381 1488 419 quatuor
1508 374 1744 408 monachorum
1766 383 1902 407 numero
1932 373 1988 406 de-

1248 439 1312 462 nuo
1339 428 1531 468 fundentur,
1559 432 1589 460 et
1619 426 1706 471 quod
1733 426 1765 459 in
1789 435 1989 470 unoquoque

1230 487 1405 526 ¹perpetua
1430 482 1469 514 sit
1501 481 1630 521 filiatio;
1667 490 1774 523 neque
1803 490 1838 513 ex
1859 489 1924 513 uno
1949 479 1989 512 ad

1230 547 1231 551 ¹
1249 536 1335 569 alind
1357 535 1588 568 monasterium
1609 534 1760 567 monachi
1781 534 1897 567 mutari
1918 542 1991 577 pos-

1249 589 1322 629 sint,
1352 589 1410 621 nisi
1437 589 1476 622 ad
1501 589 1703 632 praelaturas
1727 598 1783 621 seu
1803 597 1902 621 novas
1921 587 1991 620 fun-

1250 642 1407 683 dationes,
1436 642 1483 675 101
1508 642 1533 675 51
1559 643 1638 675 sorte
1659 641 1794 675 3110111115
1818 640 1933 674 delicta
1961 647 1991 674 et

1250 695 1451 739 subsequens
1475 696 1675 735 scandalum,
1704 700 1758 728 aut
1783 694 1937 728 diuturna
1961 699 1991 727 et

1251 749 1366 791 gravis,
1395 749 1575 783 dummodo
1601 749 1695 782 dolus
1715 759 1781 782 non
1802 748 1916 789 subsit,
1944 747 1992 780 in-

1252 802 1387 835 firmitas
1413 802 1500 835 3111111
1521 802 1740 846 postulaverit.

1539 908 1624 942 CAP.
1654 908 1705 941 tx.

1384 990 1430 1024 De
1454 990 1634 1033 receptione
1655 989 1860 1023 novitiorum.

1296 1071 1417 1105 Poterit
1429 1071 1653 1115 unusquisque
1665 1070 1774 1112 abbas,
1784 1071 1823 1104 de
1836 1079 1995 1104 consensu

1252 1125 1301 1159 sui
1319 1125 1459 1170 capituli,
1473 1124 1621 1166 novitios,
1641 1126 1764 1158 servata
1784 1123 1995 1158 ConciliITri-

1253 1179 1377 1213 [lentini
1409 1185 1440 1212 et
1472 1179 1609 1212 aliarum
1643 1178 1895 1222 apostolicarum
1923 1187 1995 1211 5311-

1254 1233 1398 1266 ctionum
1424 1233 1544 1272 forma,
1573 1233 1613 1265 ad
1638 1232 1785 1264 habitum
1810 1238 1842 1264 et
1864 1231 1992 1275 profes-

1254 1285 1378 1318 sionem
1393 1284 1580 1325 admittere3
1609 1284 1652 1317 ita
1667 1290 1773 1317 tamen
1787 1283 1868 1316 utin
1882 1293 1995 1316 eorum

1255 1338 1441 1382 receptione
1475 1338 1659 1371 declaretur
1688 1337 1837 1381 quisnam
1862 1336 1894 1369 in
1919 1335 1996 1369 cho-

1255 1391 1366 1424 ristam
1392 1391 1440 1424 vel
1472 1391 1504 1423 in
1538 1391 1656 1423 laicum
1687 1390 1883 1424 monachum
1907 1389 1993 1422 reci-

1255 1445 1371 1489 piatur.
1392 1445 1509 1489 Siquis
1527 1450 1634 1478 autem
1653 1444 1684 1477 in
1705 1444 1821 1478 laicum
1835 1448 1992 1487 receptus,

1256 1498 1319 1531 sive
1344 1498 1518 1542 proseSSt1S‚
1538 1503 1660 1541 postea,
1684 1498 1733 1530 vel
1759 1508 1796 1531 ex
1820 1496 1996 1541 superioris

1256 1551 1397 1592 licentia,
1426 1551 1474 1584 vel
1500 1550 1578 1584 31135
1603 1550 1863 1594 quomodolibet,
1899 1548 1997 1582 sacris

1257 1603 1413 1645 initietur,
1443 1610 1506 1637 tam
1533 1604 1600 1648 ipse
1633 1604 1801 1637 ordinatus
1825 1613 1923 1647 quam
1944 1613 1997 1636 su-

1257 1658 1377 1702 perior,
1393 1658 1448 1701 qui
1464 1659 1559 1692 talem
1578 1657 1741 1691 licentiam
1761 1656 1903 1698 dederit,
1918 1666 1995 1700 per·-

1257 1717 1386 1755 petuam
1419 1712 1459 1745 ab
1491 1711 1660 1745 ordinibus
1689 1710 1937 1755 suspensionem
1969 1715 1999 1743 et

1258 1765 1344 1799 vocis
1356 1765 1477 1799 activae
1491 1764 1676 1809 etpassivae
1701 1764 1914 1808 privationem
1932 1773 1998 1797 non

1259 1818 1362 1859 aliter,
1395 1829 1493 1862 quam
1526 1828 1583 1861 per
1613 1817 1728 1851 Sedem
1757 1816 1995 1861 Apostolicam,

1259 1871 1482 1916 dispensandi¹
1511 1871 1580 1915 ipso
1605 1871 1688 1904 facto
1714 1870 1898 1910 incurrant,
1926 1868 1998 1902 aliis

1259 1925 1372 1970 poenis
1403 1924 1537 1958 arbitrio
1562 1924 1767 1968 superiorum
1801 1922 1996 1965 infligendis.

1261 1979 1416 2013 Volumus
1436 1984 1543 2012 tamen
1559 1978 1647 2022 quod
1665 1976 1816 2011 monachi
1837 1976 1922 2017 laici,
1946 1975 2001 2019 qui

1260 2032 1518 2077 vigintiquinque
1543 2031 1656 2066 aetatis
1681 2037 1713 2064 et
1743 2035 1894 2075 quartum
1926 2039 2002 2074 pro-

1261 2087 1406 2120 fessionis
1426 2097 1547 2120 annum
1569 2084 1829 2130 adimpleverint,
1853 2083 2000 2117 eamdem

1261 2151 1370 2174 vocem
1393 2140 1528 2174 activam
1556 2139 1708 2180 habeant,
1737 2149 1773 2172 ac
1795 2138 1820 2172 si
1846 2137 1878 2170 in
1903 2136 2001 2170 sacris

1260 2194 1394 2228 fuissent
1422 2193 1587 2234 ordinati,
1622 2192 1781 2237 passivam
1814 2200 1944 2235 quoque
1968 2189 2001 2222 in

1260 2248 1308 2282 his
1325 2247 1476 2281 omnibus
1490 2246 1603 2280 officiis
1616 2256 1653 2280 ac
1666 2244 1867 2285 muneribus,
1884 2243 2001 2287 quibus

1259 2301 1434 2346 spiritualis
1470 2299 1650 2334 iurisdictio
1686 2297 1867 2332 necessario
1901 2296 2002 2341 (velut

1260 2356 1425 2396 abbatum,
1453 2354 1614 2398 priorum,
1634 2352 1830 2386 novitiorum
1857 2349 2001 2392 magistri

1260 2415 1291 2443 et
1314 2409 1483 2452 similium)
1508 2418 1633 2441 annexa
1651 2416 1717 2440 non
1742 2410 1799 2439 est.
1824 2404 1859 2438 In
1880 2403 2000 2437 diffini-

1259 2469 1346 2497 tores
1371 2472 1457 2504 vero,
1481 2461 1546 2496 sive
1567 2459 1778 2500 consiliarios,
1802 2467 1930 2502 semper
1954 2456 2002 2490 di-

1259 2516 1359 2550 midia
1382 2526 1456 2560 pars
1477 2526 1514 2549 ex
1538 2514 1647 2554 laicis,
1677 2512 1794 2556 reliqui
1820 2522 1856 2545 ex
1893 2521 2002 2544 sacer-

1259 2569 1387 2603 dotibus
1415 2568 1585 2612 eligantur.
1615 2566 1760 2610 capitula
1784 2571 1909 2606 autem,
1936 2569 2000 2598 tam

1294 2686 1307 2713 1
1325 2685 1390 2720 Leg.
1403 2683 1614 2719 dispensandas
1626 2682 1667 2710 vel
1678 2681 1999 2717 dispensandam(n.·r.).

2004 271 2057 298 An.
2075 271 2103 298 C.
2118 268 2190 299 1603

2129 328 2133 344 l
