2227 3241
231 291 281 319 An.
302 291 330 319 c.
349 291 416 319 1608
462 282 525 315 542

255 1686 325 1708 Abbas
340 1692 411 1707 mona-

227 1715 358 1735 steriisancti
367 1713 412 1734 Gal·

227 1741 239 1762 li
249 1741 371 1761 etconsules
378 1746 412 1765 op·

226 1767 270 1794 pidi
314 1766 411 1792 Wangen

227 1793 340 1819 quamdam
363 1799 411 1814 con-

227 1820 321 1841 cordiam
333 1821 411 1841 ineunt.

429 340 542 373 fraude
566 344 620 372 aut
643 338 780 372 scienter
805 337 836 370 in
858 337 1085 370 detrimentum
1110 337 1167 369 Ec-

429 391 562 427 clesiae¹
588 391 814 424 alienationem
837 389 906 423 fieri
932 389 1163 434 procuraverit,

428 453 482 480 aut
507 456 565 490 per
593 445 704 478 sordes
738 444 785 478 vel
812 444 1057 488 impressionem
1083 443 1163 477 alie-

427 499 567 533 nationis
596 499 761 532 decretum
798 497 992 538 extorserit,
1026 496 1164 530 similem

427 552 616 586 sententiam
644 551 988 585 excommunicationis
1009 550 1163 591 incurrat,

427 616 444 639 a
469 616 533 650 qua
556 605 684 639 nonnisi
702 615 759 649 per
776 605 958 638 Romanum
976 603 1164 638 Pontificem

426 659 544 704 poterit
564 659 696 700 absolvi,
718 659 757 692 ad
783 658 1019 692 restitutionem
1045 657 1165 691 nihilo-

427 712 534 746 minus
554 723 662 746 rerum
681 712 892 746 alienatarum
912 722 984 745 eum
999 711 1166 752 fructibus,

427 766 698 810 quandocumque
717 766 756 799 de
775 765 960 809 praemissis
978 764 1166 806 constiterit,

427 819 704 853 condemnandus.
719 819 874 852 Volumus
888 824 993 852 autem
1013 818 1098 862 quod
1112 818 1166 852 de-

427 872 522 915 legati
542 878 573 906 et
589 872 802 906 commissarii
820 872 975 916 praedicti
997 871 1036 905 de
1053 871 1166 915 poenis

427 925 664 960 constitutionis
676 931 803 960 nostrae
815 925 963 970 specifice
973 931 1166 959 moneantur

427 985 458 1014 et
481 980 512 1013 in
539 980 798 1025 quibuscumque
823 980 937 1014 litteris
965 977 1166 1013 commissio-

427 1033 523 1066 num’
542 1033 729 1068 huiusmodi
755 1033 816 1067 hoc
840 1039 993 1067 statutum
1019 1039 1164 1066 nostrum

427 1087 596 1121 inseratur.
625 1087 710 1121 Nulli
735 1097 812 1130 ergo
837 1087 970 1121 omnino
995 1086 1164 1120 hominum

427 1141 617 1175 liceathanc
637 1141 788 1185 paginam
813 1146 943 1174 nostrae
963 1140 1161 1180 monitionis,

426 1194 590 1239 praecepti
616 1200 647 1228 et
666 1194 838 1228 voluntatis
858 1194 1043 1236 infringere,
1064 1194 1111 1227 vel
1137 1192 1165 1227 ei

426 1259 506 1282 ausu
531 1249 704 1282 temerario
725 1248 895 1282 contraire.
913 1248 943 1282 Si
965 1247 1036 1292 quis
1057 1253 1164 1281 autem

425 1302 487 1336 hoc
504 1308 660 1336 attentare
681 1301 946 1346 praesumpserit,
970 1301 1165 1344 indignatio-

424 1366 498 1390 nem
519 1356 752 1401 omnipotentis
772 1356 838 1397 Dei,
862 1365 899 1389 ac
919 1356 1089 1390 beatorum
1108 1356 1166 1389 Pe-

425 1410 463 1443 tri
485 1415 515 1443 et
535 1410 623 1443 Pauli
641 1410 861 1455 apostolorum
881 1410 959 1450 eius,
983 1420 1016 1443 se
1043 1409 1165 1443 noverit

425 1464 641 1498 incursurum.
658 1465 771 1498 Datum
790 1465 910 1498 Romae.
924 1464 1009 1508 apud
1020 1469 1164 1497 sanctum

426 1517 553 1551 Petrum
591 1527 676 1551 anno
716 1517 949 1551 incarnationis
980 1517 1165 1551 Dominieae

426 1580 561 1612 tticum,
574 1571 686 1615 quinto
703 1571 772 1604 idus
791 1571 880 1612 maii,
896 1571 1100 1614 pontificatus
1113 1581 1166 1603 no-

425 1624 483 1657 stri
504 1634 588 1657 anno
606 1635 626 1657 i.

471 1677 532 1719 52.
545 1678 582 1711 Et
599 1678 715 1711 deinde
729 1677 868 1711 exhibita
882 1678 974 1711 nobis
990 1687 1093 1721 nuper
1107 1687 1165 1721 pro

426 1737 517 1776 parte
537 1732 728 1766 dilectorum
756 1732 898 1766 filiorum
924 1732 1077 1766 Bernardi
1104 1732 1162 1764 ab·

427 1785 507 1819 batis
525 1787 723 1827 monasterii,
741 1787 813 1820 Sedi
828 1786 1030 1830 Apostolicae
1052 1786 1166 1819 imme-

426 1839 510 1872 diate
540 1839 687 1880 subiecti,
709 1840 808 1873 sancti
841 1840 920 1872 Galli
951 1840 981 1872 in
1016 1839 1165 1873 Helvetiis

425 1892 552 1926 Ordinis
572 1893 672 1926 sancti
697 1892 871 1933 Benedicti,
897 1893 1015 1925 nullius
1040 1893 1165 1926 dioece-

424 1946 477 1987 sis,
497 1946 683 1991 provinciae
708 1946 920 1989 Magunssnae,
941 1956 1068 1980 necnon
1094 1956 1164 1979 mo-

424 2000 600 2034 dernorum
612 2001 780 2034 consulum
793 2006 820 2033 et
837 2000 1039 2042 magistratus
1053 1999 1164 2044 oppidi

422 2052 569 2097 Wangen
589 2054 712 2098 petitio,
726 2054 930 2095 continebat,
954 2055 1052 2098 quod,
1077 2065 1161 2095 cum,

423 2106 463 2140 de
483 2117 568 2140 anno
581 2107 708 2140 Domini
727 2117 897 2148 iiiiiixxxw,
916 2108 1079 2151 quondam
1101 2098 1165 2141 loa-

423 2160 547 2201 chinus,
565 2160 640 2194 olim
658 2161 757 2194 abbas
774 2162 848 2195 dicti
864 2161 1060 2203 monasterii,
1078 2167 1163 2196 cei'ta

424 2215 583 2258 quaedam
614 2216 699 2248 bona
728 2216 766 2248 ad
797 2216 899 2259 ipsum
932 2216 1163 2249 monasterium

423 2268 611 2311 spectantia,
632 2279 668 2302 ac
689 2269 771 2301 intra
798 2275 825 2301 ct
853 2275 940 2302 extra
962 2269 1082 2302 dictum
1108 2280 1164 2314 op·

423 2321 534 2365 pidum
549 2321 715 2355 existentia
729 2322 887 2365 (videlicet
904 2322 950 2356 ius
964 2323 1165 2356 advocariae³

425 2375 464 2407 ab
490 2375 604 2409 eodem
631 2375 827 2409 monasterio
853 2381 1070 2420 praetensum,
1099 2386 1163 2410 non

425 2433 532 2462 tamen
558 2429 725 2463 actualiter
746 2439 939 2473 possessum,
965 2430 1038 2463 item
1062 2430 1110 2463 ius
1135 2436 1164 2464 ct

425 2491 554 2515 censum
578 2482 683 2523 seudi,
714 2492 839 2516 necnon
867 2483 915 2516 ius
945 2483 1102 2517 directum
1132 2483 1164 2516 in

425 2534 592 2580 hospitale,
607 2542 710 2570 certos
723 2546 831 2570 servos
846 2542 875 2570 et
886 2537 1052 2581 complura
1071 2538 1165 2571 feuda

462 2617 471 2643 1
496 2616 598 2644 Ibidem
614 2617 712 2653 legitur
727 2618 913 2646 ecclesiarum
930 2621 969 2653 gu.
982 2619 1020 2653 τ.)

459 2661 477 2687 2
495 2661 533 2688 lb.
551 2662 649 2697 legitur
664 2663 765 2691 litteris
779 2666 805 2690 et
819 2663 1063 2691 commissionibus
1073 2664 1164 2698 (n.T.).

974 289 1150 313 BULLARIUM
1175 287 1327 312 ROMANUM

1200 336 1330 377 rustica,
1355 344 1427 369 cum
1445 334 1562 378 quibus
1583 333 1679 367 etiam
1697 334 1937 379 iuspatronatus

1202 389 1337 422 duarum
1359 388 1566 422 ecclesiarum
1586 386 1820 432 parochialium
1839 386 1938 420 Wan-

1201 453 1262 486 gen
1287 448 1318 476 et
1341 442 1536 483 Tuchelridt,
1565 452 1601 475 ac
1625 441 1856 475 nonnullorum
1880 440 1937 474 be-

1201 495 1391 529 neficiorum
1410 494 1701 529 ecclesiastieorum
1722 494 1754 527 in
1775 493 1862 528 dicto
1880 503 1939 538 op-

1201 550 1277 594 pido
1303 550 1526 591 existentium,
1554 559 1591 583 ac
1615 548 1747 593 quidam
1773 557 1888 582 census
1907 552 1938 581 et

1201 602 1345 635 decimae
1363 601 1584 641 transiverant3
1599 605 1765 645 praeterea
1773 598 1936 644 quoddam

1201 655 1380 689 dominium
1399 664 1482 688 novo
1499 653 1630 688 nomine
1643 653 1796 698 Spergam
1812 662 1939 687 nuncu-

1200 715 1322 754 patum,
1339 720 1411 744 eum
1426 708 1576 743 omnibus
1592 707 1716 741 iuribus
1729 713 1760 741 et
1776 706 1939 752 pertinen-

1201 763 1253 797 tiis
1270 763 1348 807 suis)
1369 762 1554 796 consulibus
1575 767 1606 796 ct
1626 760 1826 804 magistratui
1845 769 1938 805 prae-

1201 817 1314 856 dictis,
1340 827 1399 862 pro
1426 822 1513 851 certo
1546 822 1622 850 tunc
1639 825 1788 860 expresso
1816 813 1935 859 pretio,

1201 871 1404 912 vendidisset,
1423 881 1460 904 ac
1484 870 1588 904 dictus
1612 869 1793 903 Bernardus
1814 867 1934 909 abbas,

1200 925 1414 968 praetendens
1431 924 1649 959 venditionem
1670 921 1857 957 huiusmodi
1872 931 1938 956 non

1201 983 1324 1011 tantum
1343 978 1451 1012 multis
1471 977 1673 1011 nullitatibus
1697 976 1856 1017 laborare,
1882 973 1938 1010 sed

1201 1032 1295 1065 etiam
1314 1031 1346 1064 in
1367 1041 1519 1074 magnum
1540 1030 1774 1075 praeiudicium
1797 1034 1830 1063 et
1849 1028 1939 1062 dam·

1199 1096 1276 1119 num
1307 1085 1381 1119 dicti
1409 1085 1595 1119 monasterii
1625 1084 1740 1118 factam
1766 1083 1882 1125 fuisse,
1909 1088 1940 1116 et

1201 1145 1272 1173 ante
1290 1145 1428 1183 quatuor
1442 1149 1553 1179 annos,
1574 1137 1645 1182 plus
1664 1137 1712 1171 vel
1730 1137 1848 1178 minus,
1862 1145 1939 1170 con-

1200 1199 1249 1226 tra
1266 1203 1336 1226 eam
1355 1192 1525 1226 reclamari
1539 1197 1569 1225 et
1581 1191 1750 1236 protestari
1768 1190 1935 1235 coepisset,

1201 1256 1395 1291 causamque
1413 1246 1551 1290 desuper
1568 1255 1675 1279 coram
1694 1243 1790 1278 certis
1809 1243 1938 1277 illarum

1200 1299 1339 1344 partium
1370 1299 1531 1333 iudicibus
1558 1297 1816 1343 competentibus
1844 1307 1935 1331 com-

1201 1353 1283 1387 mitti
1299 1353 1506 1394 obtinuisset;
1524 1353 1741 1397 postmodum,
1762 1352 1817 1385 illa
1832 1351 1939 1385 adhuc

1200 1408 1360 1451 pendente
1386 1407 1544 1447 indecisa,
1573 1406 1753 1440 Bernardus
1785 1405 1884 1439 abhas
1908 1410 1939 1438 et

1201 1462 1348 1496 consules
1365 1467 1393 1495 et
1413 1462 1618 1505 magistratus
1637 1460 1804 1509 praedicti,
1826 1460 1937 1494 volen-

1201 1522 1245 1549 tes
1277 1515 1381 1549 litium
1415 1515 1574 1548 anfractus
1605 1520 1636 1548 et
1667 1513 1782 1557 dubios
1808 1517 1938 1547 eventus

1200 1570 1372 1610 declinare,
1401 1575 1611 1613 mutuamque
1640 1568 1724 1602 inter
1748 1578 1781 1601 se
1810 1572 1840 1601 et
1860 1577 1934 1602 suc-

1201 1634 1342 1657 cessores
1363 1633 1437 1656 suos
1457 1622 1714 1656 benevolentiam
1735 1631 1934 1662 conservare,

1200 1677 1238 1710 ad
1259 1677 1470 1720 infrascripta,
1485 1676 1648 1710 mediante
1669 1681 1742 1709 voto
1759 1675 1819 1708 viri
1833 1674 1938 1717 gravis

1200 1737 1229 1764 et
1246 1731 1374 1771 cruditi,
1397 1741 1433 1764 ac
1455 1730 1588 1764 consilio
1607 1729 1714 1763 dilecti
1736 1728 1793 1762 filii
1814 1728 1938 1762 abbatis

1200 1785 1385 1830 monasterii
1406 1785 1617 1827 Wengacsen,
1639 1784 1781 1818 eiusdem
1800 1782 1938 1824 Ordinis,

1200 1840 1310 1873 arbitri
1339 1838 1551 1873 commissarii
1580 1849 1597 1871 a
1628 1837 1792 1872 Bernardo
1823 1837 1938 1871 abbate

1199 1903 1325 1926 necnon
1347 1892 1532 1926 consulibus
1553 1897 1582 1925 et
1603 1891 1791 1934 magistratu
1810 1889 1938 1935 praedi-

1200 1947 1256 1980 etis
1277 1946 1381 1987 electi,
1403 1946 1601 1979 devenerunt
1628 1945 1711 1978 inter
1737 1955 1770 1978 se
1796 1944 1837 1978 ad
1854 1953 1934 1978 con-

1200 2000 1356 2041 cordiam,
1386 2010 1442 2033 seu
1468 1999 1713 2033 transactionem
1730 2025 1738 2039 ,
1765 1996 1934 2038 videlieet,

1199 2055 1285 2099 quod
1306 2054 1487 2088 Bernartius
1512 2053 1621 2094 abbas,
1644 2062 1703 2086 suo
1728 2057 1759 2085 et
1782 2051 1937 2096 praedicti

1199 2108 1383 2142 monasterii
1404 2108 1433 2142 S.
1461 2107 1540 2141 Galli
1567 2107 1717 2147 nomine,
1738 2105 1888 2139 omnibus
1907 2111 1937 2139 et

1198 2162 1331 2206 singulis
1345 2161 1634 2206 praetensionibus,
1650 2159 1774 2193 iuribus
1787 2165 1818 2193 et
1834 2158 1938 2200 bonis,

1198 2227 1280 2260 quae
1301 2217 1385 2250 idem
1405 2216 1634 2249 monasterium
1657 2215 1687 2248 S.
1704 2213 1784 2248 Galli
1805 2213 1888 2246 intra
1908 2218 1938 2247 et

1198 2276 1284 2304 extra
1310 2280 1419 2303 muros
1450 2269 1526 2302 dicti
1557 2268 1667 2313 oppidi
1699 2267 1846 2309 Wangen
1873 2266 1934 2300 ali--

1198 2324 1327 2368 quando
1352 2323 1474 2364 habuit,
1494 2322 1558 2356 sive
1579 2332 1615 2355 ea
1634 2321 1756 2366 liquida
1775 2321 1840 2355 sive
1860 2320 1936 2354 olim

1198 2382 1401 2411 controversa
1422 2376 1564 2417 fuissent,
1589 2381 1619 2409 et
1639 2375 1670 2408 in
1695 2375 1832 2408 savorem
1855 2373 1937 2407 eius-

1199 2432 1271 2464 dem
1285 2431 1431 2473 Wangcn
1448 2430 1562 2463 cedere
1576 2435 1606 2463 et
1622 2427 1847 2467 renunciare¹;
1865 2437 1938 2461 con-

1198 2485 1282 2518 sules
1307 2494 1382 2518 vero
1407 2489 1437 2517 ct
1463 2483 1666 2526 magistratus
1686 2480 1853 2526 praedicti,
1876 2490 1936 2524 pro

1199 2538 1342 2572 cessione
1362 2543 1392 2571 et
1409 2536 1651 2571 renunciatione
1664 2533 1935 2579 pinetensionuin,

1199 2591 1316 2625 iurium
1347 2597 1375 2624 et
1407 2591 1567 2624 bonorum
1604 2587 1788 2622 huiusmodi
1808 2614 1815 2628 ,
1851 2586 1936 2620 dicto

1236 2663 1247 2689 l
1270 2661 1444 2697 Subintcllige
1465 2660 1576 2688 verbum
1594 2662 1748 2691 teneretur,
1764 2657 1838 2693 quod
1857 2657 1935 2693 paulo

461 2707 477 2731 2¹.
492 2706 527 2732 De
539 2707 693 2735 advocarit]
711 2711 735 2734 ot
753 2708 902 2735 (idrocale'ct
916 2707 1164 2743 v.1)11‹*ange(n.T).
1199 2711 1259 2742 post
1274 2706 1395 2742 sequitur
1412 2710 1446 2740 [tt.
1464 2706 1511 2739 T.).

1948 284 1998 312 An.
2020 282 2048 311 C.
2066 282 2134 312 ¹608
2184 304 2204 314 ,,
