2227 3241
263 317 300 341 :lu
329 315 356 340 (ἶ.
384 316 448 341 tuos

283 2285 361 2304 ltratae
377 2284 439 2304 l‘ran-

278 2319 292 2328 κ’
302 2318 311 2330 .t

256 2338 377 2362 qualitate—¹.

494 306 557 337 silit]

462 373 534 395 cum
573 361 790 394 abundantius
821 361 996 394 etl'unditur
1029 367 1060 394 et
1091 361 1201 394 hortos

460 414 694 458 plantationum
723 424 882 457 supernae
913 413 1113 457 Sapientiae,
1139 413 1200 447 lioc

461 474 504 500 est
525 467 668 500 fidelium
685 473 818 505 mentes,
831 473 952 510 septem
970 467 1198 500 charismatum

460 520 553 553 donis
581 520 662 553 felici
690 520 899 554 inundatione
919 520 1102 561 foecundat,
1125 526 1199 554 tunc

459 584 555 613 sane,
581 573 635 616 qui
662 584 797 615 magnus
826 579 870 606 est
899 584 1046 618 semper,
1065 584 1199 617 magnus

459 627 553 659 nimis
575 634 707 671 apparet
725 633 756 660 et,
774 627 929 660 mirabilis
953 627 985 660 in
1007 627 1077 661 altis
1092 628 1198 661 Domi-

459 691 530 721 nus⁷
549 681 579 713 in
597 681 715 714 sanctis
729 681 793 714 suis
810 680 967 722 videlicet,
990 681 1056 725 qui,
1074 687 1197 715 terrena

458 735 654 777 abnegantes
680 734 848 775 desideria,
873 745 909 768 ac
933 735 1033 768 solem
1060 735 1198 769 iustitiae

459 787 561 820 induti
574 787 745 820 Dominum
758 794 902 821 nostruin
914 788 1016 822 lesuin
1027 788 1197 829 Christum,

457 841 538 873 vitae
559 841 697 885 puritate
726 841 793 874 sinc
819 842 1069 885 reprehensione
1090 842 1194 883 nitidi,

458 894 607 927 virtutum
620 894 806 935 luminibus,
821 895 892 937 igne
907 895 1071 928 charitatis
1089 905 1198 928 accen-

457 946 511 987 sis,
536 947 626 991 quasi
645 947 742 980 stellis
763 948 879 988 ornati,
904 948 1017 981 excelsi
1038 947 1151 992 spiritu
1166 948 1196 980 in

458 1010 554 1033 carne
574 1001 786 1040 ambulantes,
811 1007 842 1034 et
861 1001 1040 1034 seeundum
1067 1012 1195 1034 carnem

457 1064 521 1086 non
549 1054 736 1094 militantes,
758 1054 836 1087 caeli
858 1054 989 1098 pretiosi
1011 1055 1146 1088 Domino
1167 1060 1198 1088 et

456 1107 511 1139 Dei
532 1107 622 1140 sedes
647 1107 859 1141 sufficiuntur.
881 1110 966 1146 Quae
992 1119 1065 1141 sanc
1092 1109 1198 1141 dexte-

457 1170 510 1192 rae
528 1159 649 1193 Excelsi
675 1170 774 1204 opera
801 1161 901 1193 multo
928 1161 1101 1194 illustriora
1127 1172 1194 1194 res-

455 1213 621 1256 plendent,
638 1215 804 1258 multoque
817 1215 958 1248 cernitur
975 1215 1199 1248 admirz‘ibilior

456 1267 695 1309 magnificentia
720 1268 858 1307 Domini,
880 1278 964 1309 cum,
982 1279 1058 1311 erga
1071 1268 1197 1302 vascula

456 1320 637 1354 infirmiora
657 1327 687 1354 et
711 1332 819 1354 sexum
854 1322 977 1354 consilii
1009 1321 1198 1355 imbecillio-

456 1373 499 1407 ris
524 1384 689 1417 apponens
705 1385 876 1415 corsuum,
901 1374 1196 1408 misericordiarum

455 1437 586 1459 suarum
609 1427 732 1460 divitias
757 1423 1058 1471 supera]unidunter
1083 1427 1197 1469 elargi—

435 1498 439 1503 ,
458 1486 518 1512 tur.
540 1481 582 1513 De
603 1491 667 1525 quo
689 1482 816 1515 caelesti
842 1482 927 1514 dono
953 1481 1067 1513 merito
1093 1481 1197 1514 omnis

456 1532 605 1575 Ecclesia,
626 1535 682 1567 sed
707 1535 851 1568 Romana
877 1535 1048 1578 praecipue
1075 1535 1105 1567 in
1129 1535 1194 1567 Dom

455 1587 543 1620 i‘nino
571 1588 737 1629 gloriatur.
770 1588 855 1627 Quae
882 1599 954 1620 cum
988 1588 1195 1621 inenarrabili

455 1640 509 1672 Dei
532 1641 699 1682 beneficio,
724 1642 846 1675 cunctis
866 1643 1008 1685 praelata
1033 1642 1192 1683 Ecclesiis,

455 1694 671 1738 principatum
684 1695 840 1739 acceperit
856 1696 1067 1728 Ecclesiarum
1084 1702 1113 1729 et
1126 1696 1196 1729 bea-

456 1753 561 1780 torum
588 1749 772 1792 Principum
796 1749 1021 1792 Apostolorum
1049 1749 1195 1782 doctrina

456 1801 710 1835 fueritumlcum
733 1802 887 1844 sanguine
914 1803 1055 1845 irrigata,
1080 1803 1110 1835 in
1134 1803 1195 1835 hoc

456 1854 552 1887 ctiam
578 1855 722 1897 agnoscit
748 1856 929 1888 felicitatem
956 1867 1065 1893 suam,
1093 1856 1191 1900 quod,

455 1914 489 1941 ut
517 1908 767 1941 fortissimorum
798 1915 974 1953 martyrum
1010 1909 1195 1953 purpuratis

456 1962 593 2006 populis,
611 1968 645 1995 ut
660 1963 889 1995 venerabilium
906 1964 1109 1996 sacerdotum
1125 1964 1196 1996 bea-

457 2016 494 2048 tis
515 2016 670 2056 coetibus,
694 2016 1010 2060 castissimarumque
1036 2017 1192 2059 virginum

456 2069 632 2112 splendidis
663 2070 786 2109 choris,
815 2071 857 2103 ita
886 2071 980 2103 etiam
1012 2076 1193 2104 sanctarum

457 2123 628 2156 mulierum
642 2124 832 2157 caelestibus
846 2124 999 2165 numeris,
1012 2124 1102 2167 quasi
1117 2125 1196 2157 mul-

457 2176 556 2220 tiplici
591 2177 791 2210 rutilantium
830 2177 955 2211 honore
991 2188 1193 2221 gemmarum

456 2239 575 2263 corona
596 2230 713 2263 decora
733 2230 808 2263 Orbi
833 2231 982 2264 universo
1002 2231 1191 2274 praefulget,

502 2284 518 2323 ξ
536 2283 566 2315 l.
594 2284 628 2316 In
648 2283 708 2316 hac
725 2283 823 2325 igitur
843 2284 991 2324 Ecclesia,
1017 2290 1119 2317 matre
1140 2284 1196 2317 Ec-

457 2335 627 2369 clesiarum
655 2342 685 2369 et
710 2336 862 2378 magistra
886 2336 1073 2377 sanctitatis,
1103 2347 1196 2370 reno-

456 2399 531 2421 vans
548 2389 704 2422 Dominus
729 2389 881 2422 castitatis
902 2395 931 2422 et
953 2390 1124 2422 multarum
1144 2400 1196 2422 ex-

456 2442 639 2475 cellentium
660 2442 813 2475 virtutum
835 2448 957 2475 vetusta
977 2442 1194 2475 Romanarum

456 2495 627 2528 mulierum
655 2495 835 2528 infidelium
861 2496 1026 2539 exempla,
1051 2495 1195 2529 ducentis

457 2548 557 2580 ferme
578 2548 617 2581 ab
635 2548 710 2582 hinc
731 2548 834 2589 annis,
850 2548 880 2581 in
899 2554 1126 2581 ornamentum
1150 2555 1195 2582 to-

458 2600 518 2632 tius
535 2601 650 2635 domus
670 2612 745 2635 suae
763 2601 922 2635 Ecclesiae
943 2601 1122 2642 universae,
1143 2613 1194 2635 su-

456 2653 579 2687 scitarit
592 2655 771 2697 mulierem,
783 2657 854 2689 vera
867 2655 1053 2688 fortitudine
1068 2656 1193 2697 sortem,

458 2707 655 2740 Mani-iscam
677 2709 816 2741 nominc.
839 2710 920 2742 llaec
942 2709 1037 2749 enirn,
1054 2720 1194 2751 μοι-μητι-

1034 314 1213 337 nt'rmtilUttt
1239 314 1390 338 ROMANUM

1237 361 1310 394 tiam
1337 362 1474 405 Spiritus
1498 363 1622 401 Sancti,
1651 370 1784 397 naturae
1816 375 1908 399 usum
1938 371 1969 398 et

1233 424 1324 446 sexus
1339 414 1557 447 infirmitatem
1570 416 1816 457 transgrediens,
1829 417 1969 451 accincta

1234 467 1350 500 robore
1371 474 1397 500 et
1427 468 1456 500 in
1474 468 1588 512 spiritu
1610 469 1789 509 immutans,
1811 470 1969 504 desideria

1234 522 1339 554 carnis
1369 532 1433 555 non
1467 522 1625 565 perfecit,
1653 523 1707 556 sed
1737 523 1804 556 odit
1829 523 1968 557 animam

1232 574 1374 607 suani'in
1401 575 1462 608 boc
1488 576 1620 618 mundo,
1641 582 1674 609 ut
1695 576 1725 609 in
1752 576 1847 609 vitam
1868 581 1970 610 aeter-

1233 640 1306 661 nam
1333 629 1505 662 custodiret
1533 640 1619 669 cam;
1647 636 1674 663 et
1702 640 1760 674 per
1783 630 1970 664 altissimam

1233 682 1446 715 bumilitatem
1474 683 1565 725 elegit
1588 683 1712 716 abiecta
1732 694 1800 717 esse
1820 683 1852 716 in
1873 684 1970 718 domo
2002 697 2007 702 ·

1232 735 1369 773 Domini,
1391 746 1426 768 ac
1452 741 1586 779 propter
1606 736 1701 769 rerba
1722 736 1881 770 labiorum
1901 737 1971 782 eius

1233 790 1395 822 custodire
1418 790 1483 823 vias
1503 791 1611 830 duras,
1632 801 1764 824 currens
1781 802 1838 834 per
1854 791 1971 824 arduas

1233 842 1427 875 christianae
1452 843 1659 886 perfectionis
1679 844 1808 877 semitas
1833 844 1864 877 in
1889 845 1969 878 odo-

1235 906 1300 927 iem
1328 902 1566 937 unguentorum
1597 897 1729 940 sponsi:
1757 897 1969 940 quamobrem

1234 948 1406 982 introduxit
1435 950 1520 982 illam
1548 961 1600 983 rex
1623 950 1653 982 in
1680 950 1807 984 cellaria
1827 962 1895 992 sua,
1915 951 1970 984 ubi

1233 1003 1352 1035 exultat
1376 1009 1406 1036 et
1431 1004 1565 1037 laetatur
1587 1004 1617 1036 in
1639 1015 1689 1045 eo,
1720 1004 1773 1037 ubi
1795 1015 1858 1038 non
1879 1005 1967 1039 occi-

1232 1055 1282 1088 det
1299 1056 1382 1089 ultra
1400 1057 1445 1089 sol
1461 1057 1539 1097 cius,
1551 1063 1579 1090 et
1593 1058 1667 1090 luna
1680 1058 1748 1091 eius
1761 1069 1825 1091 non
1847 1058 1971 1092 minue-

1235 1114 1296 1141 tur.
1328 1109 1426 1142 lluius
1452 1111 1595 1149 virtutes,
1624 1111 1709 1144 fide?
1723 1111 1862 1155 puritas,
1890 1112 1972 1146 vitae

1234 1172 1429 1205 morumque
1456 1164 1618 1204 sanctitas,
1642 1164 1767 1207 aliaque
1788 1164 1972 1198 huiusmodi

1233 1216 1382 1248 caelestia
1414 1216 1510 1255 dona,
1536 1217 1764 1250 miraculorum
1796 1218 1973 1260 insignibus

1232 1270 1440 1313 comprobata
1463 1271 1664 1311 testimoniis,
1689 1272 1770 1305 adeo
1788 1272 1972 1306 excellentia

1234 1324 1374 1363 fuerunt,
1392 1329 1425 1356 ut
1446 1324 1605 1357 Ecclesiae
1626 1325 1803 1358 catholicae
1821 1325 1974 1359 autorita-

1233 1377 1270 1410 tis
1289 1377 1502 1410 illustratione
1521 1378 1641 1411 diutius
1655 1378 1783 1412 destitui
1800 1379 1895 1422 plane
1908 1389 1973 1412 non

1233 1430 1399 1471 deberent,
1423 1431 1478 1464 sed
1500 1432 1711 1475 proponenda
1731 1432 1905 1476 aliquando
1925 1443 1973 1466 es-

1231 1490 1297 1515 sem
1319 1483 1474 1516 imitanda
1494 1484 1654 1524 fidelibus
1678 1488 1712 1518 ut
1735 1484 1971 1526 glorificaretur

1231 1546 1288 1579 per
1314 1536 1399 1568 illam
1426 1536 1579 1569 Dominus
1604 1537 1697 1570 Pater
1726 1537 1967 1571 misericordia-

1232 1600 1314 1621 rum.

1276 1644 1292 1684 ἓ
1314 1642 1343 1675 2.
1368 1643 1467 1682 Quam
1490 1643 1583 1676 ctiam
1603 1643 1643 1676 ob
1665 1653 1731 1676 rem
1753 1644 1910 1677 nonnulla
1930 1644 1969 1678 de

1231 1696 1374 1728 eiusdem
1396 1696 1577 1737 virtutihus,
1601 1702 1631 1729 et
1656 1696 1819 1729 miraculis
1839 1696 1890 1729 hic
1911 1697 1969 1730 du-

1231 1748 1333 1781 ximus
1354 1759 1390 1781 ex
1408 1748 1560 1791 legitimis
1581 1749 1658 1782 actis
1678 1749 1856 1782 referenda.
1879 1750 1966 1783 Dile-

1231 1808 1281 1835 cta
1297 1802 1351 1835 Dei
1370 1802 1435 1835 sitia
1454 1802 1623 1836 Francisea
1641 1813 1676 1835 ex
1697 1803 1796 1836 Paulo
1812 1803 1911 1836 Buxio
1939 1810 1968 1837 et

1230 1856 1390 1889 lacobella
1406 1856 1446 1889 de
1472 1856 1705 1890 Brolfedeschis
1726 1857 1889 1898 Romanis,
1912 1867 1970 1890 no-

1230 1909 1349 1942 bilibus
1374 1920 1514 1952 genere,
1543 1911 1598 1944 sed
1630 1910 1725 1953 longe
1755 1910 1970 1944 nobilioribus

1231 1963 1339 2006 prole,
1371 1963 1561 2005 coniugibus
1590 1969 1686 2004 nata,
1713 1969 1744 1997 et
1768 1974 1784 1997 e
1808 1963 1968 1997 Laurentii

1231 2017 1336 2050 mariti
1358 2017 1480 2050 familia
1499 2018 1538 2051 de
1562 2017 1727 2051 Pontianis
1751 2023 1871 2059 vocata,
1896 2017 1970 2051 data

1230 2076 1276 2104 est
1296 2070 1455 2104 Ecclesiae
1475 2081 1551 2104 suae
1568 2081 1586 2104 a
1598 2071 1734 2104 Domino
1750 2071 1835 2105 circa
1848 2081 1968 2104 annum

1230 2135 1440 2158 ncechxxw.
1454 2124 1551 2165 Quae,
1564 2130 1597 2158 ut
1607 2129 1768 2158 eratsorte
1777 2124 1898 2167 gratiae
1907 2124 1970 2168 Spi-

1231 2177 1310 2210 ritus
1335 2177 1442 2211 Sancti
1468 2177 1580 2211 sortita
1604 2177 1745 2211 animam
1770 2178 1900 2218 bonam,
1920 2178 1968 2211 vel

1231 2231 1263 2263 in
1289 2231 1423 2264 infantia
1448 2233 1504 2265 sua
1529 2230 1620 2273 signa
1644 2231 1770 2264 futurae
1794 2231 1970 2264 sanctitatis

1231 2284 1338 2317 dabat.
1360 2283 1576 2317 Aversabatur
1595 2283 1713 2325 gaudia
1729 2283 1824 2323 liu-ius
1837 2284 1967 2324 saeculi,

1231 2336 1363 2379 eiusque
1377 2336 1489 2370 aetatis
1506 2336 1611 2375 ludos,
1629 2341 1660 2369 et
1674 2336 1840 2369 illecebras
1857 2335 1972 2369 abhor-

1231 2399 1323 2431 rens,
1348 2389 1521 2423 solitudine
1545 2399 1741 2433 magnopere
1769 2388 1966 2432 capiebatur.

1231 2442 1383 2475 Crescens
1401 2442 1645 2475 confortabatur
1664 2441 1789 2485 spiritu⁷
1808 2446 1849 2481 et,
1872 2451 1969 2485 quam

1230 2495 1368 2536 amabat,
1389 2494 1562 2528 solitudine
1576 2494 1750 2535 fruebatur,
1767 2494 1799 2527 in
1819 2493 1886 2528 dies
1903 2504 1970 2527 ma-

1230 2547 1277 2590 gis
1297 2547 1436 2581 orationi
1457 2548 1613 2581 vacando.

1274 2600 1288 2643 ἓ
1302 2600 1332 2633 3.
1349 2598 1560 2634 Undecimum
1574 2610 1692 2634 annum
1710 2605 1796 2641 nata,
1807 2606 1843 2634 ut
1855 2600 1965 2643 iugum

1230 2707 1442 2749 virginitatem
1465 2718 1664 2747 consecrare,
1685 2713 1712 2741 et
1733 2708 1964 2742 monasterium

1979 317 2026 342 An.
2045 317 2074 343 C.
2095 316 2164 344 1608

2205 728 2217 739 a
2197 673 2214 700 Α
2199 639 2210 649 ι
2195 584 2213 622 ²³³⁴,
2197 534 2211 574 m„
2193 434 2213 523 :ut-ww*
2193 347 2217 424 <ft-1⁸22
2193 195 2215 337 :ff—vzsst‘effv‘*
2185 0 2217 183 8⁴.·‹>⁴.⁰'¹'e3m

2011 1647 2168 1668 Eiusnatiiitas
2202 1641 2210 1646 “

1984 1677 2003 1694 et
2019 1674 2114 1695 infantia.
2158 1698 2162 1700 ι
2206 1688 2213 1700 ,

2201 1762 2219 1814 Δις
2205 1718 2218 1747 „⁸

2197 2163 2214 2227 *ir-0
2194 2137 2200 2151 '⁶
2192 1822 2218 2125 ›²¹⁴⁴ffi·÷·**r=w‹-,÷'·'2J.-2-

2196 2347 2203 2353 ⁴
2190 2231 2214 2336 242'3432

2199 2467 2202 2474 -
2188 2399 2213 2443 ἐπ’,
2200 2360 2212 2390 α..

2016 2601 2085 2628 Nupta
2100 2601 2165 2622 rii-um
2201 2603 2209 2619 ι

1982 2628 2055 2649 habuit
2065 2630 2168 2654 tamqnam
2183 2638 2207 2655 ¹4-
2218 2650 2221 2663 ,

1229 2653 1358 2687 Domini
1391 2654 1454 2688 cito
1483 2659 1615 2698 portare
1640 2653 1818 2698 inciperet,
1840 2654 1966 2688 Christo
1982 2660 2023 2676 “⁰¹¹
2037 2654 2132 2676 'mm‘-
