2227 3241
69 255 105 283 An
135 255 161 282 C.
183 254 250 282 1605

89 1595 140 1616 otta
150 1596 217 1615 tamen
226 1594 251 1615 tt·

71 1624 102 1643 est.
119 1622 173 1642 int->r
194 1627 251 1642 eam-

71 1647 250 1670 demS-›ctetatem

71 1677 92 1696 et
102 1676 208 1701 praesules
220 1680 251 1695 re-

97 1707 154 1722 orum
173 1701 251 1722 Castel-

91 1733 102 1749 ο
116 1730 137 1749 οι
154 1728 252 1754 Legionis

70 1760 132 1781 nuper
165 1755 252 1776 decimis

3 1787 21 1802 12
70 1782 177 1810 ptochiis
210 1782 253 1804 so!-

72 1808 148 1830 vendis.

926 253 987 275 [1¹30
1013 253 1044 275 Xt
1069 253 1119 276 FP.

1687 240 1743 272 191

265 311 437 346 cessusque
457 300 558 334 habiti
578 311 637 345 per
657 301 799 341 eosdem,
817 305 847 333 et
864 300 938 333 inde
959 309 1007 332 se·
1042 300 1085 333 sis
1102 300 1289 333 huiusmodi
1307 300 1345 333 ad
1361 300 1486 344 aliquos
1504 305 1593 332 actus
1612 298 1781 331 deventum

265 360 365 399 quuta
386 364 611 398 quaecumque
636 354 789 393 valerent,
812 353 1008 397 plenamque
1043 352 1148 393 fuerit,
1173 358 1204 386 et.
1225 353 1299 387 licet
1319 354 1450 386 demum
1472 353 1510 386 de
1532 352 1674 386 ineunda
1700 351 1783 384 inter

265 407 392 441 roboris
403 407 588 440 firmitatem
604 406 797 447 obtinerent,
814 417 850 439 ac
862 405 918 445 eis,
935 405 1008 449 qui·
1043 405 1126 449 ipsas
1146 412 1253 450 partes
1274 407 1380 450 aliqua
1401 406 1575 440 concordia
1597 410 1780 443 tractatum,

265 461 324 494 bus
333 470 486 494 concessa
495 460 683 500 existebant,
694 465 851 504 perpetuo
859 458 1010 500 suffraga-

265 519 379 547 rentur
396 513 427 546 in
443 513 593 546 omnibus
614 518 644 546 et
655 523 712 556 per
732 512 852 551 omnia,
872 504 1008 555 perinde

265 577 302 600 ac
323 567 348 600 si
369 567 400 600 in
426 566 488 600 illis
514 567 553 600 de
575 565 810 600 Constitutione
830 564 1008 598 innocentii

264 619 533 664 praedecessoris,
557 624 588 652 et
612 629 668 652 seu
694 618 822 651 concilii
849 618 1008 660 generalis

264 672 450 706 huiusmodi
475 671 625 717 specifica
651 677 681 705 et
707 682 855 716 expressa
886 671 1008 704 mentio

263 725 357 765 sacta,
381 725 475 768 eique
495 725 678 769 specialiter
694 730 724 758 et
744 735 892 768 expresse
914 724 1008 757 dero-

263 784 372 821 gatum
387 779 509 819 suisset,
525 784 622 823 prout
633 778 719 812 idem
734 778 908 821 Gregorius
917 788 1009 822 prae-

263 832 415 866 decessor
432 831 537 865 dictae
557 832 781 866 Constitutioni
803 832 842 864 ad
860 831 1006 864 effectum

263 885 476 930 praemissum
498 885 682 929 specialiter
702 891 733 918 et
750 895 898 928 expresse
912 885 1007 917 dero-

264 938 368 981 gavit,
401 938 579 972 decernens
608 938 651 971 ita
683 938 713 971 in
746 938 1008 982 quibuscumque

264 990 368 1024 causis
391 991 606 1035 pendentibus
631 997 660 1024 et
685 991 801 1024 suturis
826 1001 884 1035 per
904 1001 1005 1035 quos-

263 1055 403 1089 cumque
427 1044 549 1078 iudices
570 1050 600 1078 et
619 1045 860 1078 commissorios
895 1045 1007 1089 quavis

264 1099 457 1133 auctoritate
474 1099 645 1142 fungentes
665 1099 801 1133 iudicari
823 1105 854 1132 et
877 1099 1006 1133 definiri

264 1152 394 1193 debere,
421 1152 549 1186 irritum
575 1163 706 1197 quoque
731 1159 760 1186 et
787 1153 882 1187 inane
907 1153 1004 1197 quid-

264 1206 342 1250 quid
362 1217 454 1240 secus
474 1217 571 1251 super
587 1207 635 1240 his
660 1218 677 1240 a
695 1218 872 1252 quoquam,
896 1207 1008 1251 quavis

264 1253 455 1293 auctoritate
473 1260 612 1294 scienter
629 1261 678 1294 vel
696 1261 887 1304 ignoranter
906 1261 1008 1295 conti-

265 1313 362 1357 gisset
386 1314 547 1354 attentari,
565 1320 596 1347 et
615 1314 692 1347 alias
705 1321 803 1359 prout
817 1315 847 1347 in
863 1315 1005 1348 eiusdem

265 1378 395 1412 quoque
414 1368 560 1410 Gregorii
582 1369 840 1412 praedecessoris
858 1369 1007 1402 informa

265 1421 373 1456 Brevis
389 1421 448 1454 suh
464 1422 574 1454 datum
590 1422 641 1455 die
659 1433 669 1456 1
684 1422 820 1455 ianuarii
839 1433 1007 1456 MDLxxvut

258 1476 472 1521 pontificatus
489 1477 537 1510 sui
559 1487 644 1510 anno
668 1488 699 1511 vt
720 1478 875 1522 expeditis
895 1478 1008 1511 litteris

263 1530 391 1574 plenius
407 1530 618 1569 continetur¹3

311 1586 328 1627 5
349 1583 379 1617 5.
404 1584 561 1628 Cumque,
585 1585 664 1618 sicut
687 1584 870 1629 accepimus
895 1586 944 1621 (ex
970 1596 1008 1618 eo

266 1638 353 1682 quod
378 1638 548 1672 occasione
566 1638 806 1682 praedictorum
824 1639 1008 1683 privilegio-

266 1703 338 1725 rum
357 1692 498 1735 religiosi
517 1692 621 1726 dictae
642 1692 809 1726 Societatis
827 1703 859 1726 se
881 1703 1009 1726 eorum-

267 1756 330 1790 que
350 1746 475 1786 domos,
491 1745 586 1779 etiam
601 1745 844 1789 probationum,
873 1746 1009 1788 collegia

267 1804 299 1832 et
314 1799 385 1832 loca
402 1809 439 1832 ac
458 1799 602 1842 praedia,
620 1809 670 1832 res
684 1805 714 1832 et
733 1799 818 1832 bona
832 1810 1009 1843 quaecum-

267 1862 329 1896 que
351 1863 368 1885 a
387 1852 550 1885 solutione
571 1852 666 1886 etiam
689 1853 901 1893 decimarum,
926 1864 1009 1897 quae

266 1905 507 1950 parochialibus
525 1912 555 1940 et
572 1906 642 1940 aliis
663 1907 805 1940 ecclesiis
819 1908 858 1940 de
879 1907 948 1941 iure
961 1909 1009 1941 vel

267 1960 510 2000 consuetudine,
535 1971 590 1994 seu
617 1961 730 2004 quovis
759 1961 822 1994 alio
840 1961 941 1995 >titulo
962 1963 1008 1995 vel

267 2016 362 2047 causa
391 2014 567 2053 debentur,
591 2020 755 2058 exemptos
782 2025 868 2055 esse,
899 2021 1011 2048 contra

267 2077 343 2100 vero
364 2067 687 2111 metropolitanarum
710 2073 740 2101 et
761 2068 1007 2107 cathedralium,

267 2131 304 2153 ac
317 2120 452 2154 aliarum
469 2121 676 2154 ecclesiarum
690 2121 934 2165 archiepiscopi,
948 2122 1011 2165 epi-

267 2174 355 2218 scopi
369 2179 400 2207 et
417 2173 469 2206 alii
485 2174 639 2217 presules,
664 2175 863 2208 venerabiles
883 2176 1006 2215 fratres⁷

268 2232 300 2260 et
319 2226 458 2271 capitula
484 2232 515 2259 et
541 2226 776 2270 parochialium
801 2227 1007 2260 ecelesiarum

268 2285 410 2313 rectores
430 2289 605 2322 regnorum
628 2280 780 2313 Castellae
803 2286 833 2312 ct
850 2280 1007 2321 Legionis,

269 2335 375 2369 dilecti
390 2335 457 2375 filii,
476 2335 561 2379 ipsos
577 2335 743 2377 religiosos
761 2335 927 2369 Societatis
942 2337 1009 2369 lesu

270 2389 322 2422 tali
361 2390 564 2433 exemptione
601 2389 630 2422 in
669 2389 843 2422 maximum
882 2389 1008 2422 illorum

268 2442 503 2486 praeiudicium
537 2443 624 2476 abuti
657 2444 898 2486 praetendunt),
928 2443 1009 2476 inter

271 2494 341 2528 illos
363 2495 483 2529 dudum
506 2507 603 2540 super
622 2496 683 2529 hoc
705 2496 847 2529 diversae
866 2496 935 2529 lites
955 2507 1010 2529 sen

271 2550 508 2583 controversiae
528 2556 628 2590 ortae,
650 2556 681 2583 et
699 2550 729 2582 iu
749 2553 842 2583 causa
863 2561 918 2583 scu
937 2560 1011 2583 eau-

306 2619 318 2646 1
341 2619 409 2646 Vide
424 2620 505 2656 Gregt
523 2620 581 2647 thl
597 2621 688 2648 Const.
711 2627 798 2647 cxxxii
823 2621 846 2646 in
865 2621 1008 2652 Bullario,

272 2666 335 2690 tom.
354 2669 407 2699 vtu,
424 2663 449 2691 lt.
468 2673 493 2693 n.
512 2665 588 2699 edit„
606 2673 665 2701 pag.
686 2665 735 2692 198
751 2671 788 2700 (a.
807 2671 853 2699 T.).

1043 464 1073 491 et
1093 459 1123 491 in
1139 460 1389 502 congregatione
1409 459 1551 502 generali
1566 458 1781 502 capitulorum

1044 512 1140 545 totius
1161 513 1237 546 cleri
1265 513 1425 546 dictorum
1453 523 1627 555 regnorum
1653 512 1685 544 in
1706 511 1781 545 civi—

1043 570 1106 598 tate
1128 565 1352 602 vallisoletana
1383 567 1421 599 de
1453 576 1536 599 anno
1562 575 1650 600 nucu
1675 565 1782 598 habita

1044 618 1188 652 diversae
1218 619 1456 663 propositiones
1488 619 1561 652 hinc
1596 619 1669 652 inde
1702 618 1784 651 iuter

1043 673 1127 717 ipsas
1145 679 1250 716 partes
1275 673 1313 706 ad
1333 673 1482 706 effectum
1501 672 1687 706 huiusmodi
1709 682 1784 705 con-

1043 727 1185 760 cordiam
1208 726 1339 759 ineundi
1367 726 1466 759 sactae
1492 726 1635 765 fuissent,
1658 726 1780 758 nihilo-

1043 779 1150 813 minus
1179 780 1300 823 aliquid
1323 780 1511 812 conclusum
1541 790 1605 812 non
1631 779 1779 815 extiterit.

1042 834 1097 867 sed
1118 841 1256 878 utraque
1276 844 1349 877 pars
1370 834 1533 876 negotium
1557 834 1640 867 istud
1662 834 1700 866 ad
1723 833 1783 866 Ro-

1044 898 1173 920 manum
1196 887 1385 920 Pontificem
1409 887 1578 920 remiserit:

1087 942 1102 985 §
1123 940 1152 974 6.
1177 941 1258 981 Nos,
1280 941 1332 984 qui
1355 941 1438 973 inter
1458 940 1689 974 ecclesiasticas
1711 951 1782 984 per-

1041 1005 1136 1028 sonas
1157 1005 1269 1039 pacem
1290 1000 1321 1027 et
1340 994 1480 1037 quietem
1498 1000 1655 1037 perpetuo
1676 994 1782 1035 vigere

1041 1054 1069 1082 et
1085 1048 1267 1082 conservari
1283 1048 1408 1080 sincero
1422 1047 1642 1080 desideramus
1656 1046 1781 1087 affeetu,

1043 1103 1264 1136 remissionem
1281 1101 1465 1135 huiusmodi
1478 1105 1680 1145 acceptantes
1690 1110 1783 1142 nego-

1044 1157 1120 1189 tium
1147 1155 1346 1195 huiusmodi,
1360 1155 1447 1188 iussu
1465 1154 1565 1187 felicis
1585 1153 1783 1187 recordatio-

1042 1210 1090 1243 nis
1117 1209 1289 1243 Clementis
1313 1209 1418 1252 Papae
1438 1208 1504 1241 Vlll
1527 1208 1784 1252 praedecessoris

1042 1265 1142 1298 nostri
1168 1270 1294 1297 mature
1312 1264 1490 1297 discussum
1507 1268 1534 1296 et
1551 1262 1780 1301 examinatum,

1042 1329 1100 1362 pro
1122 1318 1283 1362 aequitate
1309 1317 1496 1357 terminare,
1517 1327 1552 1349 ac
1582 1326 1710 1348 omnem
1734 1316 1783 1348 ul·

1044 1372 1170 1405 terioris
1189 1371 1427 1405 controversiae
1449 1376 1479 1403 et
1499 1369 1680 1403 discordiae
1703 1369 1785 1401 inter

1043 1426 1143 1459 dictas
1163 1430 1270 1469 partes
1290 1424 1493 1457 occasionem
1514 1422 1701 1467 praecidere
1722 1428 1784 1454 sta-

1043 1479 1172 1511 tuimus.
1204 1477 1326 1510 Idcirco
1344 1476 1544 1518 singularum
1566 1475 1666 1514 Pauli,
1687 1474 1733 1508 Pii
1756 1481 1782 1507 et

1042 1532 1188 1575 Gregorii
1203 1532 1502 1575 praedecessorum,
1516 1535 1545 1562 et
1559 1529 1696 1562 aliarum
1713 1539 1786 1572 qua-

1044 1595 1257 1628 rumcumque
1272 1584 1303 1616 in
1318 1585 1459 1616 savorem
1474 1582 1660 1626 praedictae
1678 1581 1784 1615 Socie-

1044 1640 1114 1673 tatis
1134 1649 1231 1683 super
1255 1637 1439 1671 huiusmodi
1466 1635 1668 1680 exemptione
1690 1646 1785 1679 expe-

1043 1693 1182 1727 ditarum
1206 1692 1385 1725 litterarum
1408 1691 1550 1724 veriores
1572 1696 1599 1724 et
1628 1695 1709 1722 totos
1734 1695 1782 1723 te-

1043 1757 1137 1780 nores
1155 1751 1185 1779 et
1211 1747 1300 1779 datas
1325 1745 1549 1789 praesentibus
1570 1756 1628 1789 pro
1649 1746 1743 1789 plene
1756 1751 1786 1778 et

1042 1800 1239 1833 sufficienter
1257 1799 1412 1843 expressis
1430 1805 1458 1832 et
1474 1799 1513 1831 ad
1532 1799 1664 1832 verbum
1687 1798 1786 1831 inser·

1044 1854 1083 1888 tis
1104 1854 1270 1893 habentes,
1299 1863 1356 1885 nec
1379 1863 1441 1884 non
1469 1862 1689 1896 quascumque
1716 1852 1787 1885 lites

1044 1914 1074 1941 et
1088 1918 1199 1940 causas
1219 1906 1470 1950 praemissorum
1490 1906 1659 1939 occasione
1680 1906 1786 1939 hacte-

1044 1972 1103 1995 nus
1125 1962 1206 1994 inter
1224 1960 1422 1994 venerabiles
1441 1960 1552 1993 fratres
1571 1960 1786 2003 archiepisco-

1046 2025 1113 2058 pos,
1139 2014 1307 2058 episcopos
1328 2020 1355 2046 et
1379 2013 1458 2046 alios
1483 2014 1646 2057 praesules
1674 2014 1786 2046 fratres

1046 2073 1180 2108 nostros,
1199 2074 1227 2100 et
1241 2067 1367 2111 qrmsris
1386 2067 1662 2110 metropolitanas,
1680 2067 1787 2100 cathe-

1045 2121 1171 2160 drales,
1200 2120 1403 2163 collegiatas‚
1428 2120 1629 2164 parochiales
1655 2126 1685 2153 et
1709 2120 1786 2152 alias

1045 2174 1217 2213 ecclesias,
1242 2184 1419 2217 earumque
1441 2174 1579 2217 capitula
1596 2201 1601 2214 ,
1627 2173 1782 2215 collegia,

1045 2234 1186 2261 rectores
1219 2233 1247 2260 et
1274 2227 1351 2260 alias
1373 2227 1603 2260 ecclesiasticas
1633 2237 1787 2270 personas

1047 2282 1206 2315 dictorum
1238 2292 1411 2324 regnorum
1443 2292 1478 2314 ex
1510 2284 1592 2321 uita,
1617 2287 1645 2314 et
1668 2281 1785 2314 dictam

1045 2335 1236 2368 Societatem
1256 2341 1285 2367 et
1305 2334 1431 2378 quasvis
1446 2334 1531 2366 illius
1552 2334 1785 2374 (101110s‚etia1u

1046 2389 1275 2432 professorum,
1289 2398 1415 2421 necnon
1431 2388 1575 2428 collegia,
1590 2388 1704 2420 domos
1718 2398 1787 2431 pro-

1046 2442 1184 2483 bationis
1207 2448 1237 2475 et
1258 2442 1319 2474 alia
1342 2443 1410 2474 lora
1428 2451 1651 2485 quaecumque
1673 2452 1708 2473 ex
1736 2441 1783 2473 al-

1046 2498 1110 2529 tera
1125 2496 1281 2539 partibus,
1299 2506 1406 2528 coram
1426 2495 1685 2538 ‹piiltuscumque
1705 2495 1786 2528 iudi-

1045 2549 1145 2589 cibus,
1163 2549 1259 2582 etiam
1274 2548 1374 2582 nostri
1389 2548 1469 2581 sacri
1486 2548 1595 2581 Palatii
1611 2547 1785 2591 Apostolici

1046 2602 1145 2635 Rotae
1166 2602 1381 2641 auditoribus,
1399 2612 1434 2634 ac
1449 2600 1545 2634 etiam
1561 2600 1590 2634 S.
1607 2601 1642 2634 R.
1661 2601 1694 2634 E.
1716 2611 1786 2634 car-

1046 2655 1217 2695 dinalibus,
1236 2661 1265 2688 et
1282 2655 1310 2687 in
1325 2664 1529 2698 quacumque
1545 2654 1706 2696 instantia,
1723 2660 1785 2688 tam

1797 248 1845 274 An.
1863 249 1890 275 C.
1916 247 1982 275 1605

1812 951 1854 971 Leo
1863 951 1983 970 huzuxmndi

1799 978 1854 997 litem
1863 978 1889 997 all
1899 983 1921 997 se
1934 983 1984 997 avo·

1799 1010 1848 1024 can>
1858 1007 1877 1023 et
1887 1004 1984 1029 partibus

1799 1031 1904 1051 sitentium
1917 1036 1984 1056 tmpu-

1798 1064 1857 1082 nens,
