2227 3241
13 279 62 306 fin.
79 277 105 304 C.
131 276 198 305 1606

45 1259 153 1281 clausulae
162 1264 199 1286 pro

20 1285 106 1308 huiusce
113 1292 199 1308 conces-

20 1311 83 1335 nionis
93 1313 198 1335 [imitate.

859 273 976 298 PAULUS
992 274 1012 297 V
1029 274 1079 298 FP.

207 323 363 367 pecuniae
378 350 385 364 ‚
409 323 543 364 mealia,
566 323 656 364 iura,
681 321 823 355 actiones
848 328 877 354 et
898 332 948 355 res

207 376 406 418 huiusmodi,
431 377 527 410 etiam
550 387 586 410 ex
604 376 697 410 bonis
717 381 746 409 et
768 375 948 409 redditibus

208 430 431 464 ecclesiasticis
445 430 636 474 supradictis
650 429 881 473 provenientia,
892 439 950 473 per

209 494 262 517 eos
284 480 433 528 utsupra
458 483 624 528 acquisita,
650 484 680 516 in
706 483 790 517 dicta
814 483 899 516 Urbe
920 488 950 516 et

209 537 276 571 eius
302 537 449 571 districtu
475 537 557 571 intra
583 538 694 571 decem
722 537 870 570 milliaria
886 565 893 578 ,
918 542 951 570 ut

208 591 402 634 praefertur,
415 591 632 632 consistentia,
650 591 688 625 ad
708 601 819 625 eorum
841 591 952 624 hacre-

210 644 266 678 des
286 644 325 678 ab
356 644 506 678 intestato
534 644 698 678 venientes
724 645 826 678 libere
851 645 949 678 deve-

209 698 310 740 niant,
331 709 390 732 nec
412 699 466 732 illa
490 699 529 732 ad
559 699 740 733 Romanum
762 698 950 732 Pontificem

210 757 264 785 aut
284 752 398 786 Sedem
421 760 451 787 et
465 753 630 787 Cameram
645 753 862 797 Apostolicam
881 764 952 797 spe-

211 811 298 840 ctare
316 813 346 840 et
366 807 530 851 pertinere
558 807 620 841 dici
639 808 686 841 vel
700 807 867 852 praetendi
881 818 954 851 pos-

211 860 261 901 sit,
283 860 455 906 minusque
477 861 614 895 ministri
632 862 680 895 vel
699 867 828 904 agentes
850 861 954 895 dictae

212 913 365 949 Gamerae
383 915 492 958 (etiam
511 916 570 949 sub
591 921 759 960 praetextu
774 915 861 960 quod
880 915 955 949 dicti

212 967 368 1002 haeredes
384 969 417 1002 in
437 969 522 1003 Urbe
536 980 601 1003 non
619 969 835 1014 reperiantur)
855 969 955 1003 dicto-

213 1032 285 1056 rum
313 1022 472 1057 bonorum
499 1024 735 1068 possessionem
768 1024 955 1068 apprehen—

214 1076 290 1110 dere
307 1077 355 1110 vel
369 1083 582 1121 sequestrare,
599 1077 670 1111 aut¹
687 1078 725 1111 de
740 1077 801 1111 illis
814 1078 958 1111 inventa-

214 1129 263 1163 ria
275 1129 448 1172 conficere,
472 1137 526 1164 aut
547 1131 577 1164 in
600 1131 661 1165 illis
679 1131 790 1176 quovis
813 1132 910 1165 modo
924 1143 956 1166 se

215 1183 430 1217 intromittere
450 1184 588 1218 valeant.

260 1238 276 1279 ἓ
297 1237 327 1270 5.
352 1238 529 1272 Districtius
543 1238 725 1273 inhibentes
744 1239 909 1273 modernis
927 1245 957 1272 et
974 1252 975 1279 l

214 1301 274 1335 pro
287 1296 433 1335 tempore
447 1292 656 1326 existentibus
670 1293 699 1327 S.
717 1293 753 1326 R.
770 1293 803 1326 E.
819 1303 976 1346 camera-l

215 1344 276 1386 rio,
289 1351 320 1378 et
336 1345 438 1379 dictae
450 1346 602 1381 Gamerae
617 1347 823 1390 generalibus
835 1347 959 1381 thesau-
974 1349 976 1367 l

215 1399 314 1439 rario,
330 1400 567 1441 commissario,
594 1411 720 1435 necnon
739 1401 954 1446 praesidenti-

215 1452 286 1493 bus,
301 1453 437 1495 clericis,
452 1465 537 1488 nunc
549 1461 580 1488 ct
594 1466 652 1499 pro
665 1462 812 1499 tempore
825 1456 960 1489 existen-
975 1447 977 1467 ³

217 1506 310 1549 tibus,
320 1508 534 1553 omnibusque
549 1515 579 1542 et
590 1509 724 1552 singulis
737 1510 917 1554 spoliorum
929 1516 959 1544 et
975 1513 977 1530 ²

217 1560 334 1594 iurium
364 1561 517 1596 Gamerae
545 1563 749 1606 Apostolicae
778 1563 960 1597 collectori-

217 1614 286 1656 bus,
297 1615 345 1648 vel
355 1615 655 1658 subcolleetoribus,
668 1627 702 1650 ac
713 1617 783 1651 aliis
796 1617 959 1659 ministris,

175 1666 179 1674 ¹
217 1678 423 1713 quocumque
436 1669 566 1703 nomine
581 1671 785 1715 nuncupatis,
800 1682 839 1705 nc
852 1671 961 1705 haere·
976 1678 978 1717 ξ

218 1721 274 1755 des
292 1727 322 1756 et
342 1734 543 1757 successores
564 1734 787 1768 quoscumque
806 1725 902 1758 etiam
921 1725 959 1758 ab

218 1775 368 1810 intestato
393 1777 553 1812 dictorum
580 1779 750 1812 curialium
776 1790 813 1812 ac
834 1779 957 1813 incola·
978 1808 979 1819 ,

218 1839 288 1862 rum
311 1836 341 1863 et
359 1831 474 1864 civium
492 1832 713 1866 Romanorum
732 1832 763 1865 in
777 1833 861 1866 Urbe
876 1844 911 1866 ac
930 1833 962 1866 il-
978 1842 979 1845 ’

219 1883 280 1917 lius
294 1884 439 1918 districtu
461 1886 606 1929 praefato
620 1896 679 1930 pro
710 1892 854 1931 tempore
870 1887 961 1920 dece·
979 1928 980 1935 ἵ

220 1936 375 1980 dentium,
390 1949 487 1982 super
499 1939 673 1983 praedictis
689 1940 790 1982 bouis,
806 1940 961 1984 pecuniis,

220 1989 386 2035 iocalibus,
402 1992 534 2035 iuribus,
549 1993 729 2027 actionibus
743 2000 771 2027 et
787 1994 882 2028 rebus
897 1994 963 2039 qui-

220 2044 423 2091 buscumque
444 2058 501 2091 per
531 2048 632 2082 dictos
660 2048 816 2090 curiales,
841 2040 981 2086 incolas}

221 2098 448 2144 Romanosque
474 2102 557 2136 cii-es
582 2102 774 2146 originarios
796 2115 856 2148 pro
883 2110 981 2137 tem-,

221 2163 300 2196 pore
321 2154 352 2187 in
373 2155 458 2189 Urbe
476 2156 641 2200 praedicta
659 2163 689 2190 et
703 2157 784 2190 infra
802 2157 886 2191 illius
902 2157 963 2191 dis—
980 2161 981 2168 ³

223 2207 353 2242 trietum
376 2209 561 2244 huiusmodi
588 2210 792 2252 decedentes,
816 2216 850 2244 ut
871 2217 982 2255 prae-5

223 2260 332 2312 fertur,
347 2263 523 2307 acquisitis,
538 2270 650 2297 contra
663 2265 879 2309 praesentium
896 2275 965 2299 nos-

225 2320 344 2349 traruin
378 2316 556 2351 litterarum
591 2318 726 2351 formam
744 2346 750 2358 ,
780 2318 875 2351 etiam
906 2318 964 2352 sub
981 2308 983 2366 ’ξ

225 2375 388 2412 praetextu
401 2381 455 2404 seu
474 2374 569 2404 causa
584 2371 713 2404 illicitae
727 2371 964 2414 negotiationis,
982 2383 983 2391 ¹

226 2423 413 2465 molestare,
434 2425 636 2468 perturbare,
660 2425 839 2469 inquietare
854 2452 861 2466 ,
886 2431 915 2458 et
933 2435 965 2458 se
982 2439 984 2474 i,

228 2476 258 2509 in
270 2476 523 2512 haereditatibus
538 2485 567 2512 et
582 2479 674 2512 bonis
688 2479 840 2523 praefatis
853 2478 984 2523 quovis}

228 2530 324 2564 modo
338 2531 530 2574 immiscere,
548 2539 601 2565 aut
618 2532 670 2566 illa
691 2538 811 2577 petere,
829 2543 884 2566 seu
905 2531 964 2565 sibi

228 2590 281 2617 aut
301 2584 452 2619 Gamerae
473 2586 634 2630 praefatae
658 2586 829 2626 vindicare,
853 2596 908 2619 scu
928 2586 965 2618 de
982 2596 983 2628 ᾗ

973 1173 975 1197 !

268 2701 274 2727 l
300 2699 368 2729 Edit.
385 2700 463 2729 Mein.
485 2702 574 2738 inepte
591 2701 654 2738 legit
672 2705 700 2731 ut
717 2709 752 2730 ιιι.
768 2709 815 2737 τ.).

983 321 1045 354 illis
1075 320 1286 354 inventarium
1318 321 1477 354 conficere
1505 321 1645 355 audeant
1668 331 1724 354 seu

983 380 1200 418 praesumant.

985 480 1261 514 incommutabilis
1275 482 1447 515 voluntatis
1462 483 1608 523 existere,
1623 493 1660 516 ac
1674 482 1727 524 ita,

986 540 1014 568 et
1036 545 1099 568 non
1130 535 1232 576 aliter,
1255 547 1313 580 per
1337 537 1575 579 camerarium,
1599 536 1728 571 thesau-

987 588 1108 622 rarium
1125 617 1132 629 ,
1157 590 1427 631 commissarium,
1456 591 1675 634 praesidentes
1700 597 1730 624 et

987 643 1120 676 clericos
1140 644 1322 687 pi·aefatOS‚
1347 655 1383 678 ac
1403 645 1482 678 alios
1508 655 1730 689 quoscumque

988 697 1110 731 iudices
1121 698 1303 732 ordinarios
1318 704 1345 732 et
1361 699 1536 742 delegatos,
1550 699 1645 733 etiam
1660 710 1731 733 cau-

988 761 1095 784 sarum
1110 752 1222 785 Palatii
1237 753 1412 796 Apostolici
1427 753 1601 794 auditores,
1617 764 1653 787 ac
1664 763 1732 786 san-

989 810 1057 839 ctae
1077 805 1241 839 Romanae
1262 806 1422 840 Ecclesiae
1443 807 1631 849 cardinales,
1653 817 1732 851 qua-

989 859 1034 893 vis
1055 860 1248 893 auctoritate
1275 860 1443 903 fungentes
1473 861 1612 903 (sublata
1631 860 1675 894 eis
1701 866 1732 893 et

990 924 1102 947 eorum
1121 914 1252 948 cuilibet
1268 914 1379 958 quavis
1407 914 1500 948 aliter
1521 914 1683 948 iudicandi
1701 919 1733 948 et

991 967 1223 1011 interpretandi
1246 969 1396 1002 facultate
1417 974 1445 1002 et
1464 968 1667 1011 auctoritate)
1686 968 1733 1001 iu-

991 1021 1089 1055 dicari
1105 1027 1136 1055 et
1153 1022 1281 1056 definiri
1300 1023 1429 1063 debere,
1449 1033 1485 1056 ac
1499 1023 1626 1056 irritum
1640 1033 1733 1067 pror-

991 1086 1054 1117 sus,
1067 1075 1191 1109 nullum
1207 1081 1236 1109 et
1251 1076 1345 1110 inane
1358 1077 1516 1121 quidquid
1527 1087 1620 1110 secus
1634 1087 1733 1121 super

973 1159 975 1171 ,
991 1128 1039 1162 liis
1059 1140 1077 1163 a
1097 1141 1273 1174 quoquam,
1295 1130 1405 1174 quavis
1419 1131 1621 1171 auctoritate,
1636 1130 1734 1164 scien-

992 1189 1041 1217 ter
1069 1184 1117 1217 vel
1148 1184 1346 1227 ignoranter,
1379 1185 1550 1228 contigerit
1570 1184 1730 1218 attentari.

1037 1239 1053 1279 ξ
1075 1236 1103 1270 7.
1128 1238 1197 1271 Non
1222 1239 1425 1272 obstantibus
1451 1239 1735 1272 constitutionibus

993 1297 1022 1324 et
1043 1291 1301 1326 ordinationibus
1319 1293 1513 1337 apostolicis,
1538 1303 1663 1326 necnon
1681 1293 1736 1327 Ca-

993 1356 1101 1379 merae
1125 1347 1288 1389 praefatae
1310 1352 1340 1380 et
1361 1347 1584 1387 ecelesiarum,
1608 1346 1639 1379 in
1658 1346 1732 1391 qui-

975 1398 1052 1443 ³bus
1083 1399 1167 1432 dicta
1192 1399 1351 1433 beneficia
1383 1401 1490 1433 forsan
1517 1400 1654 1441 fuerint,
1683 1405 1738 1433 aut

995 1453 1264 1487 monasteriorum
1285 1459 1313 1486 et
1335 1453 1504 1495 Ordinum,
1525 1464 1664 1498 quorum
1684 1453 1737 1486 illa

993 1507 1172 1548 extiterint,
1209 1507 1303 1540 ctiam
1337 1507 1535 1547 iuramento,
1562 1506 1737 1540 confirma-

994 1561 1080 1595 tione
1098 1562 1284 1605 apostoliea,
1309 1561 1357 1595 vel
1376 1561 1487 1605 quavis
1505 1561 1658 1594 firmitate
1676 1561 1738 1593 alifi

994 1615 1175 1656 roboratis,
1206 1615 1332 1648 statutis
1363 1621 1394 1649 et
1425 1614 1735 1653 consuctudinibus,

996 1679 1119 1702 necnon
1146 1668 1342 1712 privilegiis,
1376 1668 1661 1709 concessionibus,
1690 1668 1739 1701 in-

996 1723 1092 1756 dultis
1114 1729 1142 1755 et
1165 1722 1280 1755 litteris
1298 1723 1497 1766 apostolicis,
1520 1722 1593 1763 illis,
1614 1732 1739 1756 necnon

996 1776 1186 1817 camerario,
1206 1776 1421 1817 thesaurario,
1439 1775 1674 1816 commissario,
1690 1776 1741 1809 Ca-

998 1841 1104 1864 merae
1122 1829 1382 1874 praesidentibus
1400 1836 1429 1863 et
1448 1829 1583 1871 clericis,
1605 1829 1741 1873 aliisque

997 1883 1180 1927 praedictis,
1206 1883 1263 1916 sub
1290 1883 1551 1927 quibuscumque
1573 1883 1741 1917 tenoribus

997 1943 1028 1970 et
1049 1938 1170 1977 formis,
1193 1948 1227 1970 ac
1247 1947 1318 1969 cum
1342 1937 1508 1981 quibusvis
1526 1936 1744 1979 derogatoria-

999 1989 1068 2025 rum
1092 1991 1315 2035 derogatoriis,
1341 1992 1476 2036 aliisque
1503 1991 1742 2025 efficacioribus

998 2053 1025 2079 et
1053 2046 1189 2080 insolitis
1215 2045 1387 2083 clausulis,
1424 2056 1459 2079 ae
1481 2045 1692 2079 irritantibus
1712 2055 1740 2079 ct

998 2100 1068 2134 aliis
1087 2100 1234 2133 decretis.
1256 2110 1313 2144 per
1334 2110 1558 2143 quoscumque
1579 2100 1742 2133 Romanos

999 2153 1179 2195 Pontifices,
1205 2153 1300 2187 etiam
1315 2154 1580 2197 praedecessores
1600 2158 1739 2191 nostros,

1000 2208 1030 2240 in
1057 2218 1173 2251 genere
1202 2208 1247 2240 rel
1278 2207 1308 2240 in
1334 2207 1462 2251 specie,
1498 2207 1592 2241 ctiam
1627 2214 1739 2247 motu,

999 2260 1130 2294 scientia
1152 2266 1180 2294 et
1203 2260 1398 2304 apostolieae
1420 2261 1585 2304 potestatis
1604 2260 1742 2305 plenitu-

1000 2314 1072 2348 dine
1099 2314 1267 2355 similibus,
1297 2320 1351 2348 aut
1378 2315 1454 2348 alitis
1480 2313 1739 2359 quomodolibet,

1000 2368 1095 2402 eliam
1129 2368 1407 2409 consistorialiter,
1437 2368 1597 2401 concessis
1630 2373 1659 2401 et
1685 2377 1742 2411 ap-

1000 2422 1143 2466 probatis
1168 2433 1203 2455 ae
1235 2422 1403 2455 innovatis.
1440 2421 1562 2461 Quibus
1592 2420 1743 2454 omnibus

1001 2482 1030 2510 et
1055 2476 1198 2519 singulis,
1224 2476 1318 2509 etiam
1345 2476 1368 2509 si
1403 2476 1441 2509 de
1471 2475 1532 2508 illis
1565 2485 1744 2519 eorumque

1001 2530 1073 2564 totis
1100 2531 1266 2564 tenoribus
1297 2530 1463 2574 specialis,
1488 2529 1636 2573 specifica
1655 2535 1683 2563 et
1705 2530 1743 2562 ad

1001 2585 1132 2618 verbum
1156 2595 1304 2628 expressa
1321 2584 1440 2617 mentio
1458 2595 1513 2617 seu
1535 2583 1665 2627 quaevis
1683 2583 1745 2616 alia

1001 2638 1161 2682 expressio
1184 2638 1332 2671 habenda
1351 2643 1404 2670 aut
1424 2637 1532 2681 aliqua
1552 2637 1613 2670 alia
1635 2636 1745 2681 exqui-

1000 2692 1059 2726 sita
1077 2691 1179 2726 forma
1194 2692 1232 2726 ad
1250 2692 1310 2726 lioc
1329 2692 1484 2726 servanda
1502 2692 1592 2731 foret,
1615 2697 1744 2726 tenores

1628 263 1687 296 3011
1738 273 1786 300 An.
1809 274 1837 301 c.
1863 274 1930 302 1606

1778 344 1870 366 Sublata
1886 352 1929 367 om-

1742 371 1805 393 nibus
1820 372 1883 393 aliter
1898 378 1929 393 iu·

1741 398 1827 419 dicandi
1857 402 1930 425 potes-

1029 429 1044 470 ξ
1063 427 1093 460 6.
1118 428 1333 462 Decernentes
1353 429 1397 462 sie
1411 435 1538 463 nostrae
1560 429 1676 463 mentis
1696 435 1726 463 et
1741 429 1793 447 m*

1763 1206 1878 1236 Dorogatio
1888 1211 1935 1226 con-

1751 1236 1870 1254 ll'3r12“rllm.
