2227 3241
237 263 287 290 An.
303 262 332 288 c.
356 261 424 289 ¹605
469 251 533 286 226

245 962 357 985 Contraria
368 961 429 984 tottii.

280 2309 362 2329 Causae
373 2307 452 2328 facien-

266 2335 306 2356 dae
321 2333 454 2356 adhortatio-

438 310 609 345 Clementis
629 308 887 354 praedecessoris
914 308 1054 352 desuper
1079 317 1177 352 expe-

439 365 541 406 ditas,
567 374 638 397 cum
662 362 813 396 omnibus
843 367 875 395 et
905 361 1039 404 singulis
1071 361 1103 394 in
1135 361 1180 395 eis

440 417 599 452 contentis
625 415 795 456 clausulis,
819 414 955 449 decretis
980 421 1011 448 et
1038 415 1176 458 deroga·

440 470 592 510 tionibus,
608 470 648 502 ad
663 468 706 502 tui
729 468 826 501 vitam
845 467 1022 512 apostolica
1042 468 1181 502 auctori-

440 530 520 564 tate,
545 529 655 556 tenore
672 521 903 566 praesentium,
923 520 1141 565 approbamus
1153 526 1181 554 et

441 577 682 616 confirmamus,
700 576 828 619 illisque
847 574 1039 608 inviolabilis
1054 580 1182 619 aposto-

441 631 520 664 licae
534 630 695 663 firmitatis
710 630 810 663 robur
822 629 1004 669 adiicimus,
1020 639 1057 662 ac
1070 639 1183 662 omnes

442 690 472 718 et
491 684 635 726 singulos
654 689 717 716 tam
732 683 811 716 iuris
824 693 921 727 quam
941 682 1015 715 sacti
1029 682 1182 724 defectus⁷

443 737 468 771 si
489 737 544 781 qui
567 737 599 769 in
620 737 742 770 eisdem
772 735 1026 776 intervenerint,
1054 736 1183 780 supple-

444 802 525 831 mus,
543 801 645 834 eaque
662 789 777 831 valida,
793 789 887 823 firma
907 794 938 823 et
958 789 1098 823 efficacia
1118 799 1185 822 esse

444 851 476 879 et
487 846 566 886 fore,
580 844 714 888 tibique,
732 844 841 889 quoad
854 843 980 884 vixeris,
1000 843 1186 888 plenissime

445 899 615 942 suffragari
637 899 756 933 debere
777 897 992 931 decernimus.

491 955 508 996 ἕ
529 952 560 986 3.
583 953 652 986 Non
678 951 880 986 obstantibus
905 950 1188 985 constitutionibus

448 1011 479 1040 et
496 1005 756 1040 ordinationibus
774 1004 970 1049 apostolicis,
988 1015 1024 1039 ac
1039 1004 1189 1038 omnibus

448 1059 528 1100 illis,
553 1070 636 1104 quae
661 1059 765 1093 dictus
789 1059 935 1093 Clemens
962 1058 1191 1103 praedecessor

441 1113 483 1147 ‘in
502 1112 568 1147 suis
591 1112 707 1146 litter1s
725 1112 826 1146 voluit
842 1123 908 1146 non
928 1112 1067 1153 obstare,
1088 1117 1191 1145 caete-

449 1166 559 1211 risque
580 1154 1041 1210 contrariis‘quibuscumque.

494 1220 609 1254 Datum
625 1220 747 1253 Romae
767 1220 854 1263 apud
871 1225 1017 1262 sanctum
1037 1219 1189 1260 Marcum,

451 1274 511 1308 sub
537 1274 658 1308 annulo
685 1273 857 1308 Piscatoris
886 1273 939 1307 die
959 1285 977 1306 x
1001 1272 1193 1317 septembris

452 1338 548 1369 trouv,
575 1328 783 1372 pontificatus
806 1327 909 1362 nostri
930 1338 1015 1361 anno
1036 1337 1057 1361 1.

489 1391 548 1418 Dat.
569 1391 614 1418 die
635 1392 668 1419 10
686 1390 849 1427 septembris
870 1390 948 1426 1605,
969 1390 1064 1426 pontif.
1086 1399 1130 1418 an.
1147 1397 1165 1418 ι.

791 1589 854 1623 Xll.

459 1695 714 1730 Gubernatorem
729 1695 911 1729 Mediolani
926 1695 1079 1729 hontatur
1094 1699 1131 1729 ut
1148 1700 1196 1728 αι-

503 1753 628 1782 tentata
640 1759 699 1794 per
711 1754 861 1782 senatum
876 1749 1147 1783 mediolanensem
1162 1750 1197 1783 in

502 1812 601 1835 causa
619 1802 711 1846 feudi
728 1802 883 1847 Chiqnoli
901 1804 1046 1836 revocari
1060 1802 1193 1847 faciat¹.

638 1909 752 1938 Dilecto
768 1910 830 1938 filio
849 1911 944 1939 nobili
958 1911 1022 1939 viro

577 1955 665 1982 Petro
690 1953 857 1983 fernandez
874 1959 909 1983 de
929 1956 1082 1989 Azevedo,

474 2000 576 2028 comiti
596 2002 631 2029 de
646 2001 793 2035 ruentes,
815 2001 1008 2035 gubernatori
1028 2001 1188 2030 Mediolani

706 2055 817 2083 Paulus
842 2055 920 2089 Papa
944 2056 966 2084 V

641 2144 756 2173 Dilecto
770 2146 824 2179 fili,
841 2145 950 2174 nobilis
965 2146 1025 2178 vir,

499 2190 628 2218 salutem
648 2193 679 2218 et.
699 2190 895 2226 apostolicam
914 2191 1166 2220 benedictionem.

511 2289 579 2332 51.
605 2289 768 2322 Perlatum
794 2294 838 2322 est
869 2289 908 2323 ad
936 2299 1012 2330 nos,
1044 2300 1108 2323 non
1136 2290 1204 2323 sine

466 2342 565 2376 animi
586 2343 686 2376 nostri
713 2343 870 2383 molestia,
894 2343 1116 2387 superioribus
1137 2344 1204 2378 die-

466 2395 537 2436 bus,
565 2396 718 2429 defuncto
739 2396 904 2440 quondam
924 2397 1043 2429 Ioanne
1067 2397 1202 2438 Cusano,

467 2449 521 2493 qui
544 2455 662 2483 terram
692 2449 837 2492 Chignoli
858 2450 1021 2494 Papiensis
1047 2461 1103 2484 seu
1124 2451 1205 2484 Lau-

469 2503 574 2536 dcnsis
599 2503 756 2536 dioecesis
774 2503 907 2547 eiusque
923 2503 1009 2537 bona
1024 2504 1056 2537 in
1075 2499 1205 2538 seudum

470 2556 509 2589 ab
530 2557 714 2601 Apostolica
742 2556 823 2590 Sede
852 2556 1035 2599 obtinebat,
1058 2557 1206 2592 dilectam

509 2670 533 2696 1.
551 2670 586 2697 Ex
601 2670 707 2707 Regest.
726 2672 752 2698 in
767 2671 867 2700 Secret.
885 2671 964 2700 Brev-

1020 259 1196 284 BtLLAnlUM
1220 259 1370 284 ROMANUM

1215 308 1247 341 in
1281 308 1406 343 Christo
1438 307 1537 341 filiam
1574 307 1766 340 Flaminiam
1783 308 1952 350 Cusanam,

1215 361 1314 405 ipsius
1345 361 1475 394 Ioannis
1503 370 1648 394 sororem
1678 371 1888 403 germanam,
1925 367 1957 396 et

1215 415 1322 448 forsan
1341 414 1420 447 alios
1441 413 1702 457 (praetendentes
1715 414 1747 447 in
1762 414 1853 448 dictis
1872 417 1957 448 terra

1215 473 1247 502 et
1277 468 1370 502 bonis
1395 467 1577 501 feudalibus
1601 478 1619 500 a
1643 467 1810 511 praedicto
1838 469 1958 502 Ioanne

1216 521 1370 565 possessis
1394 521 1568 554 succedere
1593 521 1710 564 posse)
1741 521 1782 554 ad
1811 527 1957 555 senatum

1217 573 1386 608 Mediolani
1401 584 1456 607 seu
1474 573 1554 607 alios
1571 573 1694 607 iudices
1711 575 1892 608 saeculares
1909 585 1959 609 re-

1218 637 1346 661 cursum
1365 626 1527 668 habuisse,
1544 637 1581 660 ac
1594 632 1740 660 senatum
1762 638 1819 662 seu
1836 628 1959 662 iudices

1219 682 1303 726 ipsos
1323 682 1505 715 saeculares
1533 681 1630 715 huius
1658 692 1774 715 causae
1794 681 1956 725 cognitio-

1219 746 1315 777 nem,
1345 735 1419 769 licet
1451 736 1593 777 nulliter‚
1613 735 1808 780 suscepisse,
1824 745 1872 777 ac,
1900 736 1959 769 sub

1219 795 1386 835 praetextu
1410 789 1551 824 evitandi
1579 790 1751 831 scandala,
1778 789 1958 834 possessio-

1207 854 1293 878 ,nem
1316 844 1477 878 dictorum
1498 844 1659 878 bonorum
1681 843 1856 877 feudalium
1876 854 1894 876 a
1915 843 1961 877 di-

1221 903 1272 932 cto
1297 898 1374 932 olim
1398 900 1517 932 Ioanne
1547 908 1770 942 possessorum
1794 897 1962 931 forsanad

1221 962 1254 985 se
1273 962 1434 993 avocasse,
1455 962 1491 985 ac
1512 952 1592 985 alios
1609 956 1697 985 actus
1715 951 1826 985 secisse
1846 950 1878 984 in
1897 961 1959 984 no-

1222 1009 1305 1039 strae
1330 1010 1361 1038 et
1388 1005 1591 1049 Apostolicae
1618 1004 1708 1039 Sedis
1733 1003 1964 1038 iurisdictionis

1223 1058 1470 1103 praeiudicium.

1270 1113 1286 1154 g
1306 1111 1336 1144 02.
1360 1111 1437 1145 Cum
1458 1117 1565 1145 autem
1587 1111 1618 1144 in
1639 1113 1733 1145 causa
1754 1110 1842 1145 feudi
1862 1111 1964 1145 eccle·

1226 1165 1343 1199 siastici
1363 1175 1468 1209 neque
1488 1170 1628 1206 senatus,
1652 1175 1757 1208 neque
1777 1164 1859 1198 alius
1877 1165 1964 1209 quis-

1227 1229 1324 1263 quam
1341 1218 1435 1251 iudex
1452 1217 1625 1251 saecularis
1638 1228 1672 1251 se
1692 1217 1840 1261 ingerere
1857 1223 1966 1262 potue-

1227 1271 1268 1305 rit
1287 1282 1345 1305 nec
1363 1271 1512 1305 debuerit
1528 1271 1615 1314 (cum
1633 1270 1719 1304 illins
1739 1270 1881 1314 cognitio
1901 1270 1967 1315 pri-

1227 1325 1327 1358 vative
1355 1326 1462 1369 quoad
1482 1325 1562 1358 alios
1582 1335 1805 1369 quoscumque
1829 1325 1963 1366 iudices,

1228 1379 1323 1412 etiam
1346 1379 1453 1422 quoad
1473 1378 1776 1414 summariissimum
1796 1389 1965 1423 possesso-

1227 1431 1311 1465 rium
1327 1459 1334 1473 ,
1358 1432 1399 1465 ad
1418 1431 1557 1465 iudicem
1579 1432 1832 1467 ecclesiasticum
1860 1434 1964 1479 perti-

1227 1485 1325 1528 neat),
1352 1485 1458 1518 facere
1484 1495 1548 1518 non
1573 1485 1738 1529 potuimus
1761 1486 1839 1531 quin
1867 1486 1968 1531 ipsius

1228 1545 1356 1572 senatus
1369 1544 1400 1572 et
1419 1538 1487 1572 eius
1503 1538 1627 1580 iudicis,
1641 1539 1696 1583 qui
1713 1549 1746 1573 se
1766 1539 1799 1573 in
1816 1542 1853 1574 ea
1873 1543 1969 1575 causa

1228 1592 1370 1635 ingessit,
1391 1591 1561 1625 consilium
1575 1592 1844 1636 improbaremus.
1861 1593 1970 1628 Iniun-

1229 1645 1332 1678 ximus
1364 1645 1473 1689 itaque
1510 1645 1682 1679 venerabili
1715 1646 1806 1680 fratri
1836 1647 1969 1682 Claudio

1230 1699 1381 1743 episcopo
1402 1699 1588 1732 Placentino
1608 1699 1799 1742 Mediolani,
1822 1700 1873 1734 cui
1887 1701 1971 1736 alias

1231 1752 1330 1786 felicis
1350 1752 1584 1786 recordationis
1604 1752 1751 1787 Clemens
1774 1754 1861 1798 Papa
1884 1754 1968 1796 VIlI;

1231 1806 1460 1850 praedecessor
1476 1811 1596 1847 noster,
1617 1807 1802 1851 praedictae
1821 1813 1924 1841 terrae
1941 1814 1973 1842 et

1232 1859 1392 1892 bonorum
1431 1858 1607 1892 feudalium
1646 1859 1791 1903 Chignoli
1826 1861 1972 1904 regimen

1232 1912 1414 1957 specialiter
1431 1912 1645 1955 demandavit,
1666 1919 1701 1947 ut
1720 1914 1891 1957 negocium
1911 1914 1974 1949 hoc

1233 1965 1394 1999 nobilitati
1416 1971 1487 1999 tuae
1507 1966 1623 2000 iterum
1645 1972 1756 2001 nostro
1775 1967 1907 2002 nomine
1928 1979 1974 2002 re-

1234 2021 1324 2063 ferat,
1345 2026 1376 2054 et
1396 2031 1469 2054 cum
1495 2023 1531 2054 ea
1556 2020 1640 2058 serio
1665 2026 1739 2064 agat
1762 2031 1799 2055 ac
1817 2027 1916 2066 petat,
1939 2027 1974 2056 ut

1235 2079 1389 2108 attentata
1414 2085 1637 2119 quaecumque
1657 2085 1716 2119 per
1736 2075 1855 2109 dictum
1876 2086 1971 2110 sena-

1236 2134 1315 2170 tum,
1344 2133 1399 2161 aut
1423 2139 1645 2173 quoscumque
1670 2129 1749 2162 alios
1766 2128 1888 2163 iudices
1904 2140 1975 2164 sae-

1237 2183 1372 2224 culares,
1401 2182 1487 2216 circa
1509 2183 1639 2216 seudum
1668 2183 1871 2227 praedictum
1902 2183 1975 2218 Chi-

1237 2236 1324 2279 gnoli
1346 2236 1495 2281 illiusque
1515 2237 1611 2278 bona,
1634 2236 1739 2270 statim
1761 2237 1916 2278 revocari,
1940 2248 1976 2271 ac

1238 2290 1347 2324 onmia
1371 2290 1402 2323 in
1427 2289 1598 2334 pristinum
1631 2290 1755 2323 restitui
1787 2291 1917 2324 mandet
1940 2302 1977 2325 ac

1238 2355 1273 2377 re
1290 2344 1358 2388 ipsa
1376 2343 1480 2377 saciat.
1504 2344 1676 2388 Speramus
1694 2348 1800 2377 autem
1819 2348 1859 2384 te,
1880 2354 1977 2388 quem

1239 2397 1377 2431 iustitiae
1396 2397 1606 2441 praecipuum
1634 2397 1791 2430 cultorem
1821 2408 1889 2431 esse
1910 2397 1974 2431 sci—

1241 2461 1322 2492 mus,
1342 2450 1497 2495 cuiusque
1524 2460 1682 2484 summam
1711 2450 1864 2494 pietatem
1889 2450 1978 2484 acin

1240 2515 1298 2537 nos
1319 2508 1351 2537 et
1366 2503 1583 2548 Apostolicam
1604 2503 1719 2537 Sedem
1739 2503 1977 2537 observantiam

1242 2558 1437 2601 exploratam
1466 2557 1646 2597 habemus,
1673 2556 1885 2600 aequissimae
1913 2567 1975 2590 no-

1242 2616 1326 2645 strae
1345 2610 1492 2655 petitioni
1511 2611 1572 2644 hac
1592 2610 1624 2643 in
1648 2621 1683 2644 re
1703 2611 1864 2644 cumulate
1888 2610 1979 2644 satis-

1243 2663 1412 2697 facturum.
1426 2662 1518 2703 Quod
1535 2668 1654 2706 tamen,
1670 2668 1705 2697 ut
1718 2663 1851 2698 omnino
1867 2663 1974 2705 facias,

1970 259 2062 288 Aac.
2081 260 2162 290 1605*
2179 239 2203 289 ἰῗ

2005 1121 2136 1144 Adhortatio.
2171 1116 2174 1117 ⁷
2184 1146 2191 1154 Ι
