2227 3241
38 249 90 278 An.
106 247 135 275 C.
151 246 218 275 1604

101 893 142 914 con
146 891 226 922 fossarii

46 920 149 974 ἓῖῗξέἶῗΐῗῗ
185 921 227 939 ⁵¹⁰²

87 2279 126 2303 Oui
141 2281 209 2300 tamen
222 2279 242 2299 in

64 2306 145 2326 casibus
160 2306 193 2326 liic
209 2311 243 2325 ex-

63 2333 139 2358 press&
162 2338 243 2358 neque-

63 2360 99 2379 ant
112 2359 227 2380 absolvere.

38 2620 43 2667 l

40 2672 43 2752 ἕ

40 2761 44 2799 ἓ

42 2811 45 2843 l

42 2850 44 2866 i

42 2881 44 2899 ι

861 242 1008 266 CLEMENS
1029 242 1085 266 vm
1106 242 1156 266 1³1¹.

235 303 313 327 num
329 292 571 335 erigendarum,
587 291 857 325 instituendarum
879 296 910 323 et
927 300 981 332 ag-

237 346 493 389 gregandarum,
515 351 545 378 et
566 345 684 389 quibus
705 342 979 377 communicatio-

237 410 294 433 nes
319 399 407 440 fient,
437 404 492 432 aut
512 399 545 431 in
566 399 646 431 alios
667 408 777 432 earum
800 397 870 441 pios
890 407 978 436 usus,

238 453 375 486 arbitrio
396 453 539 486 eiusdem
562 452 673 485 vicarii
694 451 794 484 nostri
823 450 853 483 in
882 449 978 486 Urbe,

237 517 297 540 nec
327 516 393 540 non
417 505 663 539 Ordinariorum
697 505 843 537 locorum
873 513 983 546 respe-

238 559 335 601 ctive,
364 559 504 593 fideliter
529 569 701 603 exponere,
725 565 821 601 atque
847 567 983 599 erogare

238 619 425 657 procurent,
451 619 486 646 ut
506 623 619 646 omnes
637 612 819 654 intelligant
840 610 986 644 caelestis

239 667 401 700 Ecclesiae
418 667 600 706 thesauros,
615 676 679 699 non
694 670 846 709 quaestus
860 670 915 698 aut.
929 664 987 697 ali-

241 720 331 754 cuius
351 720 431 753 lucri
453 721 560 761 eausa,
584 720 640 753 sed
665 718 794 763 pietatis
824 724 852 751 et
881 717 987 751 ehari-

242 773 314 807 tatis
335 773 523 807 excitandae
543 772 646 815 gratia
660 783 696 805 ex
711 772 916 816 Apostolicae
933 771 988 805 Se-

242 826 291 860 dis
311 826 509 868 benignitate
530 825 795 859 christifidelibus
821 825 949 869 aperiri.

287 882 303 922 g
324 879 354 913 9.
377 880 549 913 Praeterea
573 880 721 912 volumus
749 884 785 912 ut
803 878 985 911 confessarii

243 933 311 978 (qui
325 934 433 976 vigore
448 933 689 978 privilegiorum
709 932 785 977 ipsis
799 932 984 971 Ordinibus,

242 987 466 1030 religionibus,
488 987 641 1020 institutis
659 986 867 1029 erigentibus,
892 985 985 1019 insti--

243 1040 420 1082 tuentibus,
445 1046 475 1073 et
500 1040 828 1077 communicantibus,
856 1050 912 1073 seu
936 1050 987 1072 ar-

243 1094 587 1128 cliiconfraternatilnis
623 1101 650 1127 et
684 1094 989 1137 congregationibus

243 1149 495 1191 aggregantibus
524 1159 776 1189 concessorum,
805 1159 841 1181 ac
866 1149 989 1181 confra-

245 1202 423 1236 ternatibus
440 1208 470 1236 et
487 1202 795 1245 congregationilms
812 1212 989 1244 aggregan-

245 1255 293 1289 dis
308 1255 667 1296 communicandorum,
683 1266 742 1300 pro
757 1262 903 1299 tempore
916 1255 989 1298 eligi

245 1314 380 1353 possunt
405 1314 436 1342 et
467 1310 644 1353 poterunt),
667 1310 847 1343 saeculares
871 1309 992 1343 scilicet

246 1362 277 1395 in
296 1361 381 1396 alma
400 1362 486 1396 Urbe
504 1373 522 1396 a
539 1362 705 1406 praedicto
726 1368 836 1396 nostro
857 1363 987 1404 vicario,

246 1421 336 1450 extra
351 1415 470 1449 Urbem
487 1426 564 1449 vero
584 1426 602 1449 a
622 1416 767 1449 locorum
794 1416 989 1452 Ordinariis:

247 1469 413 1512 regulares
435 1474 542 1502 autem
572 1479 637 1502 non
658 1469 764 1502 solum
787 1480 802 1501 a
823 1469 991 1513 praedicto

248 1522 368 1556 vicario
392 1527 518 1563 nostro,
542 1527 572 1555 et
598 1532 615 1555 a
643 1523 789 1556 locorum
821 1522 993 1555 ordinariis

248 1576 446 1620 respective,
475 1577 530 1610 sed
568 1576 662 1610 etiam
697 1587 714 1609 a
742 1576 808 1609 suis
839 1576 990 1620 superio-

248 1630 337 1664 ribus
368 1630 537 1674 approbati
572 1630 657 1671 sint,
686 1636 787 1674 utque
819 1630 994 1664 confratres

251 1683 442 1717 confitentes
462 1695 479 1717 a
497 1683 699 1725 criminibus,
723 1683 849 1717 casibus
870 1690 901 1717 et
922 1695 995 1717 cen-

249 1737 343 1778 suris,
361 1737 447 1770 iuxta
465 1737 625 1771 dictorum
641 1737 884 1781 privilegiorum
904 1738 996 1781 <qua-

252 1797 343 1824 tenus
368 1797 476 1824 tamen
501 1791 564 1824 sint
589 1791 620 1824 in
646 1801 717 1831 usu,
742 1796 773 1824 et
796 1791 894 1824 sacris
915 1791 996 1825 Con-

251 1844 315 1877 cilii
338 1844 517 1878 Tridentini
539 1844 686 1885 decretis,
710 1855 747 1877 ac
774 1845 994 1878 Romanorum

251 1897 444 1931 Pontificum
470 1898 755 1942 praedecessorum
788 1903 993 1939 nostrorum,

252 1955 283 1984 et
314 1951 433 1985 nostris
465 1951 752 1985 constitutionibus
783 1948 847 1984 non
879 1951 994 1984 adver-

251 2011 383 2046 sentur,
403 2015 464 2039 nec
488 2010 636 2039 revocata
651 2032 658 2046 ,
683 2011 737 2038 aut
761 2005 819 2038 sub
837 2004 998 2048 aliquibus

254 2059 515 2093 revocationibus
526 2059 761 2103 comprehensa
775 2058 850 2102 sint)
862 2059 997 2091 formam

254 2117 285 2145 et
305 2118 451 2146 tenorem
478 2113 642 2146 dumtaxat
670 2112 835 2145 absolvere
859 2112 995 2145 valeant.

255 2166 464 2200 Decernimus
485 2165 616 2209 insuper
637 2171 672 2199 ut
692 2165 790 2199 iidem
812 2165 998 2198 confessarii

255 2220 438 2264 praedictos
463 2221 649 2261 confratres,
677 2220 911 2263 cuiuscumque
929 2230 1000 2262 gra-

257 2273 328 2314 dUS,
349 2279 448 2307 status
469 2273 665 2307 conditionis
685 2279 715 2307 et
732 2273 998 2317 praeminentiae,

259 2326 383 2359 etiamsi
409 2327 540 2371 speciali
566 2329 640 2360 nota
667 2327 794 2369 dignae,
823 2327 957 2366 fuerint,
985 2337 1001 2359 a

261 2380 387 2414 casibus
420 2381 579 2414 contentis
613 2380 644 2413 in
675 2380 812 2421 litteris,
841 2391 922 2424 quae
953 2380 1003 2413 (lie

260 2433 384 2468 Coenae
412 2434 538 2468 Domini
565 2434 626 2476 legi
652 2439 905 2474 consueverunt,
931 2444 1004 2467 nec-

261 2497 327 2520 non
347 2487 531 2521 violationis
558 2487 769 2521 immunitatis
791 2493 818 2520 et
848 2487 1005 2520 libertatis

263 2540 509 2582 ecclesiasticae,
537 2546 569 2575 et
593 2542 761 2574 clausurae
787 2540 1001 2574 monasterio-

263 2604 335 2626 rum
363 2594 566 2636 monialium,
589 2595 614 2628 si
640 2594 786 2628 videlicet
806 2594 874 2627 sine
895 2604 1005 2627 neccs-

262 2645 343 2679 saria
360 2652 387 2679 et
404 2648 528 2690 urgenti
548 2651 652 2689 causa,
666 2659 701 2680 ac
715 2647 782 2681 sine
800 2647 1004 2691 superiorum

1666 227 1725 261 ²141

1016 288 1156 329 licentia,
1174 289 1221 321 vel
1234 288 1330 321 etiam
1345 288 1370 320 si
1389 286 1482 320 causa
1496 291 1526 320 et
1540 286 1669 319 licentia
1686 297 1761 319 con-

1017 344 1103 375 cessa
1123 342 1303 382 abutentes,
1318 341 1482 384 praedicta
1500 339 1696 373 monasteria
1713 339 1761 371 in-

1018 395 1117 437 gressi
1142 395 1277 435 fuerint,
1302 405 1427 427 necnon
1460 394 1618 427 violentae
1647 402 1762 425 manus

1019 447 1200 480 iniectionis
1221 447 1252 479 in
1273 447 1439 488 clericum.
1456 452 1485 480 ct
1506 446 1677 489 singularis
1695 456 1763 478 cer-

1020 500 1149 533 taminis
1169 511 1225 534 seu
1247 500 1356 546 duelli,
1381 511 1417 533 ac.
1437 500 1476 533 ab
1498 500 1568 533 aliis
1594 499 1690 532 etiam
1712 509 1763 532 ca-

1020 554 1119 595 sibus,
1137 559 1201 587 tarn
1224 564 1241 587 a
1261 554 1365 593 nobis,
1383 564 1478 598 quam
1495 564 1512 587 a
1525 553 1690 597 praedicto
1704 563 1763 586 no-

1021 614 1086 642 stro
1108 609 1138 641 in
1159 609 1243 641 Urbe
1262 608 1394 645 vicario,
1416 614 1446 641 et
1463 609 1608 641 locorum
1630 607 1764 641 Ordina-

1021 662 1077 695 riis
1097 662 1273 706 respective
1294 662 1474 703 reservatis,
1496 668 1523 695 et
1543 672 1602 706 pro
1620 667 1765 705 tempore

1022 716 1234 756 reservandis,
1255 722 1283 749 et
1300 716 1395 749 etiam
1415 727 1432 748 a
1453 716 1563 759 quavis
1581 725 1766 748 excommu-

1021 769 1184 803 nicatione
1208 769 1248 802 ab
1277 769 1409 802 homine
1435 769 1496 802 lata
1530 769 1714 809 absolvere,
1735 774 1765 801 et

1022 834 1119 867 super
1150 823 1465 865 irregularitatilnts,
1496 828 1557 855 tam
1587 834 1623 856 ex
1657 822 1765 866 aliquo

1024 878 1149 910 defectu
1176 876 1453 920 provenientiluis,
1477 887 1574 920 quam
1596 876 1765 910 occasione

1023 931 1129 964 delicti
1146 930 1330 970 contractis,
1348 941 1420 963 cum
1435 930 1544 973 aliquo
1566 930 1763 973 dispensare,

1023 989 1187 1028 praetextu
1214 984 1373 1017 dictorum
1395 983 1649 1028 privilegiorum.
1677 984 1767 1016 nullo

1024 1039 1121 1072 modo
1139 1038 1273 1082 possint.

1067 1094 1084 1135 ξ
1105 1091 1151 1124 10.
1173 1093 1306 1125 Demum
1336 1091 1505 1124 statuimus
1530 1097 1558 1124 et
1580 1091 1699 1135 pariter
1716 1101 1767 1124 or-

1024 1146 1185 1187 dinamus,
1203 1152 1235 1178 ut
1255 1145 1535 1178 confraternitates
1549 1151 1579 1177 et
1593 1155 1768 1187 congrega-

1026 1200 1138 1238 tiones,
1149 1199 1254 1232 ubiris
1267 1199 1427 1236 locorum,
1444 1198 1554 1242 quavis
1566 1198 1768 1239 auctoritate,

1025 1260 1056 1287 ut
1086 1254 1288 1297 praefertur,
1311 1258 1437 1285 erectae
1470 1258 1497 1284 et
1526 1251 1709 1292 institutae,
1738 1257 1769 1284 et

1025 1307 1141 1350 quibus
1156 1306 1466 1340 coinnutnicationes
1476 1305 1658 1349 praedictae
1670 1305 1770 1338 factae

1025 1366 1109 1397 sunt,
1133 1371 1168 1393 ac
1194 1361 1387 1404 cuicumque
1408 1371 1443 1393 ex
1466 1360 1558 1393 dictis
1583 1359 1770 1397 Ordinibus,

1026 1414 1247 1456 religionibus,
1277 1414 1439 1453 institutis,
1468 1412 1771 1446 arcliiconfraterni-

1027 1468 1145 1501 tatibus
1166 1473 1197 1500 et
1215 1466 1521 1509 congregationibus
1535 1466 1668 1499 ubilibet
1691 1466 1770 1499 exis-

1028 1520 1168 1554 tentibus
1189 1520 1344 1553 liactenus
1365 1525 1567 1562 aggregatae,
1592 1519 1631 1552 ab
1652 1519 1772 1552 eisdem

1028 1574 1203 1618 respective
1224 1573 1409 1613 Ordinibus,
1436 1573 1659 1615 religionibus,
1683 1572 1774 1605 insti-

1030 1628 1122 1669 tutis,
1147 1627 1561 1661 arcliiconsraternitatibus
1582 1632 1613 1660 et
1634 1636 1772 1668 congre-

1029 1681 1232 1725 gationibus,
1265 1692 1363 1714 novas
1386 1680 1585 1714 erectionum
1602 1707 1609 1721 ,
1642 1679 1772 1713 institu-

1031 1736 1168 1777 tionum,
1197 1735 1530 1768 communicationum
1561 1740 1591 1767 et
1615 1743 1773 1776 aggrega-

1030 1789 1155 1823 tionum
1186 1789 1330 1830 litteras,
1360 1789 1446 1822 iuxta
1480 1789 1616 1821 formam
1643 1798 1660 1821 a
1684 1787 1776 1820 nobis

1031 1843 1204 1876 novissime
1230 1842 1462 1887 approbatam,
1487 1841 1570 1875 infra
1595 1851 1727 1881 annum,
1751 1841 1775 1873 si

1033 1897 1064 1930 in
1085 1896 1212 1940 Europa
1234 1896 1307 1937 sint,
1328 1902 1357 1929 et
1375 1896 1399 1930 si
1422 1901 1508 1929 extra
1527 1895 1688 1939 Europam
1710 1894 1777 1928 fue-

1032 1951 1106 1992 rint,
1124 1951 1207 1984 infra
1228 1950 1394 1984 biennium
1415 1960 1432 1983 a
1453 1949 1504 1982 die
1524 1948 1776 1993 pubblicationis

1033 2004 1251 2049 praesentium
1275 2003 1306 2036 in
1332 2002 1476 2037 Romana
1494 2002 1586 2037 Curia
1612 2001 1777 2035 faciendae

1033 2058 1282 2102 computandos,
1304 2057 1479 2101 impetrare
1501 2061 1680 2095 teneant.ur;
1701 2055 1779 2088 alio-

1034 2112 1123 2156 quin,
1153 2111 1238 2145 dicto
1265 2116 1411 2155 tempore
1437 2111 1557 2154 elapso,
1581 2109 1775 2149 erectiones,

1035 2165 1253 2199 institutiones
1285 2169 1316 2197 et
1345 2174 1571 2208 quaecumque
1599 2162 1779 2196 communi-

1037 2219 1179 2252 cationes
1206 2217 1472 2262 privilegiorum,
1496 2216 1700 2255 facultatum,
1726 2215 1776 2247 in-

1036 2271 1276 2314 dulgentiarum
1319 2271 1521 2315 aliarumque
1560 2269 1776 2314 spiritualium

1037 2326 1214 2368 gratiarum
1228 2330 1254 2358 et
1268 2325 1479 2364 indultorum,
1493 2329 1521 2357 et
1536 2321 1780 2364 aggregationcs

1038 2379 1165 2412 illarum
1195 2378 1303 2420 rigore
1337 2378 1413 2422 ipsis
1442 2386 1634 2416 concessae,
1662 2375 1780 2408 nullius

1038 2432 1099 2466 sint
1121 2431 1248 2465 roboris
1268 2437 1295 2464 et
1320 2431 1486 2471 momenti,
1512 2441 1546 2462 ac
1566 2434 1732 2461 revocatae
1750 2433 1780 2461 et

1040 2486 1178 2519 abolitae
1203 2492 1396 2519 censeantur
1416 2495 1453 2517 eo
1476 2484 1555 2527 ipso.

1085 2541 1101 2581 ἓ
1128 2539 1180 2571 11.
1213 2539 1419 2572 Ercctionum
1451 2542 1575 2575 autem,
1603 2535 1778 2569 institutio·

1040 2603 1129 2633 num,
1154 2591 1484 2625 communicationum
1515 2595 1544 2623 et
1577 2589 1780 2632 aggregatio-

1040 2657 1128 2687 num,
1145 2652 1206 2679 tani
1222 2646 1377 2679 hactenus
1399 2646 1565 2679 factarmn.
1583 2655 1678 2687 quam
1693 2643 1780 2676 deiu-

1778 237 1827 264 An.
1848 237 1876 264 C.
1896 237 1963 264 1604

1827 1100 1968 1120 Confi-aterm-

1783 1129 1969 1152 tatesamriegbae

1782 1160 1833 1174 suae
1866 1160 1970 1178 aggrega-

1782 1182 1845 1200 tionis
1881 1186 1969 1200 renuta-

1783 1207 1861 1227 timeiu
1873 1208 1969 1226 obtinere

1784 1235 1903 1254 tencantur.
