2227 3241
255 294 304 321 An.
322 294 350 321 c.
374 292 442 321 teos
488 282 551 317 348

253 355 437 382 inquisitoribus&
454 347 632 386 spectantes
653 346 680 373 et
703 338 910 384 pertinentes,
931 349 1038 372 coram
1060 349 1193 383 genera-

253 383 371 402 Ordiuartts
384 388 437 402 cuin<

252 410 322 429 mittit.

284 886 394 908 Praetatos
409 884 434 904 de

265 911 426 934 transmittendo

251 940 347 961 ouintaat
354 941 376 960 ti
385 938 440 958 citra

252 972 324 987 omnes
365 966 437 992 regula

252 999 285 1013 res
305 993 331 1013 de
353 992 436 1014 haeresi

250 1018 438 1045 stispectootisdem

252 1046 370 1066 (ji-dinariis
378 1048 398 1066 et
408 1046 437 1067 in-

251 1072 436 1099 qni-itortbusmo-

250 1102 293 1120 net.

267 1579 439 1604 :eommvenoen-

253 1607 311 1627 tibus
319 1610 398 1631 poenus
408 1610 441 1625 nu-

253 1633 320 1660 penit.

286 2375 396 2397 Clausulas
406 2374 443 2396 lm-

259 2403 291 2424 lus
302 2403 371 2423 bullae
383 2407 446 2429 prae-

259 2430 377 2458 servativa»

259 2458 324 2481 pouit.

407 2434 444 2455 ap.

455 394 547 434 libns‚
565 393 788 437 superioribus
800 398 826 424 et
847 392 996 436 praelatis
1009 391 1192 426 huiusmodi

454 448 483 479 in
511 447 768 491 quibuscumque
797 445 876 478 locis
907 445 1133 486 existentibus,
1157 456 1192 479 ac

453 506 563 532 contra
589 509 811 543 quoscumque
836 499 1013 542 religiosos,
1034 504 1066 532 ut
1093 509 1189 543 prae-

452 554 571 595 fertur,·
586 559 761 597 exemptos,
786 559 888 586 motas
910 559 936 586 et
957 554 1132 598 pendentes
1152 553 1190 586 ad

451 617 510 640 nos
524 607 637 655 harum
656 607 737 641 serie
754 617 935 648 avocamus,
953 617 1069 651 easque
1081 617 1192 640 omnes

452 661 482 693 in
501 666 586 694 statu
607 666 635 694 ct
659 660 813 702 terminis,
839 661 868 694 in
892 661 1009 705 quibus
1030 661 1068 693 de
1092 671 1192 704 prae-

451 715 531 748 senti
553 714 772 759 reperiuntur,
791 714 889 758 ipsius
902 714 1068 758 pravitatis
1086 714 1192 758 lnqui-

451 767 603 801 sitoribus
624 767 670 801 vel
697 767 873 801 Ordinariis
894 767 1039 801 locorum
1063 766 1192 800 vicinio-

452 821 542 854 ribus
563 821 781 854 terminandas
803 820 1044 854 committimus.

498 875 514 917 ἕ
536 874 566 907 5.
591 874 760 907 Praeterea
782 874 858 918 ipsis
881 874 1106 916 generalibus,
1134 884 1189 907 su-

453 927 635 971 perioribus
667 933 695 960 et
728 927 880 971 praelatis
911 927 977 971 pari
1004 926 1192 961 auctoritaie

453 981 670 1025 praecipimus
699 987 793 1025 atque
820 981 1010 1014 mandamus
1027 986 1062 1013 ut
1082 990 1193 1013 omnes

452 1044 622 1077 processus
647 1040 676 1067 et
704 1039 774 1066 acta
806 1044 974 1067 causarum
1007 1033 1191 1066 huiusmodi

452 1087 698 1131 Inquisitoribus
730 1097 784 1120 seu
813 1087 990 1120 Ordinariis
1021 1086 1193 1131 praedictis

451 1140 626 1185 respective
652 1140 817 1174 remittant
838 1146 865 1173 et
893 1140 1100 1182 consignent:
1116 1149 1192 1172 nec.-

452 1204 515 1227 non
536 1194 746 1238 professores,
771 1194 883 1227 fratres
904 1200 932 1227 et
956 1193 1123 1236 religiosos
1140 1204 1192 1226 su-

451 1248 625 1292 pt‘adictOS,
642 1257 722 1292 quos
741 1247 881 1280 haeresis
899 1247 970 1279 labe
992 1247 1125 1280 infectos
1146 1247 1191 1280 vel

451 1307 629 1347 suspecto&
650 1301 745 1335 etiam
758 1300 789 1333 in
800 1300 992 1341 visitatione,
1013 1311 1081 1333 esse
1098 1310 1194 1333 nove-

453 1355 528 1397 rint,
546 1355 667 1399 absque
687 1355 749 1387 alia
770 1354 1003 1387 consultatione
1026 1364 1097 1387 eum
1120 1364 1211 1398 pro-⁴

453 1409 532 1453 priis
546 1408 768 1453 superioribus
783 1408 939 1448 facienda,
957 1408 1077 1441 eisdem
1092 1408 1211 1450 Inqui-¹

454 1462 607 1496 sitoribus
628 1462 675 1495 vel
696 1462 872 1495 Ordinariis
893 1462 1037 1494 locorum
1062 1460 1193 1495 vicinio-

455 1516 543 1548 ribus
561 1515 736 1560 respective
757 1515 965 1548 denuncient.

500 1568 559 1612 §si
577 1569 667 1608 Quod
682 1569 707 1602 si
721 1569 887 1611 generales
905 1569 1024 1612 aliique
1039 1567 1194 1611 praedicti

455 1622 679 1668 praesentibus
707 1622 820 1655 litteris
848 1632 910 1654 non
932 1621 1118 1665 paruerint,
1143 1632 1196 1654 eos

456 1686 569 1710 omnes
589 1675 777 1720 privationis
795 1685 1075 1719 quarumcumque
1093 1674 1196 1717 digni—

456 1736 556 1764 tatum
578 1740 632 1763 scu
654 1729 910 1774 praelaturarum
938 1729 984 1762 vel
1012 1728 1194 1762 officiorum

454 1793 586 1817 suorum
619 1782 799 1823 Ordinum,
827 1793 863 1815 ac
896 1782 981 1816 vocis
1015 1781 1135 1815 activae
1167 1787 1194 1814 ct

453 1837 619 1881 passivae,
647 1841 888 1881 perpetuaeque
922 1834 1130 1868 inhabilitatis
1157 1834 1196 1867 ad

454 1890 590 1931 eadem,
622 1900 748 1923 necnon
774 1894 886 1923 contra
921 1889 1061 1922 fautores
1085 1888 1196 1921 baere-

455 1943 593 1977 ticorum
619 1948 648 1977 et
667 1942 876 1987 impeditores
897 1942 993 1975 oflicii
1016 1947 1147 1975 statutas
1168 1947 1215 1974 et,

455 1996 593 2030 inlliotas
610 2001 741 2040 poenas,
761 1995 903 2040 aliasque
923 2005 1073 2028 censuras
1095 1995 1197 2028 cccle-

455 2049 612 2090 siasticas,
645 2049 740 2082 etiam
762 2048 1104 2082 excommunicationis
1125 2058 1194 2081 ma—

456 2102 534 2136 ioris
561 2103 643 2136 latae
675 2101 872 2142 sententiae,
897 2112 912 2134 a
943 2111 1005 2145 qua
1033 2100 1159 2133 nonnisi
1181 2111 1197 2133 a

456 2155 549 2189 nobis
563 2156 610 2189 vel
622 2166 639 2188 a
650 2156 797 2189 Romano
810 2154 965 2188 Pontifice
979 2163 1038 2198 pro
1053 2159 1198 2198 tempore

457 2209 622 2250 existente,
639 2215 865 2253 praeterquam
883 2208 912 2241 in
925 2208 1037 2241 mortis
1052 2207 1199 2248 articulo,

458 2262 672 2296 absolutionis
685 2261 878 2296 beneficium
895 2261 1017 2294 valeant
1040 2260 1196 2301 obtinere,

459 2326 497 2350 eo
518 2316 588 2360 ipso
610 2315 793 2349 incurrisse.

504 2371 520 2412 Ξ
543 2369 572 2402 7.
595 2370 725 2403 Necnon
751 2373 935 2412 praesentes
964 2367 1087 2401 litteras
1108 2367 1200 2410 (licet

460 2423 637 2466 generales,
652 2422 834 2466 superiores
846 2426 875 2454 et
886 2421 1020 2465 praelati
1033 2419 1199 2464 praedicti,

460 2481 515 2510 aut
534 2475 731 2521 quicumque
760 2474 812 2508 alii
845 2474 955 2518 quavis
986 2473 1196 2513 auctoritate,

460 2529 614 2572 dignitate
627 2528 675 2562 vel
697 2527 806 2562 officio
827 2538 882 2570 seu
903 2527 1025 2561 bonore
1043 2527 1200 2569 fulgentes

460 2582 492 2615 in
513 2581 697 2626 praemissis
711 2580 957 2626 quomodolibet
977 2580 1129 2613 interesse
1142 2579 1198 2613 ba-

460 2635 572 2670 bentes
591 2636 639 2669 vel
661 2635 779 2669 babere
799 2634 1046 2679 praetendentes
1072 2634 1111 2666 ad
1137 2633 1200 2667 boc

461 2689 560 2723 vocati
582 2699 645 2723 non
675 2688 805 2731 fuerint)
829 2698 955 2732 semper
984 2693 1012 2722 et
1042 2692 1199 2731 perpetuo

1029 291 1213 316 BUIAEARWM
1236 291 1388 316 ROMANL'M

1229 339 1348 373 validas
1369 346 1396 372 et
1420 338 1565 372 efficaces
1583 338 1728 380 existere,
1742 349 1879 384 suosque
1899 340 1966 384 ple-

1229 393 1335 425 narios
1353 399 1379 425 ct
1402 392 1543 435 integros
1563 392 1693 425 etfcctus
1711 392 1815 425 sortiri
1834 398 1863 426 et
1881 393 1964 426 obti-

1228 456 1314 486 nere,
1332 457 1368 479 ac
1388 446 1427 479 ab
1441 445 1591 478 omnibus
1609 445 1836 479 inviolabiliter
1856 446 1965 480 obser-

1227 500 1309 539 vari:
1332 500 1440 543 sicque
1468 510 1525 543 per
1550 509 1772 544 quoscumque
1793 499 1914 533 iudices
1934 505 1965 534 et

1227 552 1485 593 commissarios,
1521 552 1631 596 quavis
1662 553 1850 587 auctoritate
1887 552 1961 587 fun-

1226 612 1346 649 gentes,
1364 606 1458 639 etiam
1478 612 1605 640 sanctae
1623 606 1786 640 Romanae
1805 599 1965 641 Ecciesiae

1225 660 1404 693 cardinales
1424 660 1561 703 (sublata
1580 659 1624 693 eis
1641 665 1672 693 et
1696 670 1808 694 eorum
1834 659 1963 694 cuilibet

1226 714 1335 758 quai-is
1360 714 1452 747 aliter
1482 714 1644 748 iudicandi
1672 720 1703 748 et
1733 713 1963 759 interpretandi

1226 767 1374 800 facultate
1394 773 1422 801 et
1445 767 1653 811 auctoritate)
1675 767 1807 801 iudicari
1829 773 1860 802 et
1883 766 1963 802 defi-

1227 821 1287 853 niri
1309 821 1446 859 debere,
1468 821 1592 855 irritum
1619 830 1748 866 quoque
1775 827 1804 855 et
1827 821 1920 854 inane
1939 821 1964 854 si

1227 885 1317 908 secus
1337 875 1495 919 superbis
1509 886 1525 908 a
1539 885 1717 919 quoquam,
1733 874 1843 920 quavis
1857 880 1966 909 aucto-

1228 928 1330 969 ritate,
1351 928 1489 961 scienter
1507 928 1553 962 vel
1576 928 1773 971 ignoranter,
1795 927 1965 971 contigerit

1227 981 1388 1021 attentari,
1409 981 1614 1014 decernimus
1635 987 1663 1014 et
1686 981 1895 1015 declaramus.

1273 1036 1289 1075 ξ
1311 1033 1340 1067 8.
1364 1034 1431 1068 Non
1455 1035 1656 1068 obstantibus
1676 1035 1838 1079 praedicta
1853 1034 1966 1079 etqui-

1229 1088 1333 1120 bnsvis
1355 1088 1423 1120 aliis
1444 1088 1726 1122 constitutionibus
1740 1094 1766 1121 et
1783 1088 1962 1123 ordinatio-

1228 1140 1320 1173 nibus
1333 1140 1516 1184 apostolicis
1528 1151 1651 1174 necnon
1666 1141 1821 1175 Ordinum
1836 1140 1967 1175 etlnsti-

1230 1199 1368 1226 tutorum
1385 1203 1678 1237 quorumcumque,
1694 1194 1885 1235 iuramento,
1895 1204 1968 1227 con-

1229 1246 1411 1280 firmatione
1425 1247 1600 1291 apostolica
1614 1248 1661 1281 vel
1684 1247 1794 1291 quavis
1815 1247 1976 1282 firmitate*

1228 1300 1288 1333 alia
1304 1300 1474 1341 roboratis,
1485 1300 1608 1334 statutis
1623 1306 1651 1334 et
1666 1300 1964 1342 consuetudinibuS,

1229 1353 1400 1397 privilegiis
1414 1363 1555 1398 quoquc,
1570 1353 1701 1387 indultis
1713 1359 1743 1387 et
1756 1353 1867 1388 litteris
1880 1364 1969 1398 apos-

1230 1406 1353 1447 tolicis,
1377 1407 1471 1440 etiam
1504 1407 1594 1440 Mare
1614 1406 1770 1450 ,tlaqmtm
1787 1434 1794 1448 ‚
1818 1407 1864 1440 vel
1890 1406 1968 1441 alias

1229 1460 1472 1503 quomodolil.›et
1491 1459 1695 1504 nuncupatis,
1709 1459 1828 1493 eisdem
1843 1459 1968 1494 Ordini-

1230 1514 1297 1555 bus,
1315 1523 1492 1556 eorumque
1510 1513 1728 1555 generalibus,
1748 1513 1968 1558 superi0ribus

1230 1572 1258 1598 et
1280 1566 1431 1609 praelatis
1451 1576 1487 1598 ac
1508 1566 1666 1610 personis,
1690 1566 1786 1599 etiam
1801 1576 1859 1610 per
1873 1567 1968 1610 quo‘s-

1211 1630 1213 1637 ·
1230 1630 1367 1662 cumque
1382 1620 1541 1653 Romanos
1554 1619 1726 1652 Pontifices
1743 1620 1969 1663 praedecesso-

1233 1683 1280 1705 res
1302 1678 1439 1712 nostros,
1454 1681 1493 1705 ac.
1505 1672 1619 1705 Sedent
1641 1672 1852 1716 praedictam,
1869 1677 1899 1706 et
1911 1682 1970 1717 per

1231 1736 1288 1759 nos
1313 1726 1425 1770 quovis
1454 1726 1550 1759 niodo
1578 1726 1748 1766 concessis,
1772 1725 1969 1760 confirmatis

1231 1785 1259 1812 et
1279 1779 1399 1812 iteratis
1417 1779 1538 1812 vicibus
1556 1779 1742 1823 approbatis
1756 1785 1783 1812 et
1798 1779 1965 1814 innovatis.

1230 1832 1350 1872 Quibus
1367 1841 1403 1864 ac,
1421 1831 1490 1865 aliis
1507 1831 1668 1873 omnibus,
1689 1842 1771 1876 quae
1791 1831 1969 1876 praesenti-

1232 1886 1290 1918 bus
1302 1885 1547 1929 quomodolibet
1560 1885 1686 1919 obstare
1698 1885 1969 1930 possent,etiarnsi

1232 1940 1270 1972 de
1292 1939 1370 1979 illis,
1395 1949 1574 1983 eorumque
1602 1939 1674 1973 totis
1702 1938 1866 1973 tenoribus
1892 1948 1966 1984 spe-

1232 1993 1329 2033 cialis,
1353 1992 1503 2037 specifica
1525 1999 1554 2026 ct
1576 2003 1723 2037 expressa
1748 2003 1784 2027 ac
1805 1991 1971 2027 individua

1232 2053 1259 2080 et
1282 2047 1320 2079 de
1342 2046 1440 2080 verbo
1466 2046 1504 2080 ad
1531 2046 1679 2093 verbum,
1698 2056 1762 2080 non
1787 2051 1892 2081 autem
1912 2055 1972 2091 per

1232 2100 1390 2133 clausulas
1420 2099 1586 2142 generales
1616 2100 1700 2133 idem
1734 2099 1967 2144 importantes,

1233 2152 1352 2186 mentio
1362 2162 1418 2186 seu
1428 2152 1558 2196 quaevis
1571 2152 1632 2186 alia
1643 2152 1803 2197 expressio
1812 2151 1971 2194 habenda,

1233 2211 1285 2239 aut
1308 2205 1416 2249 aliqua
1442 2205 1504 2238 alia
1535 2204 1691 2249 exquisita
1714 2205 1817 2239 forma
1843 2204 1883 2239 ad
1909 2203 1971 2239 hoc

1233 2259 1389 2293 servanda
1411 2259 1502 2299 foret,
1526 2268 1639 2292 eorum
1655 2263 1781 2292 tenores
1797 2268 1857 2302 pro
1876 2257 1971 2302 plene

1234 2318 1263 2346 et
1291 2312 1490 2346 sufficienter
1517 2311 1740 2356 praesentibus
1766 2310 1922 2356 expressis
1941 2316 1973 2346 et

1235 2365 1374 2399 totaliter
1398 2365 1524 2399 insertis
1554 2365 1730 2406 babentes,
1755 2364 1817 2398 illis
1841 2364 1919 2398 alias
1939 2363 1972 2398 in

1233 2429 1291 2453 suo
1314 2419 1430 2452 robore
1450 2418 1682 2463 permansuris,
1702 2418 1762 2452 bac
1781 2417 1850 2452 vice
1870 2417 1967 2452 dum-

1234 2479 1316 2506 taxat
1334 2472 1515 2517 specialiter
1541 2479 1571 2506 et
1595 2480 1742 2517 expresse
1763 2471 1968 2515 derogamus,

1234 2526 1433 2570 caeterisque
1454 2525 1624 2560 contrariis
1644 2525 1912 2569 quibuscumque.

1278 2581 1294 2622 ἓ
1316 2580 1345 2613 9.
1369 2579 1409 2613 Ut
1435 2584 1541 2613 autem
1572 2583 1756 2623 praesentes
1782 2577 1910 2612 litterae
1930 2577 1971 2612 ad

1234 2633 1377 2667 omnium
1403 2632 1548 2666 notitiam
1576 2631 1786 2673 deducantur,
1809 2640 1889 2665 neve
1911 2630 1970 2665 ali-

1234 2686 1305 2730 quis
1326 2685 1538 2729 ignorantiam
1561 2694 1670 2720 earum
1688 2685 1899 2729 praetendere
1916 2688 1969 2718 aut

1975 290 2022 320 An.
2039 290 2069 320 C.
2088 291 2148 326 tt„
2198 292 2199 295 ’

2006 1043 2115 1066 etnusutn
2126 1056 2129 1062 Α
2171 1059 2174 1063 .

1980 1071 2098 1119 ἳῖξιιοτίιι
2127 1073 2143 1089 ’π

2005 2580 2101 2603 Forum

1984 2609 2082 2638 tectump
2110 2630 2113 2632 ,
2139 2628 2151 2634 m

1984 2637 2047 2682 aqizi·
2061 2637 2100 2661 pn
2182 2666 2183 2670 Ἰ
2210 2654 2211 2657 ,
