2227 3241
196 257 249 285 An.
270 257 300 285 c.
316 257 387 285 1606
432 248 497 282 374

396 306 450 351 qui
472 306 552 339 iusta
572 305 754 349 petentibus
778 309 924 338 nostrum
949 313 1014 337 non
1040 304 1136 338 dene-

396 369 508 403 gamus
528 368 692 392 assensum
707 386 714 400 ,
735 363 881 392 senatum
904 363 935 391 et
955 357 1136 392 communi-

397 419 474 446 tates
494 412 675 457 praedictos
700 412 893 457 specialibus
918 411 1079 446 favoribus
1105 417 1137 445 et

396 466 506 509 gratiis
534 466 685 510 prosequi
712 465 869 507 volentes,
895 476 931 498 ac
958 465 1136 508 singulares

396 519 539 553 eiusdem
557 525 685 553 senatus
705 529 859 564 personas
873 530 891 552 a
907 518 1072 563 quibusvis
1086 529 1137 551 ex-

397 573 722 614 communicationis,
747 572 967 618 suspensionis
987 577 1018 606 et
1038 572 1135 605 inter·

397 626 484 668 dicti,
498 626 632 670 aliisque
645 626 866 660 ecclesiasticis
879 625 1055 667 sententiis,
1069 636 1137 659 cen-

397 680 479 713 suris
499 686 530 714 et
548 680 673 724 poenis,
698 690 716 713 a
736 680 805 713 iure
834 680 883 713 vel
913 680 952 712 ab
981 679 1133 720 homine,

397 734 507 778 quavis
527 733 695 767 occasione
721 733 767 767 vel
789 735 885 767 causa
909 733 990 774 latis,
1013 732 1038 766 si
1060 732 1134 777 qui-

396 787 456 820 bus
476 787 721 831 quomodolibet
736 786 908 820 innodatae
922 786 1069 827 existunt,
1082 786 1138 819 ha-

396 850 468 873 rum
490 840 573 874 serie
601 840 801 874 absolventes
826 845 856 873 et
880 840 1044 874 absolutos
1069 840 1137 873 fore

397 900 573 936 censentes,
590 894 775 928 huiusmodi
790 893 1082 938 supplicationibus
1096 894 1139 927 in-

398 948 518 989 clInati,
538 948 577 982 de
594 948 728 982 consilio
747 947 980 981 venerabilium
1003 948 1136 981 fratrum

397 1007 581 1036 nostrorum
603 1002 633 1036 S.
665 1002 701 1035 R.
731 1001 765 1034 E.
800 1001 1013 1035 cardinalium
1045 1003 1140 1045 super

398 1055 688 1089 consultationibus
702 1059 733 1089 et
749 1055 886 1098 negotiis
906 1055 1137 1099 Episcoporum

399 1114 430 1141 et
446 1108 656 1151 Regularium
679 1108 906 1152 deputatorum
922 1135 929 1149 ,
950 1107 1139 1141 fraternitati

399 1167 482 1204 tuae,
496 1172 555 1206 per
567 1167 751 1206 praesentes
765 1161 996 1194 committimus
1007 1166 1036 1194 et
1051 1171 1140 1194 man-

398 1215 522 1256 damus,
542 1221 577 1248 ut
595 1215 633 1249 de
650 1214 834 1259 praemissis
853 1220 883 1248 te
903 1214 1074 1257 diligenter
1094 1215 1140 1247 in-

399 1268 529 1310 formes,
553 1274 593 1310 et,
613 1269 639 1303 si
657 1279 714 1313 per
739 1267 1000 1302 informationem
1021 1268 1137 1302 huius-

399 1322 487 1356 modi
500 1333 613 1367 preces
634 1322 757 1356 veritati
774 1321 834 1354 niti
855 1322 1025 1366 repereris,
1044 1333 1141 1366 super

399 1387 463 1421 quo
478 1382 563 1410 tuam
579 1376 807 1411 conscientiam
827 1386 1012 1417 oneramus,
1029 1387 1140 1410 omnes

400 1437 431 1464 et
450 1431 594 1474 singulos
607 1436 771 1465 senatores
784 1429 964 1474 praedictos
978 1439 995 1463 a
1006 1430 1140 1474 quibus-

401 1495 539 1529 cumque
567 1485 709 1519 censuris
734 1490 765 1518 et
784 1484 897 1528 poenis
918 1483 1140 1517 ecclesiasticis

400 1544 534 1582 propter
554 1538 732 1582 praemissa
751 1538 859 1571 forsan
877 1537 1013 1571 incursis
1030 1542 1140 1570 aucto-

400 1591 495 1625 ritate
519 1593 629 1624 nostra
653 1590 829 1635 apostolica
858 1591 889 1624 in
914 1596 1050 1635 utroque
1071 1590 1140 1624 foro

401 1644 540 1688 gratiose
553 1645 698 1678 absolvas
712 1651 743 1678 et
754 1645 884 1685 liberes,
905 1655 942 1678 ac
956 1645 1016 1678 illis
1030 1655 1141 1679 omnes

401 1703 432 1732 et
451 1698 593 1741 singulos
606 1699 737 1739 fructus,
754 1698 898 1732 redditus
919 1704 950 1732 et
969 1704 1141 1743 proventus

401 1762 438 1785 ex
462 1752 636 1796 praedictis
656 1751 748 1785 bonis
772 1762 830 1796 per
855 1751 926 1785 illos
951 1757 1138 1796 perceptos,

401 1811 432 1839 et
451 1805 483 1838 in
505 1815 728 1850 quoscumque
752 1816 828 1838 usus
846 1805 950 1839 licitos
972 1815 1142 1839 conversos

401 1859 546 1892 remittas
569 1864 599 1892 et
625 1859 808 1899 condones:
837 1869 872 1892 ac
897 1864 1064 1903 praeterea
1088 1870 1141 1893 su-

401 1912 563 1957 pradictas
589 1912 816 1946 conventiones
842 1923 899 1956 per
920 1912 1039 1946 dictum
1061 1912 1143 1957 epis-

402 1976 518 2010 copum
534 1976 605 1999 cum
621 1965 734 1999 eodem
753 1970 865 1999 senatu
885 1965 990 2007 initas,
1005 1971 1034 1999 et
1049 1976 1142 2010 quas-

402 2029 541 2063 cumque
579 2019 754 2063 scripturas
790 2019 929 2063 desuper
964 2019 1142 2053 celebratas

403 2083 475 2107 cum
496 2073 597 2117 pactis
622 2078 651 2106 et
672 2072 913 2107 conditionibus
933 2073 965 2106 in
986 2072 1048 2107 illis
1067 2083 1142 2107 con-

402 2127 507 2168 tentis,
528 2127 706 2161 dummodo
725 2132 832 2160 tamen
853 2127 916 2161 sint
933 2127 1019 2161 licita
1039 2133 1070 2160 et
1089 2127 1143 2161 ho-

402 2186 494 2214 nesta
518 2190 554 2214 ac
571 2180 669 2214 sacris
686 2180 865 2214 canonibus
885 2190 950 2214 non
972 2180 1142 2215 adversen-

402 2239 465 2275 tur,
485 2233 597 2267 eadem
629 2233 821 2267 auctoritate
847 2236 956 2268 nostra
984 2239 1142 2278 perpetuo

403 2286 577 2321 confirmes
594 2293 624 2320 et
637 2287 808 2331 approbes,
829 2287 955 2332 illisque
968 2293 1143 2332 perpetuae

404 2346 435 2374 et
448 2339 642 2374 inviolabilis
655 2340 850 2384 apostolicae
863 2340 1024 2374 firmitatis
1044 2341 1143 2375 robur

404 2393 547 2433 adiicias,
571 2403 607 2426 ac
628 2403 739 2427 omnes
760 2399 791 2427 et
810 2393 955 2436 singulos
975 2400 1039 2427 tarn
1065 2394 1143 2428 iuris

404 2457 499 2492 quam
518 2446 591 2480 facti
612 2447 765 2488 defectus,
786 2446 811 2480 si
830 2447 884 2491 qui
902 2447 934 2480 in
956 2447 1074 2481 eisdem
1094 2448 1143 2481 in-

405 2500 611 2542 tervenerint,
625 2501 785 2545 suppleas,
802 2500 845 2534 ita
858 2506 894 2534 ut
906 2507 1036 2535 senatus
1049 2511 1142 2545 prae-

405 2553 508 2588 dictus
528 2559 560 2588 et
576 2554 754 2597 singulares
774 2553 858 2588 illius
877 2550 1046 2598 personae,
1066 2554 1090 2588 si
1111 2560 1142 2588 et

346 2651 350 2654 ι
404 2613 575 2651 postquam
597 2607 826 2641 conventiones
845 2608 1026 2652 praedictas
1040 2607 1141 2641 adim-

405 2661 571 2705 pleverint,
592 2662 624 2695 in
645 2661 840 2696 conscientia
860 2661 919 2696 tuti
938 2668 1137 2705 remaneant,
1156 2671 1306 2699 iAnastasii
1326 2670 1369 2706 lv,
1392 2671 1585 2706 Christianae,
1601 2673 1665 2698 tom.
1682 2676 1699 2700 ii
1720 2678 1780 2707 pag.
1794 2670 1856 2698 6¹8.

972 256 1067 280 BULLA
1073 254 1150 280 RIUM
1176 255 1328 280 ROMANUM

1150 341 1158 372 l

2137 224 2141 231 v
2172 227 2173 232 i

2137 263 2141 270 A

1917 253 1970 281 An.
1991 252 2020 280 c.
2037 249 2131 290 iens-,j
2212 249 2224 273 t

1169 314 1273 348 neque
1294 303 1333 337 ad
1354 302 1443 336 aliud
1463 302 1632 336 occasione
1655 302 1905 347 praemissorum
2123 290 2173 339 ,ἶ
2213 308 2227 349 xj

1170 368 1228 402 pro
1249 356 1475 391 exoneratione
1500 355 1769 390 conscientiarum
1794 365 1905 390 eorum
2102 335 2173 407 3⁴!ss
2213 346 2227 390 ἴα

1170 415 1351 445 teneantur.
1903 449 1908 454 .
2118 402 2176 468 :gt
2212 394 2227 452 {3

1214 466 1230 506 ἕ
1251 463 1281 497 3.
1305 464 1375 498 Non
1400 463 1622 504 obstantibus,
1650 468 1808 507 quatenus
1828 472 1908 507 opus
1936 459 2173 508 ommatium-T&
2212 452 2227 493 ἓ

1169 517 1219 559 sit,
1244 517 1343 551 felicis
1367 516 1600 551 recordationis
1624 516 1715 550 Pauli
1740 516 1844 561 Papae
1870 515 1908 550 IV
1923 505 2044 529 qu⁰¹⁰‘⁰¹¹³'
2129 485 2175 573 ᾗ
2213 502 2226 521 ⁶

1171 577 1200 604 et
1220 571 1357 604 aliorum
1375 571 1595 604 Romanorum
1609 569 1800 604 Pontificum
1817 579 1910 614 prae·
2135 567 2175 618 ζ

1171 625 1375 658 decessorum
1390 629 1575 658 nostrorum
1591 624 1630 658 de
1642 623 1738 657 rebus
1749 622 1909 657 Ecclesiae
2132 614 2177 671 ζξ

1171 688 1235 711 non
1256 678 1446 718 alienandis,
1469 678 1603 722 aliisque
1627 676 1911 712 constitutionibus
2140 669 2177 734 {fiij

1172 737 1202 765 et
1223 731 1482 765 ordinationibus
1511 731 1695 776 apostolicis
1710 758 1717 771 ,
1741 740 1777 764 ac
1808 729 1911 764 eccle·
2135 726 2177 773 ‘gfff

1171 786 1290 819 siarum
1306 791 1336 819 et
1350 785 1535 819 monasterii
1549 784 1803 829 praedictorum,
1815 783 1910 818 etiam
2132 776 2177 834 ξ’

1172 839 1365 881 iuramento,
1390 839 1637 873 confirmatione
1657 837 1844 883 apostolica,
1863 836 1912 871 vel
2138 820 2177 911 {l

1172 894 1282 937 quavis
1300 893 1453 926 firmitate
1471 893 1532 926 alia
1551 893 1721 934 roboratis,
1741 891 1869 926 statutis
1882 896 1913 925 et

1173 946 1470 989 consuetudinibus,
1498 946 1674 991 privilegiis
1699 956 1839 991 quoque,
1862 945 1912 978 in-

1173 1000 1270 1033 dultis
1291 1005 1322 1034 et
1336 1000 1449 1034 litteris
1468 999 1652 1044 apostolicis
1667 999 1698 1032 in
1712 997 1910 1033 contrarium

1172 1054 1425 1098 praemissorum
1457 1053 1703 1098 quomodolibet
1729 1051 1910 1092 concessis,

1174 1107 1371 1141 confirmatis
1392 1113 1422 1141 et
1442 1107 1638 1152 approbatis.
1662 1106 1783 1146 Quibus
1803 1105 1910 1140 omni-

1174 1161 1232 1195 hus
1253 1167 1281 1195 et
1299 1161 1444 1205 singulis,
1469 1172 1581 1195 eorum
1598 1167 1724 1195 tenores
1737 1160 1914 1206 praesenti-

1174 1215 1232 1249 bus
1245 1226 1304 1260 pro
1319 1215 1475 1259 expressis
1488 1215 1655 1256 habentes,
1668 1215 1728 1248 hac
1740 1215 1808 1248 vice
1821 1214 1914 1248 dum-

1173 1274 1258 1302 taxat
1277 1269 1460 1313 specialiter
1480 1275 1511 1303 et
1530 1280 1676 1314 expresse
1696 1269 1891 1312 derogamus
1903 1295 1910 1309 ‚

1174 1322 1373 1367 caeterisque
1393 1323 1561 1357 contrariis
1582 1323 1850 1368 quibuscumque.

1218 1377 1331 1410 Datum
1353 1377 1475 1411 Romae
1503 1377 1589 1422 apud
1613 1382 1757 1411 sanctum
1783 1376 1912 1410 Petrum

1173 1429 1232 1463 sub
1261 1430 1381 1464 annulo
1412 1430 1581 1464 Piscatoris
1609 1430 1661 1464 die
1685 1440 1747 1464 xxx
1771 1428 1914 1464 octobris

1173 1492 1281 1524 mnevi,
1305 1483 1511 1527 pontificatus
1536 1483 1638 1518 nostri
1659 1493 1744 1517 anno
1764 1493 1799 1517 ιι.

1209 1544 1267 1572 Dat.
1289 1545 1333 1573 die
1352 1544 1386 1572 30
1406 1545 1525 1574 octobris
1546 1545 1624 1580 1606,
1646 1544 1741 1581 pontif.
1763 1553 1807 1573 an.
1824 1551 1851 1572 11.

1500 1709 1588 1742 LXII.

1177 1805 1279 1847 Quod,
1308 1806 1342 1839 in
1356 1805 1560 1850 promotione
1583 1815 1800 1850 personarum
1823 1805 1913 1839 Mili-

1221 1860 1285 1892 tiae
1304 1864 1332 1892 et
1354 1859 1526 1903 hospitalis
1550 1860 1656 1893 sancti
1682 1859 1818 1893 loannis
1836 1859 1915 1893 Hie-

1218 1912 1450 1956 rosolymitani
1466 1912 1509 1946 ad
1527 1923 1680 1956 maynam
1700 1923 1836 1954 crucem,
1857 1913 1915 1946 ha-

1221 1965 1334 1999 beatur
1359 1967 1445 1999 ratio
1472 1967 1664 2000 meritorum
1684 1967 1791 2010 mayis
1814 1976 1915 2010 quam

1220 2019 1434 2053 antianitatz's
1468 2019 1761 2064 promovendorum
1777 2047 1786 2061 ,
1821 2020 1916 2054 iuoela
1962 2024 1968 2030 '

1220 2072 1325 2107 dictae
1341 2073 1522 2117 Reliqionis
1541 2077 1703 2107 statutum
1720 2074 1765 2108 De
1785 2073 1915 2108 electio-

1220 2127 1325 2167 nibus,
1353 2127 1382 2160 si
1407 2131 1450 2161 esc
1474 2127 1509 2160 in
1535 2127 1629 2161 usu'.

1176 2224 1300 2253 Dilectis
1316 2225 1387 2253 filiis
1403 2225 1547 2260 magistro
1564 2228 1599 2266 et,-
1610 2224 1736 2253 consilio
1752 2224 1914 2260 hospitalis

1283 2268 1380 2297 sancti
1401 2269 1522 2297 Ioannis
1539 2269 1802 2304 Hierosolymitani

1417 2314 1529 2341 Paulus
1549 2314 1629 2348 Papa
1643 2315 1675 2341 V.

1449 2386 1558 2414 Dilecti
1575 2385 1639 2419 filii,

1221 2432 1351 2459 salutem
1365 2434 1396 2459 et.
1410 2431 1605 2465 apostoticam
1620 2430 1867 2458 benedictionem.

1220 2495 1236 2536 ξ
1257 2491 1287 2526 l.
1308 2492 1499 2537 Accepimus
1514 2519 1521 2533 ‚
1545 2491 1629 2526 inter
1658 2492 1719 2525 alia
1739 2491 1913 2526 laudabilia
1958 2514 2043 2536 smum
2057 2512 2110 2534 vd,

1174 2550 1293 2580 statuta
1306 2544 1394 2579 istius
1408 2545 1573 2590 hospitalis
1586 2545 1686 2578 sancti
1703 2544 1831 2579 loannis
1844 2544 1913 2579 Hie·
1926 2539 2111 2589 52502532¹32¹5,22;
2146 2544 2161 2582 ζ’
2186 2533 2192 2596 l

1211 2628 1221 2654 1
1245 2626 1282 2654 De
1297 2627 1350 2654 hac
1373 2625 1492 2662 regulari
1512 2625 1603 2653 Militia
1622 2625 1683 2653 vide
1702 2625 1729 2652 in
1749 2625 1862 2654 Constit.
1878 2632 1912 2653 xv
