2227 3241
60 241 110 270 An.
127 242 158 270 C.
179 241 248 269 1603

97 940 215 967 Episcopus
223 945 244 960 a·

59 968 90 989 lia
100 968 170 988 adhuc
180 967 246 988 dubia

61 995 167 1021 proponit.

872 243 1011 267 CLI-:attins
1036 243 1091 267 t‘tlt
1118 244 1162 267 ΡΡ.

259 301 332 325 cere
357 291 406 325 vel
422 290 457 325 in
476 290 617 335 generali
631 290 826 332 visitatione,
842 290 890 324 vel
907 296 1003 335 prout

260 344 374 378 melius
393 344 453 379 sibi
478 345 646 379 videbitur.

304 398 394 433 Circa
412 404 575 442 quartum,
591 397 782 442 episcopum
800 407 892 441 posse
909 396 941 430 id
958 397 1002 430 fa-

260 463 342 493 cere,
361 452 401 485 ad
419 452 595 486 tollendum
621 451 822 491 scandalum,
843 450 891 484 vel
908 451 941 484 in
959 449 1003 483 vi-

260 504 407 539 sitatione
428 504 582 549 generali,
607 504 655 537 vel
683 510 781 548 prout
800 503 914 537 melius
942 502 1002 536 sibi

259 557 432 599 videbitur,
455 556 593 590 maxime
609 557 634 590 si
654 556 745 590 sedes
762 556 942 601 praedictae
958 555 1005 589 lo-

260 615 373 645 cantur
406 610 440 644 in
474 610 696 655 presbyterio,
727 615 823 654 prout
851 620 1004 654 praesup-

262 663 404 707 ponitur.

305 716 393 751 Circa
427 716 575 760 quintum
591 744 598 757 ,
635 721 762 761 tempus
797 715 1002 750 indefinitum

260 780 325 803 non
348 779 415 804 esse
439 769 682 804 concedendum
710 769 805 803 dictis
829 769 1003 809 canonicis,

260 823 328 864 sed,
355 823 485 858 attentis
501 823 615 857 ultimo
632 823 781 865 narratis,
803 829 932 867 tempus
951 833 1004 856 sex

260 877 420 911 mensium
441 888 534 921 posse
558 877 703 911 concedi.

306 931 322 973 ἓ
347 929 379 963 lt.
407 930 577 965 Praeterea
601 930 663 963 alia
687 929 783 964 etiam
802 929 1004 973 infrascripta

261 984 359 1018 dubia
383 983 467 1017 idem
485 984 631 1018 Nonnius
648 983 820 1027 episcopus
840 982 933 1016 nohis
950 983 1005 1016 dc-

260 1037 411 1071 claranda
433 1037 614 1082 proposuit,
641 1037 800 1071 videlicet:

305 1091 436 1132 Primo,
470 1091 503 1124 in
536 1090 655 1136 oppido
681 1091 720 1124 de
745 1090 900 1124 Abrantes
935 1101 1005 1123 eam

261 1144 472 1190 perniciosam
498 1145 716 1189 corruptelam
735 1155 792 1178 seu
810 1144 946 1178 abusum
963 1144 1006 1177 vi-

262 1209 349 1242 gere,
371 1205 406 1232 ut
431 1198 486 1242 qui
507 1197 604 1232 hodie
620 1198 652 1231 in
668 1209 730 1231 una
747 1198 897 1242 parochia
918 1197 1004 1238 vixit,

263 1250 288 1284 si
313 1252 457 1296 sequenti
482 1251 533 1284 die
558 1262 614 1284 seu
633 1251 779 1295 quolibet
795 1257 949 1295 tempore,
969 1263 1006 1285 ex

264 1315 356 1338 causa
382 1304 536 1348 qualibet,
564 1309 619 1337 aut
641 1305 761 1348 absque
786 1307 835 1345 ca,
854 1304 892 1337 ad
913 1305 1006 1338 aliam

262 1357 447 1402 parochiam
472 1357 546 1391 velit
570 1358 707 1391 transire
724 1385 731 1398 ,
760 1357 793 1390 in
828 1357 1007 1392 eademmet

263 1411 362 1444 domo
382 1421 497 1444 novam
523 1415 661 1455 portam,
686 1421 742 1444 seu
767 1421 885 1444 novum
911 1412 1007 1445 cami-

261 1473 353 1505 num,
380 1469 434 1497 aut
460 1463 567 1497 secum
591 1464 762 1505 mutando,
781 1474 819 1497 eo
836 1465 905 1508 ipso
930 1470 1002 1497 tan-

262 1521 330 1550 tum
355 1516 395 1550 ad
419 1527 515 1562 quam
548 1517 623 1550 velit
649 1517 834 1561 parochiam
863 1524 1005 1552 mutatus

263 1576 452 1612 censeatur;
478 1570 657 1615 exindeque
688 1571 765 1605 oriri
797 1577 833 1605 ut
863 1578 1004 1607 rectores

262 1630 294 1658 et
307 1624 438 1669 parochi
452 1624 595 1658 officium
616 1635 710 1658 suum
727 1625 824 1659 libere
842 1637 1001 1669 exercere,

262 1679 345 1713 male
369 1678 507 1713 viventes
531 1679 706 1713 admonere
725 1686 757 1714 et
771 1681 932 1725 corrigere
949 1692 1004 1715 ne-

262 1736 392 1776 queant,
406 1732 616 1777 decimaeque
633 1743 669 1766 ac
686 1732 831 1767 redditus
855 1734 1005 1768 ecclesia-

262 1796 334 1818 rum
359 1785 462 1819 varias
486 1786 680 1820 mutationes
705 1787 882 1831 patiantur:
912 1788 1003 1822 dubi-

261 1842 328 1871 tare
352 1837 450 1882 igitur
465 1849 506 1872 an
524 1838 708 1874 huiusmodi
722 1841 917 1875 mutationes
932 1853 1004 1886 pro-

260 1891 370 1925 hibere
394 1892 504 1935 possit.

305 1945 466 1987 Secundo,
489 1946 636 1980 eamdem
656 1947 897 1991 Egitaniensem
916 1949 1003 1984 dioc-

262 1999 358 2032 cesim
372 2000 500 2043 longam
514 2009 594 2040 esse,
613 2001 820 2045 amplamque
838 2003 1002 2038 continere

261 2053 473 2096 provinciam,
502 2064 537 2086 ac
566 2059 726 2088 trecentas
750 2056 814 2089 sere
838 2057 1000 2098 ecclesias,

261 2116 343 2149 quae
362 2105 498 2149 singulis
517 2107 609 2140 annis
626 2107 746 2141 visitari
768 2109 926 2151 solebant3
945 2121 1001 2154 pro

260 2158 367 2193 officio
396 2170 471 2193 vero
495 2159 683 2193 visitationis
707 2172 860 2205 personas
885 2168 998 2198 aucto-

260 2212 364 2254 ritate,
384 2212 540 2255 doctrina,
556 2214 728 2258 prudentia
744 2221 777 2249 et
794 2215 893 2250 literis
911 2228 1003 2261 prae-

259 2272 377 2301 stantes
393 2267 524 2308 assumi;
540 2268 703 2301 secretarii
718 2279 790 2302 vero
811 2280 866 2303 seu
885 2271 1000 2304 notarii

258 2320 447 2354 visitationis
464 2331 581 2355 munus
598 2321 692 2355 etiam
713 2323 908 2367 presbyteris
929 2325 1001 2365 vita,

259 2374 403 2408 moribus
418 2381 447 2409 et
469 2374 623 2408 fidelitate
649 2376 792 2419 probatis
812 2377 927 2411 deferri
948 2378 1001 2411 de-

258 2427 345 2469 bere3
356 2439 428 2462 cum
442 2439 515 2462 vero
527 2429 775 2472 aliquaeharum
788 2441 1000 2473 personarum

258 2481 421 2521 ecclesias,
448 2492 505 2515 seu
528 2482 588 2515 alia
612 2482 769 2516 beneficia
795 2484 1000 2518 residentiam

258 2535 453 2578 requirentia
478 2535 634 2577 habeant,
672 2547 689 2568 a
721 2536 814 2569 nohis
838 2537 1003 2571 humiliter

259 2589 450 2632 postulabat,
471 2595 505 2622 ut
528 2600 586 2634 pro
611 2589 712 2624 tribus
731 2591 779 2624 vel
804 2597 943 2635 quatuor
966 2603 1002 2625 ex

259 2641 430 2688 praedictis
448 2643 591 2689 personis
609 2654 666 2689 per
683 2654 736 2678 sex
751 2655 889 2687 menses,
911 2645 1002 2678 dum-

1037 290 1131 324 modo
1146 297 1233 324 extra
1247 291 1424 325 Adtentum
1439 296 1467 324 et
1483 290 1778 334 Quadragesimam,

1036 355 1195 387 occupare
1220 350 1344 388 posset,
1367 345 1547 378 facultatem
1572 350 1603 378 et
1625 350 1780 389 opportu-

1036 408 1110 431 nam
1133 397 1293 432 licentiam
1315 400 1492 434 concedere
1512 399 1734 443 dignaremur.

1081 451 1198 492 Tertio,
1226 452 1489 487 communitatem
1511 457 1542 486 et
1559 452 1781 496 magistratum

1037 504 1249 547 Egitaniensis
1261 504 1408 546 civitatis,
1417 506 1455 538 ab
1467 505 1690 550 antiquissimo
1702 511 1783 539 tem-

1038 567 1130 601 pore,
1159 557 1198 590 ad
1223 558 1389 592 ecclesiam
1422 559 1457 592 B.
1492 559 1608 593 Mariae
1632 559 1672 592 de
1696 559 1782 600 Aco-

1039 620 1106 650 res,
1133 620 1186 644 sex
1211 611 1401 645 milliaribus
1418 612 1466 646 vel
1487 612 1572 646 cirea
1596 611 1779 653 distantem,

1039 663 1174 707 singulis
1199 665 1291 698 annis
1315 666 1468 700 accedere
1493 666 1708 706 consuevisse,
1735 667 1783 699 vel

1039 727 1076 749 ex
1100 723 1173 751 voto
1197 717 1282 751 illius
1302 719 1436 752 civitatis
1454 721 1547 759 fact0,
1568 721 1616 753 vel
1635 730 1671 753 ex
1690 725 1784 753 testa-

1039 775 1146 803 mento
1162 771 1330 804 cuiusdam
1345 772 1499 814 mulieris,
1516 783 1597 816 quae
1615 778 1784 816 propterea

1039 823 1144 857 eidem
1180 824 1403 858 communitati
1434 832 1535 858 certas
1569 825 1783 869 possessiones

1039 887 1094 910 seu
1119 877 1248 921 praedia
1273 885 1427 922 perpetuo
1447 879 1574 922 legavit,
1590 878 1783 912 utomnium

1040 941 1126 964 nunc
1161 930 1334 965 viventium
1370 938 1402 965 et
1437 932 1596 965 maiorum
1629 932 1785 966 memoria

1041 984 1231 1018 testabatur:
1250 996 1390 1028 cumque
1404 986 1618 1019 communitas
1636 985 1749 1019 cadem
1767 997 1785 1018 a

1040 1048 1142 1082 pauco
1167 1044 1311 1082 tempore
1337 1039 1415 1072 citra
1439 1039 1478 1072 ab
1498 1038 1686 1072 huiusmodi
1711 1044 1784 1073 voto

1040 1101 1096 1124 seu
1110 1092 1289 1125 testamenti
1308 1091 1529 1126 observatione
1547 1092 1726 1133 cessaverit,
1750 1103 1785 1125 ac

1041 1155 1097 1189 per
1121 1156 1233 1179 eorum
1259 1146 1299 1179 ad
1324 1146 1443 1180 dictam
1468 1146 1636 1180 ecclesiam
1653 1157 1718 1180 non
1735 1157 1786 1179 ac-

1042 1208 1167 1232 cessum
1189 1199 1317 1233 devotio
1331 1205 1362 1233 ct
1379 1210 1552 1233 concursus
1572 1198 1716 1233 fidelium
1731 1199 1785 1233 de-

1042 1252 1187 1294 creverit,
1217 1253 1294 1297 quid
1320 1264 1411 1297 agere
1434 1260 1488 1288 aut
1514 1254 1628 1297 exequi
1654 1253 1786 1288 deberet

1042 1305 1073 1338 in
1099 1306 1281 1350 praemissis
1306 1306 1366 1340 sihi
1391 1307 1482 1351 petiit
1507 1307 1701 1350 responderi.

1084 1359 1213 1400 Quarto,
1227 1361 1384 1403 parochos
1404 1360 1617 1404 complurium
1638 1361 1785 1395 ecclesia-

1042 1423 1112 1445 rum
1131 1413 1275 1447 eiusdem
1294 1413 1448 1448 dioecesis
1470 1415 1572 1458 ipsum
1594 1415 1784 1460 episcopum

1040 1476 1133 1510 saepe
1151 1467 1364 1510 interpellare,
1378 1473 1413 1500 ut
1427 1468 1471 1500 cis
1492 1474 1601 1501 contra
1624 1469 1785 1503 molestias

1040 1520 1246 1564 Regularium
1268 1522 1307 1554 de
1332 1527 1515 1566 opportuno
1541 1523 1684 1557 remedio
1703 1535 1781 1568 pro-

1040 1573 1156 1614 videat,
1179 1585 1216 1607 ex
1237 1585 1302 1618 quo
1320 1574 1416 1609 iidem
1432 1576 1604 1619 Regulares
1618 1577 1784 1621 parochia-

1039 1637 1155 1661 norum
1179 1639 1316 1672 corpora
1340 1629 1379 1661 ad
1405 1639 1477 1663 suas
1504 1630 1653 1663 ecclesias
1682 1642 1780 1675 regu-

1038 1683 1140 1723 lares,
1168 1692 1233 1715 non
1258 1682 1378 1716 vocatis
1401 1688 1431 1716 ct
1455 1683 1594 1717 invitatis
1618 1684 1780 1728 parochis,

1039 1736 1247 1778 deserebant,
1276 1747 1311 1770 at·
1337 1736 1466 1781 insuper
1498 1738 1624 1771 tertiam
1660 1744 1782 1782 partem

1037 1789 1230 1823 funeralium
1252 1791 1410 1831 omnium,
1436 1791 1609 1835 parochiae
1627 1791 1781 1834 debitam,

1038 1844 1160 1877 solvere
1174 1844 1365 1877 recusabant
1383 1855 1418 1877 ac
1436 1845 1644 1889 usurpabant.;
1661 1857 1679 1879 a
1692 1846 1784 1880 nobis

1037 1897 1136 1941 igitur
1159 1897 1324 1931 humiliter
1348 1899 1532 1941 postulavit,
1553 1904 1585 1931 ut
1602 1899 1702 1933 dictos
1721 1900 1783 1934 Re-

1037 1951 1175 1994 gulares‚
1199 1950 1432 1995 cuiuscumque
1447 1952 1573 1985 Ordinis
1594 1953 1667 1994 sint,
1687 1953 1782 1987 etiam

1037 2004 1183 2045 Minores,
1210 2005 1417 2038 ecclesiarum
1443 2007 1599 2049 parochos
1620 2018 1733 2041 vocare
1753 2014 1781 2041 et

1037 2058 1184 2097 invitare,
1202 2065 1233 2092 et
1246 2059 1416 2103 parochiae
1435 2060 1558 2093 tertiam
1577 2067 1713 2105 partem,
1726 2073 1781 2096 seu

1037 2112 1067 2145 id
1094 2113 1179 2157 quod
1207 2114 1346 2147 tenuerit
1376 2114 1576 2148 consuetudo
1601 2116 1680 2157 loci,
1713 2117 1778 2149 sol-

1038 2176 1109 2200 vere
1130 2166 1257 2207 debere,
1272 2168 1436 2201 declarare
1451 2168 1669 2212 dignaremur:
1687 2174 1782 2213 prout

1037 2221 1067 2254 in
1093 2221 1286 2264 supradictis
1311 2222 1461 2256 omnibus
1486 2228 1516 2256 ct
1541 2223 1677 2266 singulis
1704 2223 1780 2257 dicti

1036 2274 1151 2306 Nonnii
1176 2275 1317 2319 episcopi
1343 2276 1552 2319 petitionibus
1570 2283 1601 2310 ct
1617 2278 1779 2310 consulta-

1036 2326 1176 2360 tionibus
1201 2328 1326 2371 plcnius
1351 2329 1585 2363 continebatur.

1080 2382 1096 2422 ξ
1122 2381 1152 2414 5.
1182 2382 1245 2415 Nos
1270 2382 1355 2416 circa
1385 2382 1463 2416 hacc
1496 2394 1626 2427 quoque
1655 2383 1777 2424 dubia,

1036 2445 1118 2478 quac
1131 2436 1368 2469 venerabilibus
1392 2436 1542 2470 fratribus
1565 2437 1682 2470 nostris
1696 2436 1726 2470 S.
1742 2437 1778 2470 R.

1037 2487 1070 2520 E.
1091 2488 1318 2528 cardinalibus,
1338 2501 1434 2533 super
1452 2490 1585 2533 negotiis
1604 2496 1634 2523 et
1652 2491 1779 2523 consul-

1037 2540 1216 2574 tationibus
1251 2542 1476 2586 episcoporum
1510 2548 1541 2574 ct
1579 2543 1777 2585 regularium

1037 2594 1206 2638 deputam,
1234 2596 1443 2628 examinanda
1470 2596 1707 2637 commisimus,
1735 2597 1779 2631 ita

1037 2657 1092 2692 per
1117 2654 1300 2692 praesentes
1324 2648 1554 2685 declaramus:

1701 232 1744 266 15
1791 242 1841 268 An.
1861 241 1889 268 c.
1913 241 1980 269 1603

1823 2383 1938 2404 flubiorum
1948 2390 1978 2405 re-

1795 2410 1879 2431 solutio.
