2227 3241
892 276 1014 302 PAULUS
1034 277 1053 300 v
1072 277 1123 301 1¹1³.
1661 262 1725 298 307
1771 272 1821 300 An.
1842 272 1871 301 c.
1890 273 1957 301 ¹606

238 328 327 362 sibus
342 338 400 372 per
421 338 479 361 nos
500 338 555 361 seu
576 328 690 361 Sedetn
711 325 907 370 praedictam
930 326 998 387 ἀεὶ-ι
1017 335 1127 358 versus
1153 335 1205 357 eas
1231 324 1462 367 quodcumque
1485 322 1584 362 iuris,
1609 322 1682 356 sacti
1707 322 1757 356 vel

236 382 401 425 signandis
421 382 565 415 cedateo
587 381 666 424 ipso.
996 378 1133 419 ‹grattae
1158 378 1338 411 remedium
1365 377 1550 421 impetrari,
1575 382 1630 409 aut
1655 376 1753 410 etiam

84 449 138 480 nuic
151 448 223 469 domui
282 435 299 477 Ξ
317 433 347 467 5.
373 434 509 479 Insuper
522 435 625 467 eidem
645 433 756 466 domui
779 432 930 475 regulari,
944 405 999 472 aci

39 476 223 535 llll'ffilllsals'ssg
238 498 297 532 pro
323 494 469 531 tempore
495 487 702 521 existentibus
728 486 812 519 illius
837 497 977 530 praepo-

41 527 223 585 ξῖἶῖεῗῖἓηῑςεὲἓῖ
238 542 310 582 sito,
333 541 492 585 religiosis
514 547 544 574 et
563 541 720 585 personis,
738 548 769 573 ut
786 540 936 573 omnibus
951 547 979 573 et

41 588 86 606 nm
114 581 224 603 fruuntur.
256 595 262 600 .
349 595 354 600 .
429 595 435 600 .
462 595 466 600 .
527 594 546 600 ..
718 594 723 598 .
775 594 780 598 .
870 594 875 599 .

42 608 157 632 eommuni-
167 606 223 628 aa·
238 595 373 638 singulis
386 595 574 639 privilegus,
586 594 855 638 exemptionibus,
869 604 980 626 numu-

39 282 87 317 Λα.
103 281 131 311 C.
154 280 221 310 1606

1015 437 1102 463 motu
1116 431 1212 464 simili
1228 431 1360 464 concedi
1380 441 1483 475 posse,
1500 440 1605 474 neque
1617 430 1676 462 sub
1690 429 1758 473 qui-

1013 485 1121 518 busvis
1146 485 1422 528 suppressionum,
1444 485 1601 518 unionum
1629 490 1660 517 et
1679 484 1756 517 alia-

1015 549 1084 571 rum
1104 539 1256 571 similium
1282 539 1330 572 rel
1352 539 1554 572 dissimilium
1576 538 1754 581 gratiarum

1014 592 1284 631 revocationibus,
1300 593 1577 636 suspensionibus,
1597 592 1759 626 limitatio-

41 635 123 659 duntur.

0 1741 1 1748 η
76 1726 182 1749 clausulae
190 1732 227 1754 pro

0 1750 2 1767 ³
50 1752 135 1776 huiusce
150 1755 227 1775 consti-

51 1779 134 1802 attonis
145 1780 229 1803 firmita-

239 647 402 688 nitatibus,
419 647 633 687 libertatibus,
651 647 891 691 praerogativis,
910 658 981 681 con-

240 701 449 742 cessionibus,
464 701 638 742 savoribus,
656 701 981 741 facultatibus‚indul-

240 756 278 789 tis
297 762 329 790 et
345 755 415 789 aliis
429 755 551 799 gratiis,
569 762 630 789 tam
646 756 868 799 spiritualibus
882 766 978 799 quam

239 809 484 854 temporalibus,
506 809 576 843 aliis
596 809 700 843 dictae
714 809 981 852 congregationis

239 863 406 905 domibus,
436 864 466 897 in
492 874 611 907 genere
636 864 682 897 vel
710 864 739 896 in
765 864 893 908 specie,
922 875 980 908 pro

238 923 384 962 tempore
398 918 569 958 concessis,
587 924 617 951 et
631 918 748 962 quibus
766 918 839 951 illae
858 929 982 951 earum-

239 982 301 1015 que
321 972 509 1016 praepositi,
534 971 676 1013 religiosi
699 978 729 1005 et
746 983 902 1016 personae
922 983 980 1016 pro

239 1030 385 1069 tempore
404 1027 584 1066 existentes,
605 1027 645 1059 de
660 1026 729 1060 iure
749 1027 796 1059 vel
812 1033 982 1060 consuetu-

239 1079 325 1119 dine,
345 1090 401 1113 seu
420 1091 456 1113 ex
475 1080 644 1124 privilegio
665 1087 718 1114 aut
739 1081 816 1114 alias
837 1092 978 1124 quomo·

240 1132 362 1166 dolibet
387 1139 538 1175 utuntur,
568 1135 733 1176 fruuntur,
758 1135 927 1179 potiuntur
952 1141 982 1168 et

240 1187 390 1229 gaudent,
412 1198 448 1221 ac
474 1188 531 1228 uti,
560 1188 634 1228 frui,
663 1189 759 1232 potiri
787 1195 815 1222 et
841 1189 982 1231 gaudere

238 1247 371 1285 possunt
390 1248 420 1276 et
439 1248 591 1286 poterunt
609 1243 639 1275 in
663 1244 817 1283 futurum,
835 1245 983 1277 similiter

240 1300 272 1328 et
291 1295 522 1339 parfformiter,
544 1293 668 1340 absque
686 1298 749 1330 ulla
774 1308 906 1341 prorsus
925 1298 983 1331 dis-

240 1348 457 1390 ferentiauti,
478 1349 550 1391 frui,
567 1351 663 1394 potiri
679 1357 708 1384 et
722 1352 863 1394 gaudere
884 1352 983 1385 libere

241 1407 271 1435 et
292 1402 385 1436 licite
409 1403 535 1436 valeant
561 1411 588 1437 et
611 1404 760 1446 debeant,
779 1404 809 1437 in
833 1405 983 1438 omnibus

241 1461 272 1489 et
290 1467 349 1500 per
369 1457 479 1490 omnia
497 1458 653 1501 (perinde
682 1469 718 1492 ac
739 1459 763 1491 si
790 1459 843 1491 illa
872 1459 982 1492 omnia

241 1509 352 1543 domui
386 1511 525 1553 regulari
554 1522 611 1555 per
640 1519 825 1556 praesentes
858 1519 983 1546 erectae

242 1562 391 1607 illiusque
405 1566 602 1609 praeposito,
616 1566 774 1609 religiosis
792 1573 821 1600 et
840 1568 984 1610 personis

241 1617 413 1662 praedictis
431 1618 613 1662 specialiter
626 1624 654 1652 et
673 1630 820 1664 expresse
833 1631 984 1654 concessa

242 1670 386 1714 fuissent)
401 1671 523 1715 pariter
543 1678 701 1716 perpetuo
721 1673 935 1716 indulgemus.

287 1726 304 1767 ξ
337 1724 366 1758 6.
397 1726 613 1760 Dcccrnentes
646 1733 831 1771 praesentes
863 1729 984 1761 litteras

243 1778 332 1812 nullo
345 1790 500 1824 umquam
516 1786 661 1824 tempore
672 1781 780 1824 (etiam
796 1792 831 1814 ex
846 1792 882 1814 eo
898 1782 984 1825 quod

244 1843 370 1874 causae,
394 1841 528 1878 propter
548 1845 627 1878 quas
649 1841 853 1876 emanarunt,
875 1846 983 1868 coram

244 1886 330 1920 dicto
352 1887 470 1921 vicario
497 1889 543 1921 vel
569 1888 644 1921 alibi
667 1882 877 1929 examinatae,
903 1889 983 1923 veri-

244 1939 357 1974 ficatae
375 1947 406 1974 et
425 1942 634 1985 approbatae,
656 1953 691 1976 ac
705 1942 904 1985 Evangelis'ta
919 1953 986 1975 car-

244 1993 372 2036 dinalis,
396 2006 521 2029 necnon
548 1996 738 2040 capitulum,
762 1996 986 2041 archipresby-

244 2053 304 2090 ter,
328 2049 475 2083 canonici
497 2056 527 2083 et
548 2050 730 2084 beneficiati
751 2050 918 2094 praedicti,
938 2051 985 2084 vel

245 2103 441 2148 quicumque
462 2104 515 2137 alii
536 2104 566 2137 in
582 2105 764 2148 praemissis
782 2105 829 2138 vel
852 2105 936 2138 circa
950 2115 986 2137 ea

245 2155 398 2191 interesse
419 2158 665 2201 quomodolibet
686 2158 840 2191 habentes
865 2158 904 2190 ad
925 2157 987 2190 hoc

245 2210 347 2244 vocati
369 2217 401 2244 et
425 2212 525 2245 auditi
547 2222 611 2246 non
634 2212 764 2252 suerint,
789 2222 846 2245 nec
865 2211 985 2245 eisdem

247 2265 477 2306 consenserint,
499 2272 552 2299 aut
572 2267 684 2310 quovis
700 2266 763 2299 alio
778 2266 874 2299 etiam
899 2275 988 2299 enor-

247 2318 307 2352 mis
319 2324 349 2352 et
362 2319 607 2353 enormissimae
628 2319 779 2353 laesionis
808 2324 983 2363 praetextu,

247 2372 295 2406 vel
316 2383 352 2406 ex
373 2383 578 2417 quacumque
603 2373 664 2406 alia
685 2373 889 2417 quantumvis
910 2373 988 2416 legi-

248 2425 325 2460 tima
349 2433 377 2460 et
405 2427 540 2461 iuridica
561 2430 670 2471 causa)
686 2428 724 2461 de
749 2426 984 2471 subreptionis,

248 2479 447 2524 obreptionis
469 2481 515 2515 rel
536 2481 691 2514 nullitatis
704 2481 792 2517 vitio,
813 2492 867 2514 seu
891 2480 990 2513 inten-

250 2532 344 2567 tionis
373 2540 501 2568 nostrae
533 2541 585 2568 aut
620 2534 683 2567 alio
717 2534 830 2578 quovis
863 2534 988 2566 defectu

251 2588 366 2629 notari,
391 2589 585 2633 impugnari,
612 2588 790 2627 invalidari,
815 2587 986 2626 annullari,

250 2642 427 2683 retractari,
443 2643 473 2675 in
495 2643 543 2675 ins
557 2642 603 2675 vel
625 2641 879 2675 controversiam
902 2650 990 2674 revo-

252 2695 327 2736 cari,
351 2695 389 2729 ad
416 2696 570 2730 terminos
596 2696 672 2731 iuris
699 2695 827 2730 reduci,
855 2706 909 2728 seu
937 2695 990 2727 ad-

1014 646 1120 686 nibus,
1144 645 1451 686 modificationibus,
1475 646 1754 689 derogationibus,

1015 705 1068 733 aut
1089 699 1158 732 aliis
1176 699 1346 732 contrariis
1364 699 1640 743 dispositionibus,
1661 699 1758 732 etiam

1015 764 1073 797 per
1090 763 1159 793 nOS,
1185 753 1229 786 vel
1255 763 1476 797 quoscumque
1497 753 1577 786 alios
1597 753 1760 786 Romanos

1015 808 1187 841 Pontifices
1201 819 1401 842 successores
1416 814 1556 847 nostros,
1574 808 1760 851 dictamque

1015 862 1140 901 Sedent,
1159 862 1253 895 etiam
1276 862 1308 895 in
1333 862 1508 895 erastinum
1531 862 1760 906 assumptionis

1016 917 1206 951 eorumdem
1239 927 1462 950 successorum
1498 923 1682 950 nostrorum
1720 915 1760 949 ad

1015 971 1132 1004 summi
1147 972 1345 1014 apostolatus
1357 971 1491 1014 apicem,
1502 971 1550 1003 vel
1562 970 1651 1012 alias,
1663 969 1759 1003 etiam

1017 1030 1125 1063 motu,
1153 1024 1287 1058 scientia
1313 1030 1343 1057 et
1368 1024 1533 1067 potestatis
1559 1023 1760 1066 plenitudine

1016 1078 1186 1117 similibus,
1210 1089 1247 1110 ac
1266 1078 1360 1110 etiam
1381 1077 1658 1117 consistorialiter,
1676 1077 1760 1110 etde

1017 1131 1159 1165 eiusdem
1175 1131 1204 1164 S.
1218 1131 1253 1164 R.
1271 1131 1303 1164 E.
1319 1131 1530 1164 cardinalium
1545 1141 1602 1174 pro
1617 1136 1762 1173 tempore

1018 1186 1220 1219 existentium
1248 1185 1395 1225 consilio,
1419 1185 1478 1218 sub
1500 1185 1761 1229 quibuscumque

1020 1240 1188 1273 tenoribus
1207 1246 1236 1272 et
1257 1240 1429 1273 verborum
1446 1239 1568 1279 formis,
1585 1250 1621 1272 ac
1636 1249 1673 1272 ex
1690 1238 1762 1283 qui-

1017 1294 1124 1327 busvis
1150 1294 1252 1327 causis
1278 1305 1336 1338 pro
1363 1300 1509 1337 tempore
1535 1293 1702 1334 faciendis,
1726 1303 1761 1327 e-

1019 1348 1122 1381 tiamsi
1156 1348 1186 1380 in
1216 1348 1277 1380 iltis
1303 1348 1342 1381 de
1367 1347 1486 1380 eisdem
1516 1347 1759 1391 praesentibus,

1019 1413 1195 1445 earumque
1222 1407 1287 1435 toto
1314 1407 1426 1434 tenore
1451 1407 1482 1434 et
1502 1401 1575 1434 data
1599 1401 1758 1445 specialis,

1017 1456 1178 1500 specifica,
1192 1466 1340 1499 expressa
1353 1466 1390 1488 ac
1403 1455 1442 1488 de
1460 1455 1556 1488 verbo
1569 1455 1608 1488 ad
1629 1455 1762 1488 verbum

1020 1509 1138 1542 mentio
1156 1508 1211 1541 fiat
1232 1509 1306 1552 <nisi
1328 1508 1592 1551 Congregationis
1612 1519 1649 1542 ac
1668 1519 1763 1552 prae-

1018 1563 1114 1606 positi
1140 1574 1175 1595 ac
1202 1562 1428 1604 religiosorum
1455 1562 1697 1605 praedictorum
1722 1562 1764 1596 ad

1020 1617 1049 1649 id
1072 1627 1241 1660 expressus
1262 1616 1433 1650 accesserit
1452 1626 1599 1649 assensus
1617 1622 1651 1649 ut
1671 1627 1763 1660 prae-

1020 1671 1142 1713 fertur),
1164 1671 1325 1704 ullatenus
1346 1669 1590 1713 comprehendi,
1610 1669 1666 1702 sed
1681 1675 1763 1702 tam-

1020 1736 1115 1769 quam
1147 1726 1176 1757 in
1204 1723 1301 1758 divini
1331 1724 1446 1764 cultus,
1472 1723 1637 1766 religionis
1655 1729 1685 1756 et
1704 1723 1763 1757 bo-

1020 1790 1134 1812 norum
1163 1788 1298 1822 operum
1325 1783 1533 1820 augmentum
1560 1777 1764 1864 sa†utemque

1020 1839 1050 1866 et
1064 1832 1256 1866 exactiorem
1274 1842 1383 1865 curam
1400 1831 1580 1864 animarum
1609 1831 1764 1864 cndentes

1019 1897 1147 1931 semper
1172 1892 1201 1920 et
1231 1886 1364 1919 omnino
1390 1886 1429 1918 ab
1456 1885 1517 1919 illis
1547 1891 1705 1928 exceptas,
1734 1890 1765 1918 et

1021 1941 1147 1984 quotics
1173 1940 1389 1979 emanabant,
1415 1938 1508 1972 toties
1532 1938 1564 1971 in
1593 1938 1764 1982 pristinum

1022 2001 1051 2027 et
1072 1994 1304 2028 validissimum
1337 2004 1373 2026 ac
1406 2003 1499 2033 cum,
1523 1992 1555 2025 in
1581 2002 1646 2036 quo
1671 1998 1766 2025 antea

1021 2048 1269 2093 quomodolibet
1294 2054 1405 2088 erant,
1434 2052 1551 2081 statum
1578 2046 1740 2080 restitutas
1756 2074 1763 2087 ,

1022 2103 1178 2147 repositas
1198 2109 1228 2135 et
1250 2101 1395 2146 plenarie
1418 2101 1640 2143 reintegratas,
1663 2110 1700 2133 ac
1724 2099 1765 2133 de

1022 2168 1104 2190 noro
1135 2156 1238 2190 ctiam-
1262 2155 1321 2188 sub
1355 2165 1561 2199 quacumque
1593 2153 1765 2198 posteriori

1022 2211 1105 2251 data,
1123 2221 1180 2254 per
1199 2219 1258 2254 pro
1274 2215 1420 2253 tempore
1438 2208 1608 2242 existentes
1629 2218 1765 2252 praepo·

1022 2265 1117 2299 sitnm
1148 2270 1179 2297 ct
1210 2263 1380 2307 religiosos
1404 2262 1586 2307 praedictos
1611 2261 1761 2306 quando-

1022 2329 1162 2362 cumque
1184 2317 1343 2361 eligenda,
1364 2327 1532 2351 concessas
1553 2316 1620 2349 sore
1639 2321 1669 2349 et
1686 2326 1765 2357 esse,

1023 2384 1058 2406 ac
1072 2384 1146 2406 suos
1166 2372 1329 2416 plenarios
1342 2377 1373 2405 et
1391 2371 1532 2413 integros
1550 2370 1680 2403 effectus
1694 2379 1764 2403 sor-

1025 2427 1075 2459 tiri
1104 2432 1135 2459 et
1155 2425 1321 2465 obtinere,
1346 2431 1442 2468 atque
1472 2424 1511 2457 ab
1537 2423 1699 2463 omnibus,
1724 2422 1764 2456 ad

1024 2491 1104 2524 quos
1135 2485 1257 2523 spectat
1282 2484 1312 2512 et
1339 2488 1398 2522 pro
1420 2484 1564 2521 tempore
1585 2475 1761 2520 spectabit,

1026 2533 1252 2566 inviolabiliter
1273 2530 1454 2571 observari3
1476 2530 1585 2573 sicque
1599 2539 1656 2573 per
1670 2539 1766 2573 quos-

1025 2597 1163 2630 cumque
1191 2586 1311 2619 iudiccs
1340 2584 1523 2618 ordinarios
1541 2589 1571 2616 et
1591 2583 1766 2625 delegatos,

1025 2641 1121 2674 etiam
1148 2650 1316 2673 causarum
1343 2637 1454 2671 Palatii
1476 2636 1650 2681 Apostolici
1676 2636 1767 2670 audi-

1027 2701 1121 2735 tores,
1148 2704 1182 2726 ac
1204 2692 1384 2736 praedictos
1411 2690 1589 2725 cardinales
1610 2689 1705 2724 etiam
1727 2689 1766 2723 de
