2227 3241
265 289 317 318 An.
339 290 455 318 &1606
500 282 565 314 312

291 991 403 1013 Decretum
422 991 449 1012 ir-

265 1021 337 1040 vitans.

295 1633 451 1660 Exn-quisnam„

267 1661 384 1688 deputatio.

463 339 614 384 quopiam
641 339 704 371 alio
732 338 857 371 defectu
883 340 950 382 <scu
977 339 1070 372 ctiam
1100 349 1137 372 ex
1165 349 1202 372 eo

463 392 548 436 quod
570 391 775 435 provincialis
802 391 986 435 provinciae
1011 391 1149 433 Galliae,
1167 403 1203 426 ac

463 445 552 489 prior
569 450 600 478 et
621 445 770 478 monaehi
791 444 1057 488 Congregationis
1069 451 1100 479 et
1113 446 1203 480 Ordi-

463 498 512 531 nis
532 498 785 542 praedictorum,
799 504 829 532 et
843 500 949 532 forsan
965 499 1017 532 alii
1036 499 1200 541 interesse,

464 552 558 585 etiam
574 551 710 585 aliarum
724 552 977 596 provinciarum,
1000 553 1030 586 in
1050 554 1204 597 praeniis-

463 605 505 637 sis
526 605 681 639 habentes
701 616 757 638 seu
774 611 934 650 putantes,
960 607 999 640 ad
1020 607 1081 640 hoc
1101 606 1203 640 vocati
1220 605 1221 629 t

464 670 529 692 non
544 659 676 703 suerint)
689 660 804 701 notari,
820 660 1013 704 impugnari,
1027 661 1204 703 invalidari,

464 718 516 746 aut
538 713 577 745 ad
600 713 753 746 terminos
775 713 862 747 iuris¹
885 715 931 747 vel
951 714 982 747 in
1001 714 1049 748 ius
1062 725 1118 748 seu
1133 724 1206 748 con—

464 766 650 801 troversiam
664 767 770 800 vocari
791 778 894 811 posse,
916 778 975 801 nec
995 768 1053 801 sub
1073 768 1222 812 quibus-³

464 820 510 854 ris
537 820 690 854 similium
718 822 765 854 vel
792 821 995 855 dissimilium
1028 822 1203 864 gratiarum

465 874 723 908 revocationibus
738 902 745 916 ‚
769 875 1033 919 suspensionibus
1062 876 1110 909 vel
1136 875 1206 908 aliis

465 928 634 962 contrariis
655 928 918 973 dispositionibus
950 929 1202 973 comprehendi,

509 981 574 1026 ἐῢ.
599 981 715 1027 Sicque
739 993 797 1027 per
822 993 1044 1027 quoscumque
1070 983 1202 1025 iudices,

466 1041 496 1068 et
521 1035 771 1077 commissarios,
796 1036 906 1080 quavis
926 1036 1116 1070 auctoritate
1138 1037 1206 1070 sun-

467 1095 588 1132 gcntes‚
605 1089 700 1124 ctiam
723 1095 850 1123 sanctae
863 1090 1026 1124 Romanae
1047 1090 1206 1124 Ecclesiae
1222 1087 1224 1125 ἲ

465 1143 655 1185 cardinales,
676 1143 771 1177 etiam
802 1144 841 1178 de
872 1144 973 1177 latere
1002 1145 1145 1187 legatos,
1170 1155 1223 1188 ac,

464 1208 632 1232 causarum
653 1198 764 1231 Palatii
785 1198 929 1242 Apostoli
951 1198 1114 1232 auditores
1133 1199 1202 1241 (su-

464 1252 551 1286 blata
567 1251 612 1285 eis
633 1258 663 1285 et
684 1262 795 1285 corum
818 1251 958 1293 cuilibet,
980 1252 1091 1296 quavis
1115 1240 1225 1301 attici-l

466 1305 629 1339 iudicandi
663 1311 691 1339 et
729 1305 961 1349 interpretandi
998 1306 1148 1339 facultate
1178 1308 1225 1338 ct*

466 1359 676 1402 auctoritate)
704 1359 824 1402 ubique
855 1358 988 1392 iudicari
1020 1364 1047 1392 et
1080 1352 1225 1392 desiniril

466 1413 594 1455 debere,
618 1424 743 1447 necnon
773 1413 897 1447 irritum
925 1420 951 1447 et
978 1413 1071 1447 inane
1092 1411 1225 1456 decer—'3

466 1467 573 1502 nimus
592 1467 616 1501 si
632 1479 721 1501 secus
735 1467 893 1512 superbis
906 1479 922 1501 a
937 1478 1112 1512 quoquam,
1131 1478 1208 1511 qua·

468 1521 511 1555 vis
533 1522 742 1562 auctoritate,
766 1522 904 1555 scienter
930 1522 974 1554 vel
998 1521 1204 1564 ignoranter,
1224 1532 1225 1552 t

468 1575 639 1618 eontigerit
660 1576 818 1608 attentari.

513 1629 574 1671 §7-
589 1629 745 1669 Quocirca
759 1629 876 1663 dilecto
890 1629 955 1662 lilio
971 1640 1139 1663 causarum
1160 1625 1226 1665 cti-J

467 1683 534 1716 riae
555 1683 704 1717 Gamerae
730 1682 932 1726 Apostolicae
957 1682 1098 1725 generali
1121 1672 1227 1716 audi-l

469 1737 529 1770 tori
551 1748 608 1781 per
628 1742 813 1780 praesentes
828 1736 1060 1770 committimus
1074 1742 1102 1770 et
1122 1747 1209 1769 man-
1225 1766 1227 1775 ,

470 1791 594 1829 damus,
615 1795 774 1834 quatenus
793 1800 851 1834 per
871 1800 915 1831 se,
940 1790 987 1823 vel
1013 1790 1130 1830 alium,
1154 1782 1227 1823 seui

468 1843 547 1877 alios
562 1842 683 1883 faciaffl,
701 1843 890 1877 auctoritate
904 1846 1012 1877 nostra
1027 1848 1210 1888 praesentes
1226 1881 1227 1887 ἵ

467 1897 589 1931 litteras
621 1903 651 1930 et
682 1897 713 1930 in
741 1897 786 1930 cis
807 1902 957 1931 contenta
986 1889 1227 1941 quaecumque¹

468 1951 600 1995 plenum
623 1961 734 1984 eorum
763 1950 910 1984 effectum
933 1951 1062 1993 sortiri,
1085 1951 1228 1994 illisque:

469 2004 755 2048 Congregationem
779 2010 809 2037 et
830 2005 1006 2038 monachos
1028 2004 1229 2048 praedictos*

469 2058 604 2103 pacifice
616 2058 675 2092 frui
693 2063 724 2092 et
737 2058 897 2101 gaudere3
915 2069 979 2091 non
1000 2058 1190 2102 permittens
1202 2058 1212 2074 ⁸
1228 2056 1229 2062 ¹

470 2122 665 2156 quemquam
697 2112 834 2156 desuper
858 2117 969 2144 contra
989 2111 1208 2155 praesentium
1228 2136 1229 2141 ,

471 2172 615 2199 tenorem
642 2176 699 2210 per
724 2175 945 2209 quoscumque
971 2165 1111 2198 indebite
1138 2175 1230 2214 rno-¹

471 2219 600 2259 lestari,
628 2218 882 2252 contradictores
910 2219 1070 2262 quoslibet
1096 2229 1132 2251 ac
1156 2222 1231 2257 rc-t

470 2272 580 2314 helles,
604 2279 633 2305 et
659 2272 843 2316 praemissis
864 2282 926 2304 non
957 2277 1106 2315 parentes
1121 2299 1128 2313 ‚
1156 2263 1231 2321 per}

472 2337 623 2360 censuras
644 2332 674 2359 et
691 2336 811 2370 poenas
825 2325 1067 2367 ecclesiasticas,
1087 2325 1214 2370 aliaque

473 2386 658 2425 opportuna
679 2379 756 2412 iuris
776 2385 806 2412 et
828 2379 900 2412 sacti
922 2379 1083 2421 remedia,
1105 2380 1232 2424 appel-t

471 2434 591 2467 latione
602 2433 791 2478 postposita,
806 2433 1053 2476 compescendo,
1068 2433 1214 2467 invocato

473 2488 569 2521 ctiam
589 2488 627 2521 ad
648 2487 721 2528 hoc,
745 2486 769 2520 si
791 2497 872 2530 opus
885 2486 991 2527 suerit,
1010 2487 1128 2520 auxilio
1142 2487 1215 2521 bra-

473 2542 535 2575 chii
557 2541 739 2575 saecularis.

508 2624 518 2648 l
543 2622 643 2657 Supple
660 2622 760 2650 reduci
775 2623 811 2657 (a.
828 2621 877 2655 τ.).

508 2666 524 2692 2
540 2666 609 2693 Edit.
624 2666 702 2693 Main.
719 2667 801 2694 habet
816 2668 928 2702 saciant
943 2673 980 2702 tn.
997 2666 1045 2701 τ.).

509 2710 524 2738 3
544 2710 612 2738 Edit.
638 2711 718 2739 Main.
740 2712 804 2747 legit
824 2712 1023 2747 permittentes
1038 2712 1077 2747 (a.
1095 2711 1141 2745 T.).

1041 290 1136 314 Bt'LLA
1143 290 1218 315 RIUM
1245 291 1396 316 IIOMANUM

1282 341 1297 382 g
1317 339 1346 372 8.
1363 340 1433 373 Non
1453 339 1653 373 obstantibus
1671 341 1771 374 felicis
1785 342 1978 376 recordatio-

1237 393 1285 427 nis
1302 393 1426 427 Martini
1438 394 1460 426 V
1488 400 1517 427 et
1534 394 1666 436 Eugenii
1682 395 1730 436 IV,
1747 396 1900 430 Bonisacii
1913 397 1977 431 VIII

1237 458 1273 480 ac
1294 447 1426 481 Adriani
1451 447 1488 481 Vl
1513 453 1545 481 et
1568 448 1739 482 Clementis
1763 450 1813 483 Vll
1834 460 1870 483 ac
1891 450 1973 484 alio-

1237 511 1307 533 rum
1335 511 1616 545 quorumcumque
1641 502 1861 536 Romanorum
1886 503 1973 537 Pon-

1220 551 1359 600 ftilicum
1381 554 1665 598 praedecessorum
1691 560 1889 597 nostrorum,
1913 556 1974 590 ali·-

1238 606 1327 651 isque
1348 607 1630 641 constitutionibus
1660 614 1689 642 et
1720 609 1978 644 ordinationibus

1238 660 1433 704 apostoliciS,
1449 671 1485 694 ac
1502 661 1534 694 in
1549 662 1754 695 Lateranensi
1769 668 1798 696 et
1812 662 1882 696 aliis
1902 673 1978 697 eon-

1238 713 1318 747 eiliis
1347 713 1551 756 generalibus
1584 714 1695 755 editis,
1723 725 1759 748 ac
1790 715 1916 750 Ordinis
1947 722 1979 750 et

1238 767 1504 810 Congregatsounis
1536 768 1741 810 huiusmodi,
1770 769 1975 811 iuramento,

1239 821 1484 854 confirmatione
1505 821 1691 866 apostolica,
1715 823 1762 855 vel
1789 823 1900 866 quavis
1919 823 1975 857 fir-

1239 875 1348 909 mitate
1369 875 1431 909 alia
1451 876 1621 918 roboratis,
1643 876 1770 910 statutis
1786 883 1819 910 et
1838 887 1976 911 consue-

1221 911 1223 978 Ι]
1241 928 1416 970 tudinibus‚
1438 929 1612 973 privilegiis
1633 940 1774 974 quoque,
1798 929 1928 964 indultis
1949 936 1980 964 et

1222 984 1223 1008 t
1239 981 1353 1015 litteris
1366 982 1561 1026 apostolicis,
1581 982 1640 1015 sub
1657 983 1915 1028 quibuscumque
1936 990 1980 1018 te-

1222 1038 1223 1048 *
1240 1036 1374 1069 noribus
1388 1041 1417 1069 et
1433 1036 1554 1077 formis,
1570 1046 1606 1069 ac
1620 1047 1693 1070 cum
1708 1037 1872 1080 quibusvis
1893 1037 1980 1071 clau-

1240 1089 1327 1131 sulis,
1350 1089 1616 1134 irritantibusque
1637 1095 1668 1124 et
1688 1089 1757 1123 aliis
1778 1090 1925 1132 decretis,
1949 1091 1980 1125 in

1241 1153 1360 1186 genere
1382 1143 1429 1175 rel
1452 1142 1483 1175 in
1503 1142 1620 1187 specie,
1645 1153 1681 1176 ac
1701 1143 1779 1176 alias
1799 1144 1980 1188 quomodo-

1241 1196 1316 1229 libet
1341 1196 1520 1236 concessis,
1551 1196 1737 1241 approbatis
1758 1202 1789 1230 et
1808 1196 1977 1232 innovatis.

1241 1249 1363 1289 Quibus
1388 1249 1539 1283 omnibus
1564 1256 1595 1283 et
1620 1250 1773 1293 singulis,
1801 1250 1924 1285 etiamsi
1942 1251 1982 1285 de

1241 1303 1304 1337 illis
1323 1313 1500 1348 eorumque
1523 1303 1596 1337 totis
1622 1304 1786 1338 tenoribus
1812 1305 1978 1349 specialis,

1241 1357 1391 1401 specifica
1414 1362 1442 1390 ct
1464 1356 1627 1389 individua
1646 1357 1765 1390 mentio
1779 1368 1838 1402 pro
1852 1357 1980 1392 illorum

1242 1409 1411 1443 sufficienti
1428 1409 1638 1453 derogatione
1653 1410 1802 1444 habenda
1819 1410 1911 1452 soret,
1929 1421 1982 1445 eo—

1241 1475 1312 1497 rum
1336 1469 1462 1497 tenores
1480 1464 1714 1508 praesentibus,
1732 1475 1767 1498 ae
1780 1465 1805 1499 si
1826 1465 1865 1499 de
1884 1465 1982 1499 verbo

1243 1517 1281 1550 ad
1312 1517 1444 1550 verbum
1477 1517 1716 1560 insererentur,
1737 1528 1797 1562 pro
1827 1518 1984 1563 expressis

1224 1570 1408 1623 illabentes,
1433 1571 1495 1604 illis
1520 1571 1598 1605 alias
1622 1571 1653 1604 in
1679 1581 1737 1605 suo
1762 1571 1879 1605 robore
1903 1582 1980 1616 per-

1243 1625 1422 1667 mansuris,
1446 1625 1505 1659 bac
1527 1625 1593 1659 vice
1614 1625 1782 1659 dumtaxat
1801 1625 1984 1670 specialiter

1244 1684 1272 1712 ct
1293 1689 1438 1723 expresse
1456 1678 1570 1712 harum
1590 1679 1671 1713 serie
1685 1679 1890 1722 derogamus,
1912 1689 1984 1714 cae—

1244 1732 1384 1777 terisque
1414 1732 1585 1766 contrariis
1616 1732 1895 1777 quibuscumque,
1931 1741 1986 1768 aut

1244 1785 1268 1819 si
1295 1786 1467 1830 aliquibus,
1485 1786 1701 1820 communiter
1717 1787 1764 1820 vel
1786 1786 1922 1829 divisim,
1945 1787 1984 1820 ab

1245 1839 1428 1884 Apostolica
1446 1840 1485 1874 sit
1504 1840 1585 1875 Sede
1604 1840 1766 1874 indultum
1785 1841 1872 1885 quod
1889 1840 1985 1875 inter-

1246 1894 1330 1935 dici,
1354 1894 1506 1938 suspendi
1540 1894 1586 1928 vel
1618 1894 1890 1928 excommunicari
1920 1905 1985 1929 non

1246 1948 1370 1992 possint
1392 1959 1451 1992 per
1475 1948 1597 1982 litteras
1625 1949 1816 1993 apostolicas
1841 1959 1906 1983 non
1932 1949 1982 1983 sa-

1247 2002 1366 2035 cientes
1379 2002 1506 2046 plenam
1526 2007 1557 2035 et
1570 2012 1751 2047 expressam
1775 2013 1811 2036 ac
1833 2003 1872 2037 de
1888 2003 1986 2037 verbo

1247 2056 1287 2089 ad
1307 2056 1440 2089 verbum
1470 2056 1508 2090 de
1539 2056 1662 2090 indulto
1682 2056 1867 2091 huiusmodi
1889 2067 1982 2090 men-

1246 2109 1380 2143 tionem.

1292 2164 1308 2205 g
1329 2162 1358 2196 9.
1378 2162 1533 2196 Volumus
1547 2168 1653 2197 autem
1669 2163 1756 2208 quod
1769 2163 1985 2208 praesentium

1247 2217 1469 2261 transumptis,
1493 2217 1588 2251 etiam
1611 2218 1783 2262 impressis,
1804 2228 1902 2252 manu
1923 2217 1983 2251 ati-

1248 2271 1339 2305 cuius
1360 2271 1476 2304 notarii
1490 2271 1610 2315 publici
1624 2271 1823 2316 subscriptis,
1840 2276 1871 2305 et
1883 2271 1987 2315 sigillo

1248 2324 1383 2358 alieuius
1407 2335 1563 2369 personae
1589 2324 1619 2357 in
1646 2325 1801 2368 dignitate
1821 2324 1987 2359 eeclesias-

1248 2378 1311 2412 tica
1331 2378 1523 2412 constitutae
1544 2377 1695 2418 munitis,
1720 2378 1831 2411 eadem
1857 2387 1988 2421 prorsus

1249 2432 1329 2465 fides
1346 2432 1547 2471 adhibeatur,
1565 2442 1647 2475 quae
1665 2430 1887 2474 praesentibus
1899 2430 1989 2464 adbi-
2040 2453 2044 2457 -

1248 2485 1391 2526 berctur,
1412 2485 1436 2518 si
1458 2485 1564 2518 forent
1584 2483 1743 2518 exhibitae
1760 2483 1806 2516 vel
1829 2488 1984 2517 ostensae.

1292 2540 1405 2573 Datum
1420 2539 1541 2572 Romae
1555 2539 1640 2582 apud
1657 2538 1686 2572 S.
1708 2538 1837 2571 Petrum
1856 2537 1915 2571 sub
1933 2547 1989 2570 an—

1248 2594 1326 2627 nulo
1351 2592 1521 2626 piscatoris
1552 2592 1603 2625 die
1631 2602 1703 2626 xxix
1734 2591 1844 2636 aprilis
1868 2601 1985 2632 MDCVt,

1248 2647 1454 2691 pontificatus
1473 2646 1573 2680 nostri
1594 2656 1678 2679 anno
1700 2656 1720 2679 1.

1284 2709 1342 2736 Dat.
1365 2709 1409 2736 die
1428 2708 1462 2736 29
1481 2707 1575 2744 aprilis
1598 2707 1674 2742 1006,
1697 2706 1792 2744 pontif.
1813 2715 1857 2734 an.
1875 2713 1891 2734 1.

1987 295 2040 321 An.
2061 294 2090 322 c.
2107 295 2173 325 ¹6oe
2205 293 2215 335 t

2058 356 2171 384 »erogatio
2208 358 2210 379 ἶ

1992 384 2152 408 contrariorum.
2208 384 2210 418 ζ

2155 1576 2180 1643 ‚243
2163 1534 2178 1554 nr¹
2167 1507 2174 1514 »

2002 2156 2180 2205 rurrirtiiizilinpw.
2189 2178 2190 2185 ¹
