2227 3241
271 304 320 331 An.
337 303 365 330 Γ..
390 303 450 330 1611

317 353 357 373 No»
364 355 454 373 itiutuiu-

272 385 312 406 que
329 379 413 399 sariunt.

291 571 329 590 Ati·
340 569 455 589 servientes

271 602 333 622 quem
361 595 455 615 tutulum

272 625 358 648 gustent.

299 885 409 906 (Iliuuulae
420 886 456 905 liu-

273 914 304 933 ius
320 913 455 932 Constituti-o·

271 946 303 959 ως
314 939 455 965 [naeu-rmu-

273 972 317 986 iae.

287 1689 412 1719 ‚Decretum
432 1688 457 1708 ir-

275 1718 314 1736 rita
335 1722 338 1725 ¹

318 1722 348 1735 ll*-

348 2273 461 2303 Derogatio

279 2303 441 2321 contrariorum.

501 295 564 328 070

516 352 598 394 524.
616 351 652 384 Hi
668 356 772 383 autem
792 360 904 383 omnes
918 349 1092 393 supradicti
1111 350 1208 383 oblati

472 410 641 445 teneantur
667 414 725 447 per
749 414 868 435 annum
896 403 1055 445 integrum
1078 403 1209 436 novitia-

473 464 537 490 tum
564 458 688 494 facere,
718 463 768 499 et,
794 467 875 500 quae
908 462 979 489 sunt
1006 456 1207 497 necessaria,

471 511 647 544 addiscere.

515 564 566 597 95.
588 565 647 597 Alii
673 575 759 605 vero,
787 564 840 608 qui
869 564 1064 608 recipientur
1084 564 1122 597 ad
1144 574 1210 598 ser-

471 617 545 650 vitia
566 617 656 650 utilia
680 616 847 657 obeunda,
877 628 934 650 nec
960 617 1106 651 emittent
1129 628 1207 661 pro-

472 670 654 711 fessionem,
677 671 781 704 solum
801 681 896 704 unam
916 677 1033 704 vestem
1054 681 1154 714 usque
1171 670 1210 704 ad

471 735 587 766 genua,
609 730 638 757 et
657 734 722 758 non
737 724 830 765 infra,
850 725 1035 767 oblongam,
1057 726 1117 757 una
1138 734 1210 758 cuin

472 778 624 811 mantello
641 784 670 811 et
692 778 776 822 pileo
795 778 833 811 ad
854 778 952 811 instar
970 778 1125 811 laicorum
1144 787 1211 810 sae-

471 831 628 863 cularium
655 831 775 864 habere
801 831 948 864 debeant.

516 886 532 925 ξ
553 884 605 917 026.
633 885 846 918 Deeernentes
865 890 1050 928 praesentes
1075 884 1208 925 litteras,

471 949 506 971 ac
536 938 567 970 in
600 938 644 972 eis
673 944 823 972 contenta
852 949 1092 982 quaecumque,
1123 938 1212 971 nullo

472 1002 624 1035 umquam
662 999 806 1036 tempore
838 992 875 1025 de
908 991 1127 1035 subreptionis
1164 991 1210 1024 vel

472 1045 671 1089 obreptionis
698 1056 753 1079 seu
784 1045 938 1078 nullitatis
959 1045 1052 1086 vitio,
1076 1051 1128 1078 aut
1159 1045 1210 1077 in-

474 1098 625 1132 tentionis
650 1105 777 1132 nostrae
805 1099 851 1132 vel
879 1099 1032 1143 quopiam
1058 1099 1120 1132 alio
1152 1099 1209 1132 de-

471 1154 555 1186 tectu
591 1153 692 1186 notari
725 1164 781 1186 seu
814 1153 1018 1196 impugnari,
1054 1158 1108 1186 aut
1136 1152 1213 1186 alias

472 1206 719 1250 quomodolibet
745 1206 874 1249 infringi
900 1207 948 1239 vel
974 1207 1139 1240 retraetari
1158 1217 1213 1240 seu

476 1260 660 1300 invalidari,
690 1266 741 1293 aut
764 1260 795 1293 in
822 1260 869 1293 ius
890 1260 936 1293 vel
963 1260 1212 1293 controversiam

473 1313 590 1353 vocari,
615 1319 669 1347 aut
686 1314 837 1347 adversus
855 1324 907 1347 eas
928 1319 957 1347 et
978 1324 1014 1347 ea
1035 1314 1214 1358 quodcum-

472 1377 534 1410 que
560 1367 637 1400 iuris
663 1373 693 1401 et
714 1367 787 1400 faeti
814 1368 859 1400 vel
883 1367 1021 1401 iustitiae
1043 1373 1073 1401 et
1092 1368 1214 1410 gratiae

472 1421 651 1454 remedium
678 1421 847 1461 intentari,
872 1421 1036 1465 impetrari
1063 1421 1109 1454 vel
1136 1432 1214 1454 con—

473 1474 542 1507 cedi
576 1475 734 1508 ullatenus
764 1485 904 1518 unquam
942 1485 1056 1518 posse,
1088 1475 1143 1508 sed
1175 1474 1214 1507 ab

473 1528 646 1569 omnibus,
675 1538 755 1572 quos
787 1534 987 1561 concernunt
1016 1533 1046 1561 et
1076 1538 1211 1562 concer-

473 1588 550 1615 nent
574 1582 820 1626 quomodolibet
840 1581 873 1614 in
893 1582 1052 1621 futurum,
1083 1582 1214 1615 inviola-

473 1635 582 1669 biliter
606 1635 767 1669 observari
794 1636 924 1669 debere:

518 1691 534 1731 ἓ
560 1688 612 1721 ⁶27.
640 1689 767 1733 Sicque,
789 1695 819 1722 et
837 1700 900 1722 non
919 1689 1021 1729 aliter,
1043 1701 1100 1733 per
1118 1699 1213 1733 quos-

474 1753 613 1786 cumque
634 1742 755 1776 iudices
777 1743 960 1776 ordinarios
981 1749 1009 1775 et
1031 1743 1210 1785 delegatos,

474 1806 510 1844 ae
531 1797 778 1837 commissarios,
803 1796 913 1840 quavis
934 1796 1123 1830 auctoritate
1141 1796 1212 1829 fun-

473 1855 606 1892 gentes,
634 1861 670 1883 ac
695 1850 789 1883 etiam
819 1849 848 1883 S.
881 1850 916 1883 R.
949 1850 981 1883 E.
1011 1850 1210 1890 cardinales,

474 1903 568 1937 etiarn
597 1903 636 1937 de
662 1903 761 1937 latere
793 1903 914 1945 legatos
946 1903 1090 1946 (sublata
1116 1903 1161 1936 eis
1184 1908 1215 1936 et

474 1968 586 1991 eorum
607 1957 738 1991 cuilibet
758 1957 869 2001 quavis
887 1957 978 1990 aliter
1003 1957 1165 1991 iudicandi
1184 1962 1212 1990 et

475 2011 706 2055 interpretandi
729 2011 877 2044 facultate
898 2016 929 2044 et
949 2010 1153 2054 auctoritate)
1172 2010 1215 2043 iu-

474 2064 575 2098 dicari
596 2068 626 2098 et
651 2063 777 2097 definiri
799 2064 938 2105 debere,
967 2075 1002 2097 ae
1034 2064 1159 2097 irritum
1186 2069 1216 2096 et

474 2118 590 2158 inane,
617 2118 641 2150 si
667 2128 757 2151 secus
781 2128 878 2161 super
906 2117 954 2150 his
986 2128 1003 2150 a
1027 2128 1212 2161 quoquam,

476 2171 585 2215 quavis
610 2171 811 2209 auctoritate,
840 2170 977 2204 scienter
997 2171 1043 2203 vel
1067 2171 1233 2213 ignoran-¹

476 2231 535 2265 ter,
558 2225 729 2268 contigerit
745 2224 903 2257 attentari.

522 2280 538 2321 Ξ
559 2278 611 2311 028.
635 2279 702 2311 Non
722 2277 923 2311 obstantibus
945 2279 1052 2311 nostra
1083 2288 1118 2310 ac
1138 2277 1216 2311 Can-

478 2332 626 2365 cellariae
639 2331 840 2376 Apostolicae
858 2331 968 2373 regula
983 2331 1021 2363 de
1042 2331 1216 2374 privilegiis

478 2386 517 2419 ad
542 2386 642 2419 instar
662 2396 725 2419 non
747 2385 972 2425 concedendis,
996 2395 1032 2418 ac
1054 2384 1216 2428 quibusvis

478 2440 547 2473 aliis
581 2439 861 2473 constitutionibus
894 2444 924 2471 ct
959 2437 1216 2471 ordinationibus

478 2493 683 2537 apostolicis,
713 2503 771 2526 nec
804 2503 866 2526 non
899 2491 1162 2534 Congregationis
1187 2496 1217 2524 et

478 2546 605 2582 Ordinis
629 2546 880 2590 praedictorum,
904 2545 998 2578 etiam
1021 2545 1214 2585 iuramento,

479 2600 723 2633 confirmatione
750 2599 922 2644 apostolica
953 2599 999 2631 vel
1026 2598 1135 2641 quavis
1166 2597 1219 2630 su·-

480 2654 590 2686 mitate
608 2653 669 2687 alia
686 2653 863 2693 roboratis,
886 2651 1010 2685 statutis
1031 2657 1061 2685 et
1086 2661 1218 2685 consue—

482 2706 654 2747 tudinibus,
675 2706 846 2750 privilegiis
868 2715 1006 2750 quoque,
1034 2704 1164 2738 indultis
1189 2710 1219 2738 et

1042 302 1223 326 BULLARIUM
1248 301 1399 326 ROMANUM

1244 349 1358 382 litteris
1389 349 1594 393 apostolicis,
1621 349 1783 392 quibusvis
1811 349 1978 393 personis,

1243 403 1302 435 sub
1323 402 1580 446 quibuscumque
1606 401 1772 435 tenoribus
1799 408 1828 435 et
1856 402 1979 444 formis,

1244 467 1280 489 ac
1294 467 1366 490 cum
1386 446 1548 501 quibusvis
1569 456 1718 490 clausulis
1736 461 1767 489 et
1784 456 1930 497 decretis,
1951 456 1982 489 in

1245 510 1443 543 eontrarium
1469 509 1717 554 praemissorum
1740 508 1983 553 quomodolibet

1992 299 2039 326 An.
2057 299 2085 327 C.
2096 299 2174 327 *¹6¹1

1245 565 1415 605 concessis,
1439 564 1637 598 confirmatis
1658 569 1688 598 et
1709 564 1885 605 innovatis;
1912 564 1999 608 qui-·

1246 618 1304 652 bus
1325 618 1475 652 omnibus
1493 624 1523 652 et
1539 617 1682 661 singulis,
1704 628 1815 652 eorum
1837 617 1982 651 omnium

1245 677 1275 705 et
1299 671 1501 714 singulorum
1530 677 1656 705 tenores
1682 670 1905 715 praesentibus
1923 682 1983 716 pro

1245 725 1338 769 plene
1360 731 1389 758 et
1409 724 1607 759 sufficienter
1631 725 1786 769 expressis
1806 730 1837 758 et
1855 725 1895 758 ad
1917 735 1983 758 ver-

1245 779 1321 812 bum
1348 779 1475 812 insertis
1499 778 1663 818 habentes,
1688 778 1748 812 illis
1776 778 1853 812 alias
1873 779 1905 812 in
1925 789 1984 812 suo

1247 833 1363 866 robore
1383 832 1612 877 permansuris,
1646 832 1706 866 hac
1726 832 1792 866 vice
1820 832 1985 866 dumtaxat
2012 839 2016 844 ’

1245 886 1426 930 specialiter
1445 893 1475 920 et
1496 897 1642 931 expresse
1662 887 1866 929 derogamus,
1886 892 1985 920 caete-

1247 941 1353 985 risque
1382 941 1551 975 contrariis
1576 941 1850 985 quibuscumque:
1880 946 1936 974 aut
1958 940 1985 974 si

1246 994 1408 1038 aliquibus
1423 1023 1430 1037 ,
1455 994 1672 1028 communiter
1692 1000 1747 1027 aut
1771 993 1896 1028 divisim
1910 1021 1917 1035 ,
1945 993 1985 1026 ab

1247 1048 1429 1092 Apostoliea
1453 1049 1492 1082 sit
1516 1048 1596 1082 Sede
1629 1048 1800 1089 indultum,
1828 1047 1916 1092 quod
1937 1047 1985 1080 in-

1249 1101 1374 1143 terdici,
1391 1102 1554 1146 suspendi,
1572 1102 1618 1135 vel
1634 1101 1907 1136 excommunicari
1921 1111 1985 1135 non

1247 1155 1369 1199 possint
1396 1166 1454 1199 per
1481 1156 1601 1189 litteras
1625 1155 1816 1199 apostolicas
1844 1165 1909 1189 non
1935 1155 1983 1188 sa-

1248 1208 1367 1242 cientes
1387 1209 1515 1253 plenam
1531 1215 1561 1242 et
1574 1219 1755 1253 expressam
1776 1219 1812 1242 ae
1833 1208 1872 1242 de
1889 1208 1987 1242 verbo

1247 1263 1287 1296 ad
1312 1263 1443 1296 verbum
1474 1263 1512 1296 de
1541 1263 1665 1296 indulto
1687 1262 1873 1296 huiusmodi
1899 1272 1987 1296 rnen-

1249 1317 1379 1351 tionem.

1293 1371 1406 1405 Datum
1433 1372 1553 1405 Romae
1575 1371 1660 1415 apud
1685 1376 1832 1404 sanctum
1846 1363 1987 1403 Marcum

1248 1425 1306 1458 sub
1324 1425 1444 1458 annulo
1458 1425 1638 1465 Piscatoris‚
1657 1425 1709 1459 die
1723 1435 1774 1458 x1x
1789 1424 1863 1458 maii
1877 1433 1987 1464 nucu,

1248 1479 1455 1522 pontificatus
1476 1479 1576 1513 nostri
1598 1489 1682 1512 anno
1700 1489 1741 1512 vi.

1285 1542 1343 1569 Dat.
1362 1542 1403 1569 die
1421 1543 1452 1569 19
1469 1542 1530 1570 maii
1546 1542 1625 1575 1511,
1643 1543 1739 1577 pontif.
1760 1550 1804 1569 an.
1822 1546 1856 1567 vt.

1542 1729 1684 1763 CLXXII.

1249 1854 1444 1888 Mandatum
1463 1855 1605 1898 episcopo
1620 1854 1794 1895 Cenecensz',
1815 1865 1852 1888 ac
1864 1855 1933 1888 eius
1953 1855 1989 1888 in

1293 1907 1526 1951 spiritualibus
1543 1908 1665 1941 vicario
1677 1907 1835 1952 qenerali,
1855 1918 1911 1942 nec
1924 1917 1989 1942 non

1293 1963 1520 1995 commzmitatt
1532 1967 1560 1995 et
1581 1962 1769 1996 hominibus
1786 1962 1891 1995 dictae
1909 1962 1988 1995 civi-

1295 2018 1380 2057 tatis,
1401 2027 1440 2049 ne
1459 2026 1569 2049 eorum
1589 2016 1727 2060 quisque
1742 2015 1874 2059 aliquid
1893 2025 1990 2059 super

1294 2070 1514 2114 appellatione
1522 2080 1694 2103 causarum
1702 2069 1739 2102 in
1745 2068 1988 2112 praeiudicium

1295 2124 1399 2157 dictae
1416 2124 1563 2157 ecclesiae
1579 2127 1608 2156 et
1623 2122 1715 2156 Sectis
1727 2122 1932 2166 Apostolicae
1941 2121 1990 2155 in-

1295 2188 1412 2211 novare
1422 2181 1622 2221 praesumat,
1643 2177 1696 2210 sed
1708 2176 1839 2209 omnino
1852 2176 1990 2209 monito-

1294 2231 1384 2264 rium
1407 2231 1575 2265 Clementis
1593 2230 1705 2274 Papae
1733 2228 1814 2262 t'III
1830 2228 1991 2262 observari

1294 2295 1391 2328 super
1412 2285 1471 2318 hac
1490 2295 1524 2317 re
1543 2287 1732 2317 eructuatum
1751 2281 1868 2316 curet&

1489 2382 1600 2410 Paulus
1621 2381 1698 2415 Papa
1719 2380 1750 2406 V.

1251 2471 1420 2499 Venerabili
1439 2470 1527 2498 fratri
1543 2470 1686 2504 Episcopo
1703 2468 1876 2501 Genetensi,
1895 2475 1929 2496 ac
1945 2468 1990 2495 di-

1286 2511 1375 2544 lectis
1391 2516 1480 2548 filiis,
1505 2515 1570 2543 eius
1591 2515 1622 2542 in
1646 2513 1855 2548 spiritualibus
1876 2513 1989 2541 vicario

1287 2560 1418 2595 generali
1441 2567 1495 2588 nec
1516 2566 1576 2586 non
1591 2557 1798 2586 communitati
1814 2560 1845 2584 et
1860 2556 1988 2584 homini--

1286 2606 1342 2633 bus
1359 2604 1493 2633 civitatis
1510 2602 1692 2636 cenetensis,
1705 2601 1894 2635 caeterisque
1905 2599 2036 2652 prae.

1289 2715 1306 2749 1ν
1323 2711 1359 2739 Ex
1376 2711 1483 2747 Regest.
1497 2711 1523 2738 in
1539 2711 1638 2738 Secret.
1653 2708 1788 2736 Brevium,
