2227 3241
283 274 331 302 An.
350 275 380 303 c.
396 274 466 302 1608
511 264 576 299 498

1061 271 1245 297 normarum
1265 263 1421 298 ROMANUM

2009 273 2058 301 An.
2075 273 2103 301 G.
2124 274 2206 303 ΜΗ

483 323 522 356 de
543 332 607 366 qua
627 320 793 363 agebatur,
817 319 969 363 probata,
994 319 1034 352 ad
1055 319 1221 353 canoniza-
1236 320 1239 351 l
1254 320 1324 360 bus,
1349 329 1431 364 quae
1450 325 1636 353 sanctorum
1657 326 1785 364 patrum
1807 321 1991 362 auctoritas,
2010 335 2064 356 vaus
2086 339 2177 357 servani.
2203 320 2211 367 ²l

484 375 605 408 tionem
622 373 754 417 procedi
772 378 858 406 recte
871 383 964 416 posse
978 379 1181 406 censuerunt.

320 442 357 464 ute
374 441 468 463 pontifex
528 427 543 470 ᾗ
560 425 612 460 33.
633 426 744 470 Itaque
764 435 876 459 eorum
894 426 1051 460 sententia
1068 427 1131 459 una
1150 436 1222 460 cum
1240 443 1241 452 ι

283 468 468 527 ἷῖἷιῖιῖἷὲῃὲἒῗωῖἓ
485 479 654 520 omnibus,
679 489 760 523 quae
782 479 813 511 in
839 481 934 512 causa
960 485 1070 520 erant,
1095 479 1126 512 in
1149 490 1224 513 con-

284 523 470 577 &Selzssi‘lt'lnfsst
484 531 611 567 sistorio
625 538 736 566 nostro
750 537 873 565 secreto
887 542 905 565 a
918 532 1154 565 venerabilibus
1168 532 1225 565 sra-

285 576 347 630 ῗρὲῗιῗ
373 576 469 629 εὲῗὲἶὲἓῖ
487 591 532 620 tre
557 591 668 619 nostro
688 584 854 619 Dominico
887 584 1037 629 episcopo
1068 584 1225 618 Hostiensi

283 628 470 683 'gfflgsqffflgfssgss
485 638 514 672 S.
533 638 568 672 R.
585 638 619 671 E.
637 637 792 672 cardinali
814 637 936 671 Pinello
961 643 1158 682 nuncupato,
1182 648 1226 670 sa-

284 678 470 735 §2²⁵³3.¹v'1¹.¹1{‚‘{„l}l33
485 691 531 726 cri
552 691 679 734 collegii
701 691 835 732 decano,
860 697 888 724 et
911 691 1100 724 eorumdem
1122 690 1226 724 cardi-

283 732 607 785 lsssslssrfflu‘lffimnalium
629 744 827 789 antiquiore,
857 744 1041 778 summatim
1072 749 1101 777 et
1127 754 1224 788 appo-

483 798 544 832 site
565 798 693 838 relatis,
715 807 787 831 cum
809 796 926 841 reliqui
945 797 1142 838 cardinales,
1171 797 1225 841 qui

484 851 677 892 adfuerunt,
702 851 786 884 idem
808 850 1022 890 censuissent,
1043 850 1075 883 in
1096 850 1226 894 publico

483 904 647 950 frequenti
674 904 866 938 consistorio
899 905 1007 938 audita
1032 904 1226 937 dilectorum

481 957 623 993 filiorum
644 958 794 993 Gamerae
805 958 899 992 Urbis
912 963 1041 992 nostrae
1059 968 1227 991 conserva-

482 1019 589 1047 torum
608 1023 667 1058 pro
686 1012 931 1046 canonizatione
954 1012 1150 1052 huiusmodi,
1170 1022 1227 1056 per

484 1066 635 1101 dilectum
662 1066 764 1099 silium
792 1066 1021 1110 Hieronymum
1049 1066 1086 1099 de
1108 1065 1227 1098 Rubeis

483 1120 516 1154 P.
534 1120 569 1154 R.
587 1120 778 1154 advocatum
803 1119 913 1152 habita
931 1119 1049 1152 diserta
1068 1119 1225 1161 oratione,

483 1185 520 1208 ac
551 1175 590 1209 de
614 1185 648 1208 re
671 1175 757 1207 tanta
778 1184 855 1214 nos,
880 1179 914 1207 ut
935 1173 1124 1217 oportebat,
1153 1183 1224 1205 cum

484 1228 597 1262 iisdem
624 1227 841 1261 cardinalibus
869 1233 899 1260 et
927 1227 1086 1271 episcopis
1104 1226 1226 1260 delibe-

484 1288 612 1315 raturos
644 1291 799 1325 responso
832 1281 925 1320 dato,
958 1280 1087 1313 eosdem
1118 1280 1224 1313 cardi-

484 1336 573 1370 nales
594 1341 625 1369 et
644 1335 813 1379 episcopos
835 1335 874 1368 ad
899 1334 1141 1378 implorandum
1163 1334 1226 1367 ele-

479 1389 664 1434 emosynis,
693 1388 838 1429 ieiuniis,
867 1393 897 1421 et
921 1388 1122 1421 orationibus
1147 1385 1246 1421 divi-¹

485 1453 562 1476 num
581 1441 734 1476 auxilium
755 1442 785 1475 in
805 1441 942 1475 Domino
965 1440 1082 1475 hortati
1103 1452 1223 1474 sumus.

313 1509 470 1542 ramalem-fn.
531 1497 547 1538 ἓ
569 1493 621 1529 34.
645 1495 766 1529 Deinde
787 1495 976 1528 eorumdem
999 1494 1225 1535 cardinalium,

285 1536 472 1588 {fflss'l'la‘e‘illti
486 1549 758 1594 patriarcharum,
779 1549 1098 1593 archiepiscoporum
1117 1555 1147 1582 et
1168 1549 1230 1592 cpi-

286 1589 457 1615 ⁰⁰mpr⁰¹’³‘¹¹¹¹''
487 1613 661 1646 scoporum
691 1602 722 1635 in
747 1603 831 1636 Urbe
852 1602 1087 1646 praesentium,
1109 1602 1229 1635 consis—

487 1655 569 1689 torio
594 1655 809 1699 semipublico
835 1655 973 1696 indicto,
996 1655 1027 1688 in
1048 1665 1112 1699 quo
1131 1655 1226 1688 etiam

486 1708 599 1749 nostri,
623 1713 653 1742 et
673 1707 866 1752 apostolicae
887 1708 976 1742 Sedis
997 1707 1115 1741 notarii
1134 1713 1163 1741 et
1180 1719 1228 1741 sa-

488 1761 534 1795 cri
555 1761 669 1795 Palatii
687 1761 860 1805 Apostolici
877 1771 1045 1795 causarum
1064 1761 1228 1794 auditores

486 1815 590 1849 vocati
612 1815 802 1855 adfuerunt,
826 1814 922 1848 iidem
946 1815 1146 1855 cardinales,
1170 1826 1227 1858 pa-

486 1868 665 1909 triarchae,
687 1868 921 1912 archiepiscopi
944 1878 1075 1909 omnes,
1100 1868 1226 1901 beatam
1245 1870 1246 1875 ’

487 1923 688 1956 Franciscam
704 1923 801 1963 exiis,
819 1933 901 1967 quae
916 1933 933 1956 a
945 1923 1038 1956 nobis
1064 1923 1227 1966 proposita

488 1982 519 2011 et
537 1987 573 2010 ex
595 1987 746 2020 processu
764 1977 864 2010 relata
884 1977 1021 2018 fuerant,
1046 1977 1114 2010 iure
1133 1987 1228 2010 cano-

487 2030 657 2063 nizandam
679 2040 746 2063 esse
767 2036 971 2063 censuerunt.

533 2085 549 2126 g
570 2082 621 2117 35.
647 2084 789 2123 Quorum
815 2084 982 2117 sententiis
1007 2084 1142 2124 audilis,
1172 2094 1229 2118 nos

488 2137 606 2181 gratias
622 2138 687 2171 Deo
707 2142 849 2180 agentes,
867 2138 953 2181 quod
971 2138 1119 2171 ancillam
1139 2148 1227 2171 suam

488 2201 546 2235 per
586 2190 801 2224 ministerium
835 2197 980 2224 nostrum
1021 2190 1228 2225 honorificari

488 2244 568 2277 velle
593 2244 792 2287 dignaretur,
817 2244 1068 2277 canonizationis
1089 2244 1152 2278 diei
1177 2246 1229 2278 (le-

489 2296 698 2330 clarationem
720 2297 813 2330 nobis
834 2297 1076 2337 reservavimus,
1101 2308 1248 2339 omnes-l

489 2361 552 2395 que
583 2351 622 2384 ad
643 2351 755 2384 devote
784 2351 910 2385 interim
938 2352 1105 2385 nobiscum
1135 2342 1248 2390 oran—i

489 2405 585 2445 dum,
609 2409 640 2438 et
661 2405 890 2449 eleemosynis,
916 2405 1043 2438 ieiuniis
1067 2416 1103 2438 uc
1131 2393 1248 2439 sacri-¹

490 2458 572 2492 ficiis
598 2459 769 2492 caelestem
794 2457 930 2501 Spiritus
955 2458 1062 2491 Sancti
1089 2459 1249 2495 savorem,

490 2512 521 2545 in
537 2522 606 2545 eain
621 2522 687 2545 rem
711 2510 892 2544 infirmitati
905 2517 1033 2544 nostrae
1055 2522 1232 2555 procuran-

490 2565 564 2599 dum
581 2565 599 2602 ¹,
629 2564 744 2598 iterum
770 2564 930 2598 adhortati
952 2575 1072 2597 sumus.
1247 2557 1250 2585 l

535 2619 551 2661 ξ
573 2617 624 2652 36.
650 2618 691 2652 Ac
719 2617 865 2657 tandem,
890 2617 949 2650 rite
970 2618 1107 2662 peractis
1128 2618 1231 2652 omni-

336 2093 362 2114 Et
377 2094 472 2113 Pontifex

287 2120 342 2140 diem
362 2120 472 2141 canonia*

286 2147 349 2167 tionis
359 2147 473 2172 praefigen-

286 2173 335 2193 dam
350 2173 390 2194 sitsi
407 2179 474 2194 rescr-

287 2202 327 2220 val.

318 2622 417 2645 Tnmdem
433 2629 474 2645 ner·

527 2682 536 2706 l
561 2679 632 2707 Edit.
650 2679 734 2708 Main.
752 2680 817 2715 legit
828 2680 1049 2716 procurandam
1068 2683 1104 2714 [n.
1120 2684 1168 2713 rr.).

1255 382 1422 406 sacrorum
1449 383 1609 406 canonum
1639 378 1776 415 statuta,
1800 379 1996 419 sanctaeque

1256 426 1418 459 Romanae
1449 424 1608 459 Ecclesiae
1639 425 1772 470 antiqua
1797 427 1996 461 consuetudo

1258 478 1289 511 in
1307 488 1341 512 re
1358 477 1542 512 huiusmodi
1559 478 1743 523 peragenda
1763 479 1997 523 praescribunt,

1259 532 1355 566 hodie
1376 532 1407 565 in
1428 534 1518 566 sacra
1539 532 1624 566 beati
1642 531 1726 566 Petri
1747 531 1902 576 principis
1921 542 1998 577 apo-

1258 586 1414 619 stolorum
1436 585 1579 626 basilica,
1600 585 1639 619 ad
1660 595 1756 630 quam
1778 587 1841 620 una
1859 595 1931 619 cum
1950 585 1998 620 iis-

1260 639 1332 672 dem
1360 638 1514 672 fratribus
1542 638 1659 672 nostris
1688 644 1814 672 sanctae
1835 638 1999 673 Romanae

1259 691 1418 725 Ecclesiae
1444 691 1679 732 cardinalibus,
1705 685 1831 725 necnon
1860 691 1997 736 patriar-

1260 744 1345 786 chis,
1369 744 1640 789 archiepiscopis,
1661 745 1840 789 episcopis,
1863 744 1999 790 aliisque

1260 798 1423 831 Romanae
1437 796 1551 832 Curiae
1563 797 1726 842 praelatis,
1739 796 1941 839 officialibus,
1962 807 1998 832 ac

1260 849 1472 884 familiaribus
1503 850 1641 892 nostris,
1669 851 1755 884 clero
1781 849 1937 884 saeculari
1962 860 1999 884 ac

1260 895 1413 947 regulari,
1437 904 1592 949 hymnum
1610 904 1678 938 Ave
1699 904 1800 937 maris
1817 903 1914 938 stella
1927 903 2000 938 hea-

1260 963 1310 990 tae
1330 952 1445 991 Maiiae
1466 957 1607 1001 Virginis
1636 962 1804 991 cantorum
1831 962 1924 992 coetu
1950 967 2000 992 re—

1260 1017 1404 1052 sonante,
1424 1011 1560 1045 solemni
1577 1011 1641 1045 ritu
1657 1010 1885 1056 processimus,
1903 1010 2000 1045 maxi-

1261 1068 1312 1099 ma
1328 1065 1439 1109 populi
1458 1065 1649 1109 frequentia.
1665 1064 1740 1098 Post
1756 1063 2000 1108 praedictorum

1261 1124 1524 1153 conservatorum
1541 1146 1548 1159 ,
1579 1128 1638 1163 pro
1670 1117 1922 1152 canonizationis
1946 1118 2001 1152 de-

1261 1177 1360 1211 creto,
1377 1182 1435 1217 per
1453 1172 1602 1206 eumdem
1618 1171 1810 1205 advocatum
1831 1175 2001 1206 consuetas

1261 1226 1432 1270 petitiones
1458 1226 1620 1270 repetitas,
1643 1231 1715 1270 post
1735 1236 1841 1260 sacras
1860 1225 1998 1267 litanias,

1261 1279 1463 1324 hymnosque
1489 1280 1694 1320 decantatos,
1730 1279 1944 1324 precibusque
1969 1279 2000 1314 in

1261 1333 1373 1377 spiritu
1391 1333 1581 1366 humilitatis
1599 1325 1795 1377 praemissis,
1812 1343 1849 1367 ac
1865 1332 2002 1378 Spiritus

1262 1387 1369 1421 Sancti
1388 1387 1490 1430 gratia
1504 1387 1565 1421 rite
1578 1387 1766 1431 implorata:
1790 1387 1830 1421 ad
1843 1384 2002 1422 honorem

1262 1441 1396 1475 Sanctae
1417 1446 1447 1474 et
1468 1441 1651 1475 individuae
1671 1441 1843 1482 Trinitatis,
1860 1441 1900 1476 ad
1913 1441 2000 1476 Fidei

1262 1494 1441 1528 Catholicae
1455 1494 1678 1529 exaltationem
1688 1500 1718 1528 et
1730 1494 1905 1538 Religionis
1918 1494 2002 1530 Chri-

1261 1548 1383 1582 stianae
1401 1554 1622 1591 angmentum,
1647 1548 1839 1582 auctoritate
1856 1547 2000 1584 eiusdem

1261 1601 1486 1636 Sanctissimae
1503 1601 1665 1635 Trinitatis
1681 1601 1793 1643 Patris,
1818 1607 1849 1636 et
1868 1602 1950 1644 Filii,
1971 1608 2002 1637 et

1262 1655 1399 1698 Spiritus
1423 1655 1551 1692 Sancti,
1582 1655 1750 1689 beatorum
1779 1656 2000 1699 apostolorum

1262 1708 1344 1741 Petri
1370 1714 1400 1742 et
1425 1708 1534 1749 Pauli,
1562 1719 1598 1741 ac
1624 1711 1749 1750 nostra,
1770 1709 1809 1743 de
1834 1709 2001 1743 venerahi-

1263 1762 1339 1795 lium
1367 1762 1499 1795 fratrum
1526 1767 1711 1795 nostrorum
1737 1767 1866 1796 sanctae
1885 1763 2002 1797 Roma-

1245 1826 1322 1855 ¹nac
1351 1815 1509 1849 Ecclesiae
1536 1815 1768 1857 cardinalium,
1797 1816 1998 1860 patriarcha-

1244 1859 1352 1909 ]vum,
1376 1869 1697 1914 archiepiscoporum
1719 1876 1750 1904 et
1773 1870 2000 1915 episcoporum

1264 1923 1294 1955 in
1306 1922 1390 1956 Urbe
1408 1923 1627 1967 praesentium
1646 1923 1794 1965 consilio,
1810 1930 1840 1958 et
1857 1923 2002 1958 unanimi

1263 1987 1432 2017 consensu,
1449 1977 1575 2010 beatam
1593 1977 1797 2011 Franciscam
1811 1977 2002 2020 Romanam,
2026 2000 2031 2003 -

1263 2040 1299 2063 ex
1319 2029 1440 2064 Oblatis
1466 2029 1652 2064 monasterii
1669 2030 1777 2064 Turris
1794 2031 2000 2075 speculorum

1262 2084 1374 2123 Urbis,
1397 2083 1525 2117 Ordinis
1549 2084 1649 2117 sancti
1677 2083 1839 2118 Benedicti
1860 2094 1999 2128 congre-

1263 2137 1399 2179 gationis
1420 2137 1532 2171 Montis
1552 2136 1675 2178 Oliveti,
1697 2137 1787 2171 cuius
1807 2147 1925 2182 corpus
1941 2138 2002 2172 Ro-

1265 2201 1334 2224 mae
1368 2190 1399 2223 in
1433 2190 1573 2224 Ecclesia
1604 2196 1734 2224 sanctae
1757 2190 1874 2224 Mariae
1897 2191 2004 2225 Novae

1264 2246 1449 2288 nuncupata
1481 2243 1513 2276 in
1544 2254 1623 2288 pace
1658 2243 1813 2288 quiescit,
1844 2244 1884 2278 de
1913 2243 2004 2278 cuius

1263 2298 1429 2331 sanctitate
1456 2297 1546 2337 vitae,
1571 2297 1646 2331 fidei
1669 2297 1864 2338 sinceritate,
1888 2303 1919 2331 et
1943 2297 2004 2331 rni-

1266 2350 1382 2384 raculis
1403 2351 1497 2394 plene
1517 2350 1684 2384 constabat
1709 2356 1739 2384 et
1759 2355 1904 2391 constat,
1927 2349 2006 2385 San-

1265 2409 1346 2437 ctam
1381 2414 1449 2437 esse
1485 2403 1711 2444 definivimus,
1746 2414 1782 2437 ac
1813 2403 2004 2438 Sanctarum

1265 2457 1437 2490 mulierum
1460 2457 1605 2500 catalogo
1626 2455 1872 2490 adscribendam
1892 2456 2006 2490 decre-

1265 2510 1384 2551 vimus,
1405 2515 1501 2554 prout
1520 2509 1739 2554 praesentium
1761 2514 1872 2544 tenore
1893 2509 2006 2544 defini-

1267 2574 1347 2601 mus,
1377 2563 1581 2597 decernimus
1601 2568 1631 2597 et
1651 2563 1875 2604 adscribimus,
1899 2563 2005 2598 illam—

1265 2627 1327 2661 quc
1352 2627 1464 2650 omnes
1485 2616 1594 2650 fideles
1615 2616 1760 2650 venerari
1781 2616 2004 2650 mandavimus

1266 2676 1296 2704 et
1315 2669 1515 2704 mandamus.

2009 361 2178 384 bnamma
2208 381 2211 393 ,

2010 393 2056 410 cam
2094 387 2140 411 San
2176 392 2183 412 J
2203 396 2211 418 z,

2011 419 2151 463 53⁵⁰0¹fflm
2200 424 2211 471 Ji
