2227 3241
241 281 290 309 An.
308 281 336 309 C.
357 282 425 311 ¹610
470 273 534 309 658
1016 282 1190 307 Bruanium

440 342 528 371 mus,
556 336 585 363 et
607 331 737 374 insuper
763 329 882 363 eisdem
909 329 953 362 sic
977 329 1123 373 provisis,
1147 335 1181 363 ut

441 385 472 416 in
495 384 651 417 desectum
685 382 912 426 episcoporum
944 388 973 416 et
1002 382 1177 424 abbatum,

440 435 657 470 assistentibus
677 446 748 468 cum
778 435 928 480 episcopo
956 436 1078 470 duabus
1106 447 1180 480 per-

439 489 525 523 sonis
552 489 582 521 in
608 488 762 531 dignitate
793 489 969 532 apostolica
1001 489 1181 523 constitutis

440 553 556 576 munus
577 541 827 576 consecrationis
847 542 1009 587 suscipere
1030 543 1130 576 libere
1152 549 1181 576 et

440 596 527 629 licite
550 595 674 640 possint
706 601 736 628 et
767 595 913 637 valeant,
934 596 1123 630 auctoritate
1151 603 1182 630 et

442 656 552 683 tenore
581 649 753 693 praedictis
786 648 993 682 concedimus
1018 654 1049 683 et
1073 648 1180 683 indul-

439 713 560 746 gemus.
602 702 758 746 Quodque
789 701 833 735 sic
867 702 1030 746 promoti,
1062 702 1117 746 qui
1149 702 1181 735 in

438 755 544 800 primo
571 755 705 788 transitu
730 755 858 788 navium
885 756 924 788 ad
946 762 1052 799 partes
1076 755 1180 789 India-

439 820 511 842 rum
532 808 771 853 praedictarum
788 809 826 842 de
844 808 1030 842 huiusmodi
1047 809 1181 842 transitu

440 862 592 896 certiores
610 862 684 896 facti
709 863 748 896 ad
770 863 919 896 ecclesias
937 874 1009 896 suas
1029 873 1181 907 persona-

440 916 513 950 liter
530 916 649 960 absque
671 919 764 949 causa
789 916 968 952 necessaria
988 927 1053 950 non
1075 927 1180 950 acces-

441 969 551 1011 serint,
572 969 658 1002 iuxta
681 969 837 1014 praedicti
865 969 1010 1013 Gregorii
1041 970 1178 1014 praede—

442 1023 576 1057 cessoris
607 1022 786 1056 litterarum
821 1028 987 1064 tenorem,
1022 1033 1100 1067 quas
1126 1034 1183 1068 per

442 1082 626 1122 praesentes
647 1077 742 1111 etiarn
765 1077 995 1110 confirmamus
1009 1083 1038 1110 et
1052 1078 1183 1111 innova-

279 1140 428 1178 inobedgenies
444 1142 526 1172 mus,
547 1132 680 1172 fructus,
702 1131 847 1165 redditus
868 1136 897 1164 et
918 1137 1090 1175 proventus
1110 1142 1183 1164 sua-

243 1167 429 1215 flltllil?‘s32{h¹1¹2
443 1195 515 1218 rum
549 1184 757 1218 ecclesiarum
790 1195 890 1229 usque
923 1184 962 1218 ad
995 1184 1183 1218 eorumdem

243 1222 329 1246 ¹⁹⁰d⁰⁵⁵
445 1239 616 1272 adventum
638 1239 677 1272 ad
699 1238 847 1272 ecclesias
865 1238 1044 1282 praedictas
1065 1238 1181 1272 decur-

445 1292 563 1326 rendos
580 1292 737 1333 amittant,
759 1292 886 1336 illisque
911 1292 1026 1336 privati
1052 1292 1186 1325 existant

446 1352 477 1380 et
494 1344 709 1387 censeantur¹3
733 1351 828 1390 prout
853 1355 910 1378 nos
936 1345 1051 1378 harum
1080 1345 1160 1379 serie
1175 1373 1182 1386 ,

446 1399 637 1434 auctoritate
658 1405 688 1432 et
709 1404 820 1432 tenore
844 1398 1014 1440 similibus,
1038 1398 1187 1432 omnibus

447 1452 617 1494 fructibus,
637 1452 815 1486 redditibus
836 1457 866 1485 et
891 1451 1101 1496 proventibus
1121 1452 1183 1486 hu-

448 1507 586 1541 iusmodi
601 1507 774 1551 privamus,
792 1506 928 1550 illosque
942 1516 1000 1550 pro
1018 1516 1188 1539 ornamen-

449 1561 487 1595 tis
502 1567 532 1595 et
545 1561 741 1606 paramentis
757 1560 989 1601 ecclesiasticis,
1010 1565 1039 1594 et
1056 1559 1186 1601 fabrica,

450 1626 487 1650 ac
506 1615 577 1648 aliis
596 1615 692 1649 rebus
713 1614 752 1648 ad
773 1614 895 1648 cultum
922 1613 1065 1647 divinum
1088 1613 1119 1646 in
1141 1613 1189 1646 di-

451 1669 508 1703 ctis
540 1668 682 1703 ecclesiis
714 1668 815 1711 magis
839 1667 1026 1701 necessariis
1051 1666 1190 1710 assigna-

452 1721 753 1766 mussapplicamus
771 1726 800 1754 et
820 1721 1076 1765 appropriamus.

263 1819 266 1821 -
299 1790 355 1813 Quos
370 1792 436 1813 per-1·
497 1777 513 1819 ξ
534 1775 563 1809 4.
588 1776 626 1809 Ut
646 1780 752 1808 autern
775 1785 864 1808 mens
878 1780 908 1808 et
922 1775 1066 1808 voluntas
1084 1780 1192 1807 nostra

247 1817 436 1874 liffif'u'i'tfsifffe'ifii'fi
452 1830 484 1863 in
498 1829 684 1874 praemissis
702 1829 828 1863 debitae
840 1829 1046 1873 exequutioni
1062 1829 1191 1862 deman-
1208 1848 1209 1852 =

248 1877 285 1891 ³¹¹³
309 1875 340 1889 '¹¹⁴
363 1868 436 1888 “¹¹¹⁸'‘
453 1883 555 1925 detur,
574 1882 697 1916 dilectis
714 1883 788 1916 filiis
809 1883 955 1927 capitulis
970 1882 1188 1923 ecclesiarum,

248 1897 345 1923 caiitulis

452 1947 589 1982 quarum
614 1937 777 1981 praesules
799 1937 830 1969 in
852 1936 937 1970 dicto
963 1936 1095 1969 transitu
1117 1936 1210 1978 illuc>¹

451 2002 515 2025 non
537 1990 731 2024 accesserint
758 2002 812 2024 seu
835 2001 951 2023 munus
977 1989 1192 2024 consecratio-

451 2045 499 2079 nis
517 2045 579 2079 alio
600 2045 632 2078 in
654 2045 724 2078 loco
745 2044 955 2088 susceperint,
973 2045 1105 2086 fructus,
1122 2044 1193 2078 red-

452 2101 536 2136 ditus
562 2105 593 2133 et
617 2105 792 2144 proventus
820 2099 1001 2143 praedictos
1030 2099 1061 2132 in
1090 2109 1189 2132 orna-

452 2160 559 2188 menta
593 2160 622 2187 et
654 2158 842 2198 paramenta
868 2152 1042 2193 ecclesiae,
1066 2162 1192 2186 necnon

451 2208 606 2242 fabricam
633 2211 663 2240 et
684 2206 760 2239 alias
780 2216 830 2239 res
848 2206 886 2239 ad
909 2205 1029 2239 cultum
1049 2205 1210 2252 divinum}

452 2262 553 2305 magis
579 2260 785 2301 necessarias,
815 2259 978 2293 dividendi
1010 2265 1105 2304 atque
1131 2259 1210 2307 dis-¹

453 2315 615 2350 tribuendi
635 2314 810 2355 licentiam,
835 2315 1017 2348 facultatem
1033 2320 1064 2347 et
1084 2319 1210 2348 aucto-t

454 2370 580 2404 ritatem
601 2368 808 2403 concedimus
829 2374 860 2401 et
880 2368 1095 2412 impertimur.
1209 2370 1210 2384 ¹

498 2425 514 2467 ξ
537 2423 566 2456 5.
590 2423 658 2457 Non
680 2422 880 2456 obstantibus
900 2421 1063 2466 quibusvis
1078 2410 1211 2455 consti-i

455 2477 630 2512 tutionibus
652 2481 683 2510 et
703 2475 961 2510 ordinationibus
990 2475 1190 2519 apostolicis,

454 2542 491 2564 ac
509 2531 666 2564 dictarum
682 2530 901 2570 ecclesiarum,
915 2529 1105 2570 iuramento,
1120 2539 1194 2562 con·
1209 2521 1211 2562 i

455 2585 636 2618 firmatione
661 2584 850 2628 apostolica,
876 2583 923 2616 vel
953 2582 1062 2626 quavis
1089 2582 1191 2614 firmi-

456 2642 518 2669 tate
539 2637 598 2669 alia
626 2636 795 2677 roboratis,
824 2635 948 2669 statutis
973 2640 1001 2667 et
1025 2640 1194 2667 consuetu-

267 2404 380 2434 Derngatio
389 2410 435 2425 con·

253 2433 372 2452 turiurum.

1200 1185 1308 1227 ¹illud,
1333 1185 1469 1219 ubilibet
1490 1185 1690 1227 adhibeatur,
1712 1196 1794 1230 quae
1813 1185 1889 1230 ipsis
1909 1185 1959 1219 lit-

495 2701 503 2727 1
527 2698 623 2736 Supple
636 2707 659 2728 v.
672 2699 866 2735 declaramus,
876 2698 947 2736 quod
958 2698 1106 2734 praecessit
1116 2698 1194 2734 (κατ).

1218 282 1367 307 ῐιοΜΑΝυΜ

1215 329 1343 364 dinibus
1358 356 1366 370 ,
1388 329 1564 373 privilegiis
1588 340 1716 374 quoque
1730 357 1738 371 ,
1760 330 1892 367 indultis
1922 337 1953 366 et

1215 382 1328 416 litteris
1349 382 1533 427 apostolicis
1558 383 1589 416 in
1615 383 1813 417 contrarium
1842 395 1951 419 earum

1214 437 1415 481 praesulibus
1440 437 1684 481 quomodolibet
1704 437 1874 479 concessis,
1897 449 1952 482 ap-

1215 490 1358 534 probatis
1376 495 1414 538 et¹
1426 490 1595 524 innovatis.
1618 490 1740 530 Quibus
1759 490 1909 525 omnibus
1925 497 1956 526 et

1214 543 1358 586 singulis,
1383 554 1495 577 eorum
1513 549 1637 578 tenores
1654 543 1877 588 praesentibus
1893 555 1954 589 pro

1215 597 1371 641 expressis
1396 597 1561 639 habentes,
1585 597 1647 631 illis
1667 597 1744 631 alias
1764 597 1797 631 in
1820 607 1879 632 suo
1896 608 1952 632 ro-

1215 649 1292 684 bore
1321 650 1540 694 permansuris
1559 678 1566 692 ,
1601 650 1660 684 hac
1691 650 1759 685 vice
1792 651 1957 685 dumtaxat

1215 704 1396 747 specialiter
1412 710 1442 738 et
1457 714 1602 748 expresse
1627 705 1830 748 derogamus,
1854 709 1956 739 caete-

1216 757 1323 801 risque
1344 757 1515 791 contrariis
1535 758 1804 802 quibuscumque.

1259 811 1275 852 S
1290 809 1319 843 6.
1336 810 1515 852 Caeterum,
1527 811 1603 855 quia
1617 810 1745 845 difficile
1758 810 1852 853 soree,
1865 821 1956 856 prae-

1215 869 1319 897 sentes
1350 863 1472 898 litteras
1504 865 1543 898 ad
1574 864 1700 907 singula
1731 874 1957 909 quaecumque

1216 917 1297 958 loca,
1314 917 1369 950 ubi
1383 928 1512 951 necesse
1526 917 1633 958 suerit,
1650 917 1779 959 deferri,
1799 918 1956 960 volumus,

1216 970 1302 1014 quod
1315 971 1522 1015 transumptis
1536 971 1753 1015 praesentium
1764 970 1956 1015 litterarum,

1217 1023 1322 1067 sigillo
1347 1024 1483 1058 alicuius
1502 1025 1638 1069 praelati
1659 1024 1864 1059 ecclesiastici
1880 1035 1953 1059 mu-

1219 1077 1292 1110 nitis
1313 1083 1343 1111 et
1364 1088 1460 1111 manu
1482 1078 1597 1111 notarii
1619 1078 1741 1122 publici
1755 1077 1954 1122 subscriptis,

1218 1131 1330 1165 eadem
1353 1130 1443 1173 tides,
1473 1137 1536 1164 tam
1562 1131 1593 1164 in
1614 1131 1732 1165 iudicio
1753 1142 1850 1176 quain
1871 1137 1959 1166 extra

1960 283 2009 311 An.
2025 283 2054 312 C.
2075 283 2146 313 1610

2010 763 2155 798 Transuifiptis

1970 798 2041 819 danda
2048 797 2108 819 fides.

1220 1239 1295 1273 teris
1320 1239 1532 1282 originalibus
1560 1239 1781 1281 adhiberetur,
1805 1239 1830 1273 si
1855 1240 1960 1273 forent

1220 1292 1380 1326 exhibitae
1402 1293 1447 1326 vel
1469 1300 1624 1336 ostensae.

1263 1347 1377 1379 Datum
1398 1347 1518 1380 Romae
1539 1347 1624 1392 apud
1648 1352 1795 1381 sanctum
1815 1347 1957 1389 Petrum,

1221 1400 1278 1433 sub
1297 1401 1416 1434 annulo
1438 1400 1618 1442 piscatoris,
1643 1401 1693 1434 die
1717 1411 1760 1435 vu
1781 1400 1962 1434 decembris

1221 1464 1317 1496 mccx,
1338 1454 1545 1499 pontificatus
1565 1455 1665 1488 nostri
1687 1465 1771 1488 anno
1788 1465 1830 1488 v1.

1259 1517 1316 1544 Dat.
1334 1517 1376 1544 die
1394 1517 1406 1544 7
1424 1517 1576 1544 decembris
1593 1517 1668 1548 1610,
1685 1517 1777 1553 pontif.
1795 1525 1840 1544 an.
1856 1523 1892 1544 Vt.

1525 1706 1661 1740 CLXVII.

1225 1832 1380 1866 Facultas
1402 1831 1650 1875 archiepiscopis
1675 1835 1703 1864 et
1730 1830 1884 1874 episcopis
1908 1830 1965 1864 In-

1270 1884 1403 1917 diarum
1432 1883 1690 1918 Occt'clentalium
1720 1883 1965 1917 celebrationem

1271 1937 1482 1971 conciliorum
1493 1937 1750 1984 provincialium
1768 1936 1810 1970 ad
1827 1936 1966 1970 duoden-

1272 1991 1365 2024 nium
1385 1990 1557 2034 differendi
1568 1989 1587 2023 ¹.

1463 2107 1574 2135 Paulus
1597 2107 1675 2141 Papa
1699 2107 1731 2139 V,

1378 2163 1413 2190 ad
1433 2163 1564 2191 futuram
1584 2162 1629 2190 rei
1649 2161 1827 2190 memoriam.

1270 2260 1406 2294 Romani
1438 2259 1600 2294 Pontificis
1633 2259 1864 2304 circumspecta
1893 2270 1966 2304 pro-

1227 2315 1367 2349 videntia
1385 2314 1547 2348 interdum
1562 2324 1610 2355 ea,
1626 2324 1708 2358 quae
1727 2324 1786 2358 per
1805 2313 1966 2347 Romanos

1229 2368 1399 2402 Pontifices
1424 2361 1557 2412 provide
1587 2373 1616 2402 et
1647 2372 1772 2401 mature
1803 2371 1919 2400 statuta
1936 2371 1968 2400 et

1228 2422 1377 2456 ordinata
1396 2422 1536 2462 suerunt,
1560 2421 1650 2454 novis
1670 2419 1968 2465 supervenientibus

1228 2475 1330 2509 causis
1355 2475 1480 2517 cogitur
1505 2474 1688 2515 immutare,
1722 2479 1827 2518 prout,
1859 2483 1966 2507 rerum

1229 2533 1258 2564 et
1274 2535 1455 2573 temporum
1470 2528 1677 2572 qualitatibus
1691 2527 1797 2561 debite
1813 2526 1964 2571 pensatis,

1229 2582 1386 2626 conspicit
1405 2581 1576 2615 salubriter
1593 2581 1626 2614 in
1645 2580 1781 2615 Domino
1802 2580 1963 2624 expedire.

1274 2637 1289 2679 ξ
1311 2635 1341 2668 l.
1363 2635 1447 2668 Alias
1467 2635 1624 2679 siquidem
1646 2633 1745 2667 felicis
1771 2634 1967 2668 recordatio-
1997 2636 2183 2670 Gregoriusxm'

1266 2700 1276 2726 1
1299 2697 1337 2727 Ex
1357 2697 1465 2734 Regest.
1486 2696 1513 2724 in
1533 2696 1634 2725 Secret.
1654 2695 1732 2724 Brev.

1987 2286 1989 2288 v
2008 2270 2129 2292 Exordium.
