2227 3241
237 287 326 314 Aac.
351 287 419 315 1606

257 772 295 795 Qui
312 771 413 791 Ordinum

231 800 357 823 regularium
386 804 414 817 in-

232 825 288 845 dulta
311 830 415 845 exanima-

232 855 292 874 runt.
307 854 326 871 et
350 851 415 870 indul·

231 878 358 903 peritiasiam
368 883 415 897 con·

231 910 302 924 cessas
317 909 417 924 revocan-

233 931 270 950 das
286 933 306 951 et
321 931 376 951 alias
391 930 416 949 tle

232 963 287 977 novo
298 956 416 977 conceden-

231 984 321 1004 dasesse
330 989 415 1004 censue-

231 1013 284 1030 runt.

290 1569 327 1589 tite
349 1569 421 1594 itaque

238 1596 332 1616 Pontifex
347 1596 385 1615 has
396 1595 421 1615 de

238 1628 291 1642 novo
313 1622 421 1646 Indulgen-

236 1649 275 1670 tias
283 1649 312 1670 eis
319 1648 423 1673 concedit,

238 1676 351 1696 videlicet:

270 2234 368 2256 Habitum
395 2241 427 2256 re-

245 2264 337 2287 gularem
362 2268 427 2283 susei-

245 2289 351 2314 pientinus
361 2296 365 2313 ;

279 2677 432 2698 Prosessionem

249 2704 403 2728 emittentibu52

464 277 527 310 531ss

430 336 468 368 ad
494 335 555 368 hoc
580 345 660 378 opus
689 344 707 367 a
734 334 818 367 dicto
846 333 1007 367 Clemente
1036 335 1169 378 praede-

430 398 554 421 cessore
580 387 759 430 deputatis,
793 387 832 419 de
861 397 999 430 quorum
1033 397 1168 420 numero

430 446 574 484 tempore
600 440 698 483 ipsius
718 440 888 473 Clementis
913 440 1169 484 praedecessoris

428 504 565 533 eramus,
595 493 790 526 iniunximus
814 499 850 526 ut
875 493 907 526 in
931 493 986 526 illo
1007 504 1104 537 opere
1129 494 1166 526 ad

427 546 582 579 ulteriora
599 547 883 590 progrederemur,
906 552 936 579 et
953 546 1169 589 indulgentias

428 600 629 642 regularibus
644 611 811 633 concessas
823 606 1103 643 recognoscerent,
1121 599 1171 633 iis-

429 663 490 696 que
512 653 696 696 recognitis,
722 664 788 686 rem
804 654 972 687 nobiscum
988 653 1168 688 communi-

429 712 548 740 carent.
791 739 793 745 ,

476 760 535 802 ἓΒ.
553 760 628 793 Cum
646 761 752 804 itaque
767 762 899 805 praefati
916 762 1094 796 cardinales
1108 761 1171 806 pri-

432 812 556 855 vilegia,
574 814 798 847 concessiones
813 821 842 848 et
860 815 978 857 gratias
998 814 1171 858 praedictis

432 866 652 909 Religionibus
673 874 703 901 et
723 867 896 902 Ordinibus
916 879 1082 902 concessas
1099 868 1171 902 dili-

432 925 543 962 genter
567 921 763 965 inspexerint
787 928 816 955 et
845 923 1108 963 examinaverint,
1136 934 1172 956 ac

432 975 621 1007 eorumdem
650 974 804 1008 Ordinum
831 976 1015 1020 superiores
1040 982 1070 1010 et
1095 976 1169 1009 offi-

432 1027 528 1060 ciales
553 1028 677 1071 pluries
706 1029 907 1070 audiverint,
937 1040 972 1062 ae
993 1029 1078 1062 cirea
1103 1040 1171 1062 eas-

431 1080 502 1112 dem
519 1080 735 1123 indulgentias
750 1082 836 1115 varia
851 1082 948 1115 dubia
963 1089 992 1116 et
1007 1082 1172 1116 incertitu-

431 1133 520 1166 dines
543 1139 574 1166 et
599 1135 803 1168 confusiones
818 1136 927 1169 adesse
942 1135 1169 1180 compererint,

431 1194 461 1221 et
484 1200 519 1221 ex
547 1189 665 1222 iudicio
691 1190 879 1222 eorumdem
906 1190 1001 1223 etiam
1030 1190 1170 1232 Regula-

431 1242 513 1274 rium
536 1243 583 1275 vel
605 1242 788 1286 aliquorum
807 1254 843 1276 ex
865 1243 926 1275 illis
947 1243 1040 1276 nobis
1060 1254 1174 1287 propo-

431 1295 555 1328 suerint
570 1295 662 1328 valde
681 1296 842 1339 expedire,
859 1306 917 1339 pro
931 1307 1042 1329 eorum
1059 1297 1173 1330 maiori

432 1349 602 1381 securitate
630 1355 660 1382 et
685 1349 865 1389 beneficio,
897 1355 932 1382 ut
960 1349 1175 1392 indulgentias

434 1402 509 1445 ipsis
530 1402 751 1445 Religionibus
773 1408 803 1435 et
822 1402 994 1436 Ordinibus
1015 1403 1054 1436 ad
1076 1403 1175 1436 instar

434 1455 483 1488 vel
500 1466 557 1499 per
575 1455 904 1489 communicationem
937 1462 991 1489 aut
1011 1456 1089 1490 alias
1107 1467 1176 1500 par-

436 1508 586 1541 ticulares
607 1508 668 1542 illis
689 1509 951 1543 concederemus:

482 1563 498 1603 g
519 1561 549 1594 lt.
571 1562 644 1603 Nos,
669 1565 794 1596 matura
819 1573 915 1606 super
932 1562 993 1596 hoc
1014 1563 1175 1596 consulta-

439 1613 525 1647 tione
551 1615 750 1658 praehabita,
778 1615 943 1659 cupientes
962 1616 1108 1659 personis
1128 1627 1177 1649 re-

437 1667 603 1710 gularibus
625 1668 882 1712 quibuscumque
903 1669 1089 1712 quorumvis
1114 1668 1173 1702 Or-

437 1720 548 1754 dinum
575 1727 636 1753 tam
665 1721 914 1754 Monasticorum
936 1732 1032 1765 quam
1058 1722 1177 1755 Mendi-

437 1774 578 1807 cantium
606 1774 772 1818 spirituale
797 1775 946 1808 solatium
973 1781 1003 1808 et
1028 1775 1176 1808 iuvamen

437 1829 562 1870 afferre,
580 1829 797 1873 infrascriptas
822 1829 1039 1872 indulgentias
1060 1836 1089 1863 et
1106 1841 1178 1873 gra-

438 1883 496 1916 tias
511 1884 603 1927 (quas
621 1884 767 1927 personis
781 1884 984 1926 regularibus
997 1884 1081 1917 intra
1097 1885 1180 1917 clau-

438 1942 512 1978 stra,
537 1942 592 1970 aut
609 1942 709 1979 extra,
730 1949 802 1971 cum
826 1937 951 1972 lieentia
974 1943 1078 1972 tamen
1104 1949 1178 1971 suo-

439 2001 508 2023 rum
535 1991 739 2034 superiorum
760 1991 917 2034 legittima
938 1992 977 2025 de
998 1993 1093 2025 causa
1118 1991 1181 2025 illis

439 2045 601 2084 concessa,
619 2044 810 2087 degentibus
828 2045 1054 2079 tautummodo
1072 2045 1182 2078 suffra-

440 2097 507 2140 gari
529 2097 647 2131 debere
662 2098 874 2141 declaramus)
891 2099 1113 2133 concedendas
1128 2099 1182 2132 du-

440 2151 554 2185 ximus.

487 2207 503 2247 ξ
531 2206 560 2238 5.
592 2205 747 2239 Omnibus
773 2205 869 2248 igitur
897 2205 1178 2247 christifidelibus,

443 2258 498 2302 qui
520 2259 673 2292 canonice
699 2264 729 2292 et
754 2258 839 2291 iuxta
859 2259 988 2292 ordines
1013 2259 1183 2293 cuiuslibet

443 2312 618 2355 Religionis
649 2317 679 2346 et
713 2313 957 2346 constitutiones
993 2313 1183 2357 apostolicas

445 2366 588 2399 habitum
614 2366 796 2409 regularem
818 2376 835 2399 a
856 2366 1006 2408 legitimis
1031 2366 1180 2410 superio-

445 2421 531 2454 ribus
546 2422 640 2454 causa
657 2420 831 2464 profitendi
849 2420 880 2452 in
898 2420 952 2453 illo
970 2420 1180 2464 susceperint,

446 2474 497 2507 die
510 2474 616 2518 primo
630 2474 792 2516 ingressus
805 2473 836 2506 in
853 2473 952 2517 ipsam
968 2473 1180 2516 Religionem,

445 2527 470 2559 si
499 2537 572 2560 vere
593 2527 794 2571 poenitentes
816 2532 847 2559 et
869 2526 1004 2559 confessi
1023 2526 1185 2560 sanctissi-

448 2591 535 2613 mum
549 2580 767 2614 Eucharistiae
787 2585 1024 2613 sacramentum
1045 2591 1185 2624 sumpse-

449 2633 535 2674 rint,
563 2634 763 2677 plenariam,

494 2688 510 2729 ἕ
529 2686 558 2719 6.
583 2688 626 2721 Ac
645 2687 775 2721 cuilibet
793 2687 924 2730 novitio,
941 2686 997 2731 qui
1017 2685 1186 2731 poenitens

1014 287 1197 310 BULLARIUM
1217 287 1370 311 ROMANIJM

1204 335 1378 375 consessus,
1399 344 1436 367 ac
1452 335 1542 367 sacra
1559 334 1788 367 communione
1806 335 1943 368 resectus

1203 394 1274 431 post
1291 388 1486 431 completum
1509 386 1708 430 probationis
1729 397 1847 420 annum
1868 398 1943 431 pro-

1205 441 1373 473 fessionem
1400 440 1553 481 emiserit,
1582 440 1677 474 etiam
1699 440 1896 484 plenariam3
2149 435 2177 475 «ιζ

1249 495 1264 535 ξ
1291 493 1320 526 7.
1353 493 1484 526 Necnon
1518 493 1651 527 cuilibet
1679 493 1830 536 religioso
1861 493 1944 526 inter
1983 509 2072 531 1ntesio

2112 504 2134 515 .’
2162 496 2169 515 ί

2102 516 2142 532 ΠΕ·

1204 547 1342 580 claustra
1367 546 1415 580 sui
1445 547 1631 580 monasterii
1656 547 1794 588 viventi,
1825 546 1880 591 qui
1911 546 1944 579 in
1958 515 2178 588 ζῖξῗιίέἒῶἕξξξζξζ
2202 539 2203 562 ³

1205 601 1284 634 festo
1309 600 1478 644 principali
1504 600 1551 633 sui
1576 599 1703 634 Ordinis
1727 600 1891 633 confessus
1914 605 1946 634 et
1959 590 2142 643 fssssllltltlssfffif
2158 638 2178 656 n
2194 602 2197 646 J

1205 656 1295 687 sacra
1325 654 1554 688 communione
1585 654 1723 687 refectus
1747 653 1863 695 fuerit,
1891 659 1946 687 aut
2151 656 2179 699 {s

1206 707 1334 740 missam
1353 707 1502 740 recitans¹
1517 717 1576 751 pro
1589 707 1837 741 christianorum
1855 707 1945 751 prin-

1206 761 1312 804 cipum
1328 761 1509 801 concordia,
1532 761 1701 795 haeresum
1720 760 1942 805 extirpatione,

1206 814 1341 847 Romani
1361 814 1524 847 Pontificis
1548 814 1649 848 salute
1674 824 1710 847 ac
1734 819 1862 848 sanctae
1882 814 1946 847 Ma-

1208 867 1262 900 tris
1282 867 1442 901 Ecclesiae
1468 867 1660 901 exaltatione
1685 868 1753 912 pias
1781 867 1820 901 ad
1843 866 1946 907 Deum

1207 931 1317 964 preces
1342 920 1503 961 effuderit,
1527 921 1623 955 etiam
1644 921 1844 965 plenariam3

1252 974 1312 1017 §8-
1330 975 1362 1008 In
1382 975 1553 1008 cuiuslibet
1574 985 1649 1008 vero
1668 975 1780 1008 mortis
1798 975 1944 1016 articulo,
1973 991 2010 1021 ,ιη
2030 992 2102 1022 mom,
2115 994 2175 1031 ,μὴ

1207 1027 1233 1060 si
1253 1027 1374 1071 pariter
1391 1039 1463 1061 vere
1484 1028 1652 1072 poenitens
1673 1034 1704 1062 et
1720 1029 1884 1062 confessus
1912 1039 1948 1062 ac
1963 1018 2027 1069 llssll'ff‘ss
2037 1020 2147 1066 {ignum
2167 1027 2178 1045 '⁴

1208 1083 1297 1114 saera
1311 1081 1540 1116 communione
1558 1083 1704 1123 resectus,
1718 1083 1777 1125 vel,
1792 1088 1949 1126 quatenus

2163 1047 2186 1088 ἒ

1208 1134 1239 1167 id
1257 1135 1361 1168 facere
1379 1135 1569 1179 nequiverit,
1590 1136 1703 1168 saltem
1723 1135 1879 1169 contritus
1892 1146 1950 1169 no-
2119 1168 2129 1180 ,
2162 1131 2183 1189 ἒ
2200 1159 2203 1164 ff

2160 1283 2182 1312 *ε

1209 1198 1281 1220 men
1295 1188 1364 1221 lesu
1378 1198 1444 1229 ore,
1458 1188 1482 1221 si
1501 1189 1653 1232 potuerit,
1667 1189 1714 1221 sin
1730 1194 1837 1222 autem
1852 1189 1949 1223 corde

1209 1241 1321 1273 devote
1340 1241 1544 1281 invocaverit,
1569 1241 1665 1274 etiam
1687 1241 1889 1285 plenariam;

1253 1294 1267 1337 ἓ
1288 1294 1317 1327 9.
1349 1294 1407 1334 Qui
1432 1305 1508 1328 vero
1534 1295 1573 1328 ad
1597 1295 1836 1339 presbyteratus
1860 1296 1948 1329 ordi·
1971 1310 2149 1342 Missampstmam
2165 1313 2203 1348 ’θ

1210 1359 1282 1381 nem
1301 1349 1454 1382 canonice
1470 1355 1638 1393 promotus
1656 1355 1687 1383 et
1711 1350 1872 1383 confessus
1884 1349 1950 1393 pri·
1963 1338 2183 1394 ssssieiiiissiffissd-S‘
2201 1347 2204 1393 ξ

1210 1412 1295 1434 mam
1321 1402 1450 1435 missam
1473 1402 1659 1443 celebrabit,
1683 1413 1742 1436 nec
1766 1413 1831 1436 non
1852 1402 1950 1436 etiam
1965 1390 2030 1412 unus.
2160 1392 2181 1415 “²¹
2202 1398 2204 1404 ¹

1210 1454 1248 1488 iis
1272 1455 1442 1497 religiosis,
1466 1455 1520 1499 qui
1540 1455 1661 1499 pariter
1681 1455 1818 1489 confessi
1843 1466 1880 1489 ac
1900 1466 1950 1489 sa·
2116 1475 2125 1480 -
2162 1415 2183 1506 ἒ
2202 1490 2203 1497 ,

1210 1510 1262 1541 cra
1294 1508 1523 1541 communione
1557 1509 1665 1542 refecti
1700 1509 1803 1542 eidem
1837 1509 1952 1543 missae
2165 1499 2204 1541 4ἰν.

1211 1561 1426 1603 interfuerint,
1455 1567 1509 1595 aut
1534 1561 1602 1606 ipso
1628 1562 1678 1595 die
1704 1562 1832 1596 missam
1857 1562 1948 1595 simi·
2156 1543 2208 1612 ’ξιξ

1210 1614 1283 1648 liter
1308 1615 1528 1657 celebrabunt,
1557 1616 1653 1649 etiam
1680 1616 1881 1660 plenariam3
2165 1619 2178 1657 ξ

1256 1668 1270 1712 ἓ
1291 1667 1343 1701 10.
1372 1668 1411 1702 Iis
1439 1679 1525 1709 vero,
1550 1669 1616 1712 qui,
1645 1669 1684 1702 de
1708 1679 1842 1702 suorum
1856 1679 1951 1713 supe·
1966 1671 2204 1712 spiritualiaean-F·

1212 1723 1334 1755 riorum
1348 1722 1487 1765 licentia,
1502 1733 1518 1755 a
1532 1722 1669 1766 negotiis
1682 1734 1740 1767 per
1758 1723 1870 1757 decem
1884 1722 1952 1757 dies
1966 1711 2017 1757 {iiii
2052 1708 2150 1730 samm*

1211 1777 1307 1810 alieni
1333 1777 1365 1810 in
1390 1777 1470 1811 cella
1495 1777 1806 1819 commorabuntur,
1835 1782 1888 1810 aut
1912 1777 1952 1810 ab
2196 1820 2197 1825 1

1212 1830 1348 1863 aliorum
1365 1830 1605 1864 conversatione
1619 1831 1757 1874 separati
1776 1831 1807 1863 i’n
1825 1830 1953 1875 piorum
2159 1834 2169 1847 '
2194 1860 2195 1866 ,

1212 1884 1370 1917 librorum
1392 1889 1423 1916 et
1444 1884 1578 1917 aliarum
1605 1894 1712 1917 rerum
1739 1883 1953 1928 spiritualium

1213 1938 1338 1971 animos
1356 1938 1395 1971 ad
1417 1937 1618 1971 devotionem
1641 1943 1672 1971 et
1690 1937 1839 1981 spiritum
1861 1936 1956 1971 indu-

1214 1991 1355 2024 centium
1392 1991 1585 2024 lectionibus
1617 2001 1749 2034 operam
1783 2000 1872 2023 suam
1898 1989 1956 2022 de-

1215 2043 1331 2084 derint,
1353 2043 1501 2077 addendo
1520 2054 1616 2087 saepe
1637 2042 1913 2077 considerationes
1926 2046 1957 2075 et

1216 2096 1440 2130 meditationes
1466 2096 1689 2141 mysteriorum
1715 2095 1791 2129 fidei
1817 2093 1955 2129 catholi-
2194 2129 2195 2135 ¹

1216 2160 1293 2191 cae,
1322 2150 1504 2184 divinorum
1531 2149 1787 2190 beneficiorum,
1816 2153 1956 2193 quatuor
2156 2166 2169 2188 κ,

1216 2204 1486 2244 novissimorum,
1513 2203 1671 2248 passionis
1699 2202 1826 2236 Domini
1856 2201 1957 2235 nostri
2158 2196 2163 2207 ’

1217 2258 1286 2291 Iesu
1310 2257 1448 2298 Christi,
1483 2262 1514 2290 et
1542 2257 1679 2290 aliorum
1706 2255 1954 2297 exercitiorum,
2165 2288 2170 2294 ⁴

1217 2310 1400 2344 orationum
1418 2310 1692 2351 iaculatoriarum,
1716 2315 1770 2343 aut
1784 2308 1954 2350 vocalium,
2160 2310 2166 2315 “
2194 2303 2218 2342 Ἰἶ

1217 2365 1327 2398 saltem
1354 2373 1412 2408 per
1436 2364 1515 2397 duas
1540 2363 1635 2397 horas
1666 2363 1698 2396 in
1728 2363 1813 2396 diem
1840 2367 1871 2395 et
1893 2371 1955 2395 no-

1218 2423 1312 2457 ctem,
1341 2416 1541 2450 orationibus
1567 2415 1760 2449 mentalibus
1784 2425 1852 2449 sese
1870 2425 1959 2448 exer-

1218 2471 1332 2511 cendo,
1360 2470 1507 2503 faciendo
1532 2469 1645 2503 eodem
1671 2474 1818 2513 tempore
1835 2468 1960 2502 conses-

1218 2523 1342 2557 sionem
1360 2523 1544 2565 generalem
1576 2527 1630 2555 aut
1647 2521 1817 2555 annualem
1836 2521 1885 2554 vel
1905 2530 1958 2554 or-

1220 2576 1389 2617 dinariam,
1412 2575 1648 2609 sanctissimum
1669 2574 1886 2608 Eucharistiae
1910 2584 1960 2607 sa—

1219 2635 1420 2664 cramentum
1445 2629 1653 2673 sumpserint,
1680 2634 1736 2662 aut
1755 2629 1884 2663 missam
1910 2638 1960 2662 ce·

1256 2696 1267 2720 t
1290 2693 1382 2729 Aptius
1401 2692 1545 2729 legendum
1558 2692 1736 2728 recitaverit,
1752 2695 1809 2721 et...
1826 2692 1923 2728 (n.r.).
2191 2692 2196 2725 l:
