2227 3241
912 249 1011 273 ixnnx
1038 247 1144 271 RERUM
1687 232 1746 266 681

256 307 463 340 Cochinensis
488 306 657 349 episcopus
689 303 835 337 molestat
867 302 1143 344 archiepiscopum
1177 298 1465 343 Angamalensem,
1492 302 1522 331 et
1547 298 1752 341 redarguitur
1777 307 1795 330 a

348 360 444 394 Paulo
470 358 504 400 V,
530 359 592 392 664
619 358 646 400 b,
673 358 735 391 606
762 357 789 389 b.

260 413 434 447 Coecorum
460 411 631 455 hospitale:
658 410 727 443 cide
751 408 924 453 Hospitale.

257 467 362 502 Coena
385 466 530 507 Domini,
551 466 613 499 617
640 465 666 497 b.
692 465 866 498 Processus
886 464 916 496 in
943 462 994 495 die
1020 462 1146 496 Coenae
1172 460 1299 494 Domini
1324 460 1401 494 editi
1426 470 1443 493 a
1464 458 1560 493 Paulo
1589 458 1623 500 V,
1651 458 1727 492 ibid.

259 519 488 554 Colimbriense
512 518 684 562 collegium
710 527 766 561 pro
791 515 944 549 militibus
969 515 999 548 S.
1025 514 1130 548 lacobi
1155 515 1194 548 de
1220 515 1346 558 Spatha,
1372 518 1403 548 et
1426 514 1456 547 S.
1475 512 1638 547 Benedicti
1659 512 1698 546 de
1717 512 1794 546 Avis

348 576 509 614 erectum,
536 572 596 605 217
623 571 639 603 b
671 574 702 604 et
727 570 789 603 659
814 569 841 602 b.

257 624 498 660 Colimbriensis
520 624 735 658 universitatis
760 621 937 655 studiorum
955 623 1171 656 controversia
1188 629 1260 657 cura
1280 621 1420 666 Collegio
1441 622 1603 654 societatis
1620 619 1692 654 Iesu
1713 629 1797 654 com-

347 679 476 722 ponitur
501 678 563 711 662
588 688 650 721 seq

259 731 456 766 Coloniensis
492 730 753 774 archiepiscopus
790 731 906 761 statuta
938 727 1093 761 nonnulla
1134 727 1200 762 edit
1243 738 1299 771 pro
1337 728 1561 762 reformatione
1599 726 1798 771 regularium

348 787 514 829 utriusque
538 793 636 817 sexus
660 791 737 816 suae
763 781 939 823 dioecesis,
967 781 1029 814 425
1053 791 1114 825 seq.

257 839 422 873 Comensis
446 840 615 882 episcopus
633 845 819 880 processum
836 836 971 868 instituit
987 845 1043 878 pio
1060 835 1299 868 canonizatione
1317 834 1346 867 S.
1361 834 1464 868 Caroli
1482 834 1671 875 Beiromaei,
1688 833 1748 867 651
1767 844 1796 866 α.

258 891 510 936 Compostellana
535 890 688 932 ecclesia,
713 890 753 923 ’79
775 889 801 922 b.
827 888 912 922 Laici
937 897 977 920 ne
1002 887 1136 921 sedeant
1159 889 1191 920 in
1217 887 1327 928 choro,
1353 886 1392 919 80
1418 898 1446 919 a..

259 946 530 980 Conclavistarum
553 943 723 988 privilegia
748 942 944 986 amplissima
969 949 1121 973 concessa
1146 949 1163 973 a
1188 939 1284 973 Paulo
1310 939 1345 980 V,
1372 939 1434 972 ⁶205
1460 943 1491 972 et
1513 950 1575 984 seq.

257 999 530 1033 Confraternitatis
554 996 727 1031 Doctrinae
754 995 959 1029 Clzre'slimme
983 995 1120 1034 erectio,
1146 993 1208 1026 442
1232 1004 1261 1026 a.
1293 992 1515 1035 Indulgentiae
1542 992 1586 1026 illi
1610 1001 1797 1035 concessae,

349 1051 412 1085 1143
436 1062 498 1095 seq.

259 1105 540 1139 Confraternitates
571 1102 624 1137 SS.
655 1101 798 1135 Nominis
829 1101 900 1134 lesa
925 1102 957 1134 in
983 1101 1155 1144 provin'ciis
1180 1101 1272 1143 regni
1297 1096 1378 1133 Perii
1403 1101 1532 1140 erecta,
1562 1099 1599 1132 16
1625 1098 1651 1132 b.
1683 1098 1797 1133 Indul-

347 1159 474 1201 gentiae
499 1155 712 1191 confratribus
737 1164 928 1195 concessae,
957 1152 1032 1186 ibid.
1057 1158 1065 1167 ·

261 1213 471 1256 (longi-egatio
503 1211 578 1245 boni
610 1211 776 1253 regiminis
800 1208 1061 1243 communitatum
1087 1208 1191 1241 Status
1216 1206 1444 1248 ecclesiastici,
1471 1205 1532 1239 432
1557 1216 1578 1238 a
1605 1216 1681 1250 seq.:
1715 1215 1798 1250 quae

347 1267 410 1300 sint
435 1266 505 1299 eius
530 1265 715 1305 facultates,
743 1263 822 1296 ibid.

261 1320 473 1363 congregatio
504 1317 714 1352 cardinalium
746 1326 842 1361 super
878 1315 1017 1350 fontibus
1044 1315 1156 1357 Urbis,
1182 1315 1243 1350 437
1269 1326 1288 1348 α
1312 1326 1373 1360 seq.
1398 1315 1530 1359 ,Nullam
1562 1319 1666 1360 potest
1698 1326 1798 1360 aquae

305 1372 445 1417 virqim's
470 1375 593 1416 partem
618 1372 768 1416 cuiquam
792 1370 971 1404 concedere
994 1371 1063 1403 sine
1088 1369 1214 1404 licentia
1240 1369 1417 1412 pontificis,
1443 1368 1520 1403 ibid.

262 1426 474 1470 Congregatio
498 1425 613 1459 Montis
639 1424 792 1468 Virginis:
819 1423 890 1456 ride
914 1424 944 1457 S.
970 1423 1143 1457 Benedicti.

261 1479 395 1514 Cosmus
418 1479 432 1513 l
455 1478 596 1513 Medices
621 1478 790 1512 Hetruriae
815 1478 897 1519 dux,
923 1475 985 1511 504
1012 1477 1037 1510 b.

261 1535 392 1569 Cosmus
415 1533 443 1567 Il
467 1533 609 1568 Medices
634 1532 820 1574 Hetruriae,
847 1531 906 1565 631
936 1531 961 1564 ῖι.

259 1587 442 1631 Cranganor
458 1586 535 1631 (de),
553 1585 707 1630 oppidum
731 1585 778 1619 vel
804 1587 960 1626 castrum,
978 1595 994 1618 a
1016 1585 1156 1619 dioecesi
1175 1578 1369 1619 Cocliinen'si
1394 1588 1577 1629 separatur,
1596 1588 1627 1619 et
1647 1586 1681 1618 sit
1704 1584 1799 1618 sedes

347 1641 505 1674 ecelesiae
529 1639 812 1683 archiepiscopalis
838 1639 1097 1682 Anganialensis,
1124 1640 1186 1673 664
1211 1650 1239 1680 a,
1266 1639 1328 1672 666
1354 1639 1380 1671 h.

259 1695 426 1729 Cruciatae
446 1693 625 1738 privilegia,
643 1693 705 1726 557
725 1696 755 1726 et
776 1692 849 1725 610.
868 1692 914 1726 Ex
933 1691 1146 1736 eleemosynis
1163 1694 1329 1727 occasione
1351 1691 1530 1726 huiusmodi
1556 1691 1799 1736 privilegiorum

347 1747 534 1791 colligendis
552 1746 664 1780 decem
681 1745 778 1779 millia
801 1745 987 1779 ducato-rum
1009 1746 1147 1780 fabricae
1170 1746 1322 1780 Basilicae
1342 1745 1510 1780 Vaticanae
1531 1745 1668 1787 addicta,
1687 1744 1764 1778 ibid.

259 1801 494 1836 Cruciferorum
517 1799 622 1842 Ordo,
649 1800 722 1833 107.
748 1798 911 1834 Fratribus
935 1799 1030 1834 huius
1055 1798 1187 1834 Ordinis
1212 1799 1350 1833 ambitus
1374 1799 1586 1842 dignitatum,
1615 1803 1647 1832 et
1678 1798 1798 1832 officio-

347 1865 419 1890 rum
440 1854 648 1895 interdictus,
676 1853 752 1887 ibid.

257 1909 427 1944 Culmense
451 1909 678 1942 monasterIum
695 1907 827 1942 Ordinis
845 1908 873 1940 S.
893 1907 1056 1941 Benedicti
1073 1917 1091 1941 a
1108 1906 1294 1950 Magdalena
1311 1906 1455 1950 Mortang
1472 1907 1661 1948 restitutum,
1682 1905 1742 1939 173
1764 1916 1795 1938 a.

257 1963 431 1998 Curialium
454 1963 630 1996 incolarum
654 1961 748 1995 Urbis
775 1961 957 2005 privilegia,
984 1961 1048 1995 299
1072 1972 1134 2005 seq.

260 2017 419 2052 Cusanus:
444 2016 516 2051 vide
539 2016 685 2050 loannes.

260 2069 414 2115 Cynthius
439 2070 469 2104 S.
495 2069 640 2113 Gregorii
666 2068 790 2113 legatus
815 2068 919 2113 Papae
944 2070 976 2102 in
1001 2069 1130 2102 civitate
1157 2067 1385 2110 avenionensi,
1412 2067 1474 2101 297
1500 2077 1529 2100 α.

259 2123 411 2169 Cyriacus
446 2124 636 2158 Matthaeius
672 2133 713 2158 ex
749 2124 946 2168 praescripto
970 2123 1157 2166 Hieronymi
1182 2121 1353 2156 cardinalis
1386 2120 1592 2156 Matthaeium
1616 2120 1796 2165 Collegium

347 2179 458 2222 erigit,
485 2177 548 2212 239
572 2188 634 2222 seq.

1017 2307 1044 2341 D

259 2444 378 2480 Decius
401 2445 617 2479 Damascenus
642 2445 777 2477 nuncius
800 2444 991 2487 apostolicus
1017 2443 1047 2476 in
1073 2443 1180 2486 regnis
1204 2441 1443 2486 Hispaniarum,
1470 2442 1531 2476 434
1557 2452 1587 2474 a.

258 2499 429 2543 Dionysius
447 2498 487 2532 de
504 2497 636 2542 Neapoli
654 2497 897 2532 Reforuiationis
914 2496 1125 2531 Eremitarum
1142 2497 1172 2530 S.
1188 2495 1358 2539 Augustini
1376 2496 1407 2529 in
1425 2495 1532 2529 Sicilia
1549 2498 1668 2537 auctor,
1688 2495 1750 2530 488
1767 2507 1796 2529 a.

260 2552 431 2588 Doctrinae
455 2553 625 2586 cristianae
650 2551 902 2592 confraternitas,
930 2550 992 2584 44⁵.)
1017 2561 1045 2583 α.
1076 2549 1216 2593 Erigitur
1240 2551 1271 2582 in
1296 2548 1692 2590 archieonfraternitatem,
1719 2548 1796 2582 ibid.

350 2606 521 2649 Privilegia
547 2609 577 2640 et
603 2605 822 2648 indulgentiae
848 2603 1060 2638 confratribus
1085 2612 1255 2645 concessa,
1284 2603 1344 2636 443
1370 2613 1430 2647 seq.

261 2658 381 2694 Dolana
405 2659 583 2694 studiorum
609 2659 818 2701 universitas,
844 2657 906 2691 577
933 2668 953 2690 α
977 2668 1038 2702 seq.

370 2731 449 2759 Bull.
465 2731 549 2759 Rom.
571 2731 629 2761 Vol.
649 2731 700 2758 XI.
917 2728 951 2756 86
