2227 3241
257 299 306 326 An.
322 298 351 325 c.
373 298 442 326 1603
488 288 530 321 14

283 623 361 644 Dubia:

454 347 527 386 sint,
555 356 591 379 ac
613 345 642 377 in
668 345 716 378 his
740 341 943 386 apostolicam
966 342 1187 375 auctoritatem

453 399 513 433 sibi
539 405 662 443 praesto
687 406 752 430 esse
778 400 937 438 oporteat3
963 405 999 428 ac
1021 401 1187 439 propterea

453 452 648 494 infrascripta
673 449 767 482 dubia
792 447 884 481 nobis
908 449 1130 491 proposuerit,
1158 454 1189 482 et

453 516 548 548 super
571 504 631 537 illis
655 514 711 547 per
735 512 792 534 nos
809 502 846 535 de
860 506 1059 545 opportunae.
1077 502 1185 535 decla-

453 557 582 591 rationis
602 555 742 589 remedio
759 554 819 588 sibi
836 555 995 598 provideri
1016 555 1186 588 desideret:

497 612 513 651 g
539 610 569 642 ἱ).
596 609 738 642 Primum
762 608 932 652 siquidem,
960 608 992 640 in
1012 608 1130 652 oppido
1152 608 1189 641 cle

452 663 607 696 Ain-antes
642 672 717 694 suae
753 661 906 695 dioecesis
943 661 1020 694 duas
1055 661 1187 694 existere

453 715 648 759 parochiales
673 714 834 756 ccclesias,
858 725 994 759 quarum
1019 714 1187 758 utriusque

452 773 589 801 rectores
613 773 643 801 et
667 767 850 811 parochiani
871 767 957 810 quod
975 767 1145 811 episcopus
1170 779 1187 801 a

452 832 508 854 sua
533 821 667 855 ecclesia
685 821 897 862 visitationem
915 821 1056 865 incipere
1073 820 1188 854 debeat

451 874 719 918 praetendeba11t;
745 873 891 907 dubitare
909 885 949 907 an
973 873 1186 907 visitationem

451 927 491 961 ab
521 938 558 961 ea
588 927 739 967 ecclesia,
773 938 854 971 quae
886 927 944 961 sibi
979 928 1079 972 magis
1114 928 1185 972 pla-

452 981 563 1022 cuerit,
583 986 689 1025 posset
706 981 860 1024 incipere,
877 980 1034 1015 dictarum
1051 981 1187 1015 duarum

451 1034 656 1068 ecclesiarum
682 1044 739 1067 seu
764 1043 875 1067 earum
899 1038 1061 1067 rectorum
1079 1040 1110 1068 et
1134 1045 1189 1079 pa-

451 1087 674 1120 rochianorum
692 1087 914 1130 praetensione
931 1097 996 1121 non
1013 1086 1176 1121 obstante:

495 1139 664 1179 Secundo,
701 1140 825 1184 aliquos
856 1151 925 1173 esse
956 1140 1188 1183 parochialium

450 1193 658 1227 ecclesiarum
685 1200 847 1233 rectoreS‚
877 1194 932 1237 qui
958 1194 1090 1235 vinum,
1124 1194 1185 1228 ho-

449 1248 536 1287 stias,
562 1253 749 1291 paramenta
773 1252 803 1281 et
823 1252 946 1281 caetera
967 1247 1007 1280 ad
1025 1247 1189 1281 celebran-

450 1301 527 1334 dum
567 1301 744 1334 necessaria
778 1302 974 1346 presbyteris
1008 1302 1041 1335 in
1078 1312 1188 1336 eorum

450 1353 599 1398 parochia
623 1355 916 1393 commorantibus,
948 1361 979 1389 et
1013 1355 1045 1388 in
1076 1365 1189 1389 eorum

450 1407 590 1442 ecclesiis
615 1407 777 1441 celebrare
802 1408 998 1450 volentibus,
1025 1408 1110 1442 iuxta
1135 1421 1190 1443 an-

450 1461 571 1505 tiquam
595 1461 861 1494 consuetudinem
885 1461 1128 1496 subministrare
1141 1473 1190 1497 re-

450 1513 623 1555 cusabant;
649 1514 863 1558 dubitareque
888 1515 1036 1549 similiter
1067 1526 1107 1549 an
1136 1526 1191 1550 eos

451 1567 490 1600 ad
510 1566 541 1600 id
559 1567 749 1612 opportunis
769 1567 917 1601 remediis
935 1579 1049 1611 cogere
1067 1574 1189 1612 posset:

495 1621 621 1663 Tertio,
650 1621 683 1654 in
707 1621 848 1655 ecclesiis
874 1622 1112 1665 parochialibus
1137 1633 1192 1667 op-

454 1673 519 1717 pidi
547 1674 584 1707 de
618 1673 754 1707 Castello
783 1674 897 1707 bianco
921 1685 997 1708 suae
1022 1675 1190 1717 dioecesis,

454 1727 516 1760 duo
531 1726 734 1761 tabernacula
746 1727 851 1771 lignea
866 1728 897 1761 in
916 1729 987 1761 ae're
1003 1729 1189 1772 pendentia,

453 1780 518 1814 fere
543 1791 639 1824 supra
664 1780 776 1814 altaria
803 1780 858 1814 uhi
890 1781 1005 1814 missae
1030 1781 1193 1816 celebran-

456 1841 519 1875 tur,
546 1834 698 1868 fabricata
715 1845 795 1875 esse,
816 1837 847 1867 in
865 1835 978 1879 eisque
998 1845 1144 1869 rumores
1163 1841 1193 1870 et

453 1887 606 1932 strepitus
629 1888 698 1921 fieri
726 1899 798 1921 Cum
824 1888 974 1922 scandalo
1002 1889 1132 1933 populi;
1158 1900 1195 1923 ac

454 1941 586 1986 proinde
606 1941 754 1975 dubitare
771 1952 811 1975 an
828 1942 928 1986 possit
947 1954 984 1977 ea
1001 1943 1040 1976 ad
1057 1945 1195 1977 sormam

455 2005 519 2028 non
544 1995 763 2028 scandalosam
788 2001 819 2030 et
844 1996 876 2029 in
902 2006 940 2030 eo
957 2006 1056 2040 regno
1069 1997 1195 2030 solitam

457 2048 564 2082 reduci
592 2048 709 2083 facere:

500 2101 632 2143 Quarto,
658 2102 804 2137 dubitare
836 2114 876 2137 an
902 2105 1001 2148 possit
1024 2105 1195 2149 prohibere

455 2166 494 2189 ne
508 2156 751 2190 commendator
764 2164 794 2190 et
811 2159 989 2202 praefectus
1003 2160 1040 2192 cle
1058 2159 1195 2193 castello

456 2211 570 2244 bianco
596 2222 631 2244 ac
655 2212 832 2255 praefectus
857 2213 894 2245 <le
921 2213 1080 2246 Abi-antes
1104 2214 1195 2247 sedes

456 2265 541 2308 apud
566 2265 665 2298 altare
691 2266 831 2308 capellae
855 2267 985 2299 maioris
1010 2267 1130 2310 portari
1150 2267 1196 2300 fa-

456 2317 552 2359 ciant,
568 2317 677 2361 ibique
689 2317 831 2358 sedeant,
843 2318 1040 2352 adstantibus
1052 2319 1197 2363 undique

457 2371 522 2404 suis
546 2371 755 2405 familiaribus
780 2371 894 2405 divinis
919 2372 1032 2405 officiis
1056 2373 1197 2407 interes-

457 2423 612 2465 sentibus,
639 2434 712 2457 cum
738 2424 889 2458 scandalo
915 2426 1037 2468 populi,
1057 2436 1122 2459 non
1140 2427 1196 2459 oh-

457 2482 559 2510 staute
573 2487 776 2520 quacumque
791 2478 1023 2511 consuetudine
1034 2489 1091 2520 pro
1106 2478 1198 2511 dictis

457 2530 716 2563 commendatore
740 2536 769 2563 et
801 2530 968 2574 praefectis
1001 2531 1033 2563 in
1065 2536 1198 2565 contra-

458 2581 540 2614 rium
565 2582 718 2616 faciente:

503 2634 630 2676 Quinto,
658 2635 752 2669 etiam
778 2635 938 2669 dubitasse
963 2647 1001 2669 an
1037 2647 1094 2680 pro
1126 2643 1191 2672 sta-

459 2687 586 2720 tuendis
612 2688 734 2732 legibus
759 2689 966 2733 synodalibus
989 2699 1043 2723 scu
1073 2690 1197 2725 dioece-

1024 293 1148 318 BULLAR
1153 293 1211 318 IUM
1234 293 1387 319 ROMANUM

1220 344 1315 383 sanis,
1335 347 1452 376 attenta
1472 341 1553 374 aeris
1578 340 1767 384 intemperie
1783 346 1815 375 et
1833 339 1959 373 sanitati

1221 395 1321 438 ipsius
1345 393 1487 438 episcopi
1512 393 1642 435 nociva,
1671 393 1704 426 in
1729 393 1826 427 alium
1852 393 1959 427 locum

1221 459 1279 492 pro
1303 448 1446 482 eiusdem
1470 446 1609 492 episcopi
1634 447 1735 480 salute
1764 446 1960 480 commodio-

1221 512 1289 534 rem
1316 501 1396 535 duos
1430 501 1620 545 capitulares
1648 505 1872 544 procuratores
1902 510 1961 533 ca-

1222 554 1313 598 pituli
1344 559 1376 588 et
1405 555 1485 587 duos
1515 554 1594 587 alios
1625 558 1850 598 procuratores
1885 553 1961 587 cleri

1221 607 1260 641 ad
1284 618 1318 641 se
1342 618 1476 641 evocare
1507 613 1636 652 posset;
1668 617 1808 651 cumque
1835 616 1894 640 nos
1924 616 1962 640 ex

1222 666 1292 694 voto
1317 660 1547 695 venerabilium
1572 662 1705 695 fratrum
1724 665 1907 694 nostrorum
1924 658 1957 693 S.

1221 715 1258 747 R.
1286 714 1321 747 E.
1347 714 1557 748 cardinalium
1582 725 1679 759 super
1713 714 1812 747 sacris
1846 712 1962 747 ritibus

1221 766 1446 811 deputatorum
1471 767 1744 811 respondissemus
1775 766 1962 811 episcopum

1221 819 1253 853 id
1278 831 1396 865 posse,
1423 821 1600 855 dummodo
1629 821 1704 855 dicti
1736 825 1963 864 procuratores

1221 874 1260 907 de
1285 874 1437 918 capitulo,
1464 874 1601 918 longiori
1637 880 1781 919 ternpore
1816 884 1913 919 quarn
1945 884 1963 907 a

1222 927 1364 962 Concilio
1399 928 1618 972 praescripto,
1650 928 1689 961 ab
1719 927 1868 961 ecclessia
1898 937 1962 961 non

1223 982 1390 1023 abessent,
1417 992 1514 1026 super
1538 981 1650 1015 eodem
1675 981 1774 1015 dubio
1798 981 1882 1025 apud
1905 990 1963 1014 nos

1222 1036 1341 1070 instare
1364 1035 1438 1069 fecit
1461 1045 1520 1080 pro
1536 1035 1693 1079 longioris
1716 1034 1872 1079 temporis
1889 1044 1963 1068 con-

1222 1089 1378 1130 cessione,
1397 1099 1470 1122 cum
1488 1088 1520 1121 id
1537 1100 1555 1122 a
1572 1088 1716 1122 Concilio
1732 1093 1888 1122 statutum
1905 1097 1964 1132 pro

1222 1141 1400 1176 statuendis
1424 1142 1548 1185 legibus
1564 1152 1630 1175 non
1651 1141 1822 1182 sufficeret,
1844 1141 1875 1174 in
1893 1140 1965 1184 qui-

1223 1197 1282 1230 hus
1300 1194 1554 1229 determinandis
1570 1195 1626 1228 diu
1644 1205 1709 1228 non
1729 1193 1962 1234 laborabatur¹,

1222 1255 1253 1283 et
1278 1249 1385 1282 omnia
1406 1259 1514 1282 coram
1531 1248 1653 1282 eisdem
1670 1247 1820 1292 episcopo
1836 1258 1874 1281 ac
1890 1257 1964 1292 pro-

1223 1301 1426 1337 curatoribus
1461 1301 1597 1346 aliisque
1633 1299 1821 1335 doctoribus
1855 1305 1964 1335 exacte

1223 1356 1457 1399 diligenterque
1481 1353 1700 1388 discutiantur
1719 1360 1750 1388 et
1774 1353 1961 1387 examinen-

1223 1415 1287 1449 tur,
1312 1409 1450 1443 maxime
1474 1419 1548 1443 cum
1573 1408 1676 1442 dictae
1700 1408 1786 1451 leges
1802 1406 1962 1451 publicam

1224 1462 1378 1496 dioecesis
1402 1462 1571 1496 utilitatem
1596 1461 1783 1505 respiciant:

1268 1517 1285 1558 g
1320 1516 1351 1549 3.
1390 1516 1453 1550 Nos
1489 1516 1609 1559 igitur,
1642 1514 1791 1560 precihus
1819 1513 1964 1547 eiusdem

1224 1569 1338 1604 Nonnii
1363 1569 1505 1613 episcopi
1529 1568 1622 1602 nobis
1647 1578 1745 1612 super
1767 1567 1829 1600 hoc
1853 1566 1966 1599 humi-

1224 1623 1298 1657 liter
1322 1621 1477 1667 porrectis
1502 1621 1669 1663 inclinati,
1706 1621 1839 1664 eiusque
1874 1618 1966 1652 iustis

1226 1675 1437 1720 petitionibus
1462 1684 1604 1708 annuere
1628 1675 1768 1708 volentes
1783 1700 1792 1714 ,
1826 1683 1864 1706 ex
1894 1677 1966 1706 voto

1226 1729 1412 1763 eorumdem
1438 1728 1665 1762 venerabilium
1688 1728 1823 1761 fratrum
1841 1731 1968 1760 nostro-

1227 1794 1296 1816 rum
1322 1782 1354 1816 S.
1383 1783 1417 1816 R.
1442 1782 1477 1816 E.
1505 1781 1716 1816 cardinalium
1740 1791 1838 1825 super
1854 1779 1967 1813 iisdem

1227 1836 1324 1870 sacris
1349 1835 1464 1870 ritibus
1488 1841 1520 1869 et
1551 1833 1763 1869 coeremoniis
1793 1832 1965 1877 deputato-

1227 1901 1311 1933 rum,
1339 1890 1455 1934 quibus
1478 1889 1654 1934 praemissa
1674 1886 1774 1921 dubia
1794 1886 1969 1930 diligenter

1228 1944 1440 1978 examinanda
1475 1943 1717 1984 commisimus,
1743 1941 1858 1975 harum
1888 1940 1968 1974 serie

1229 1998 1449 2032 declaramus:

1273 2051 1361 2086 Circa
1377 2052 1529 2095 primum,
1549 2050 1735 2094 episcopum
1753 2058 1845 2093 posse
1861 2047 1970 2082 visita-

1231 2106 1349 2139 tionem
1368 2104 1508 2148 incipere
1525 2103 1566 2137 ab
1583 2114 1619 2137 ea
1635 2102 1782 2142 ecclesia,
1803 2112 1885 2146 quae
1907 2099 1969 2134 sibi

1230 2158 1331 2202 magis
1349 2156 1518 2201 placuerit,
1533 2155 1700 2190 reservatis
1717 2154 1841 2188 iuribus
1855 2159 1886 2188 et
1897 2154 1968 2188 sine

1229 2211 1428 2257 praeiudicio
1456 2209 1688 2254 praetensionis
1714 2208 1845 2242 alterius
1868 2206 1970 2241 eccle—

1230 2265 1307 2298 siae.

1274 2318 1362 2352 Circa
1380 2316 1570 2357 secundum,
1590 2315 1777 2360 episcopum
1793 2324 1858 2348 non
1875 2323 1968 2358 posse

1230 2380 1345 2415 cogere
1375 2369 1556 2415 praedictos
1583 2373 1733 2408 rectores,
1761 2366 1817 2400 sed
1848 2365 1969 2400 hortari

1230 2430 1261 2458 et
1285 2434 1429 2464 monere,
1451 2428 1482 2457 et
1501 2428 1641 2456 rectores
1657 2426 1743 2455 recte
1766 2421 1918 2460 facturos,
1943 2418 1970 2452 si

1231 2477 1461 2511 monitionibus
1478 2481 1509 2509 et
1528 2473 1738 2509 hortamentis
1755 2472 1898 2518 episcopi
1916 2483 1971 2517 pa-

1231 2536 1333 2564 reant.

1275 2583 1366 2617 Circa
1389 2581 1533 2623 tertium,
1558 2579 1746 2625 episcopum
1767 2589 1861 2624 posse
1878 2578 1910 2612 id
1927 2579 1972 2612 fa-

1268 2656 1279 2682 1
1301 2654 1425 2682 Fortasse
1448 2653 1591 2689 legendum
1616 2653 1801 2681 laboraretur
1821 2652 1861 2680 vel
1882 2651 1971 2688 potius

1232 2700 1379 2729 laboretur
1393 2701 1434 2734 (n.
1452 2700 1500 2733 iu).

1972 291 2023 319 An.
2040 290 2071 319 C.
2090 290 2158 320 1603

2006 1521 2122 1542 Danaorum
2131 1526 2165 1541 re-

1979 1549 2065 1569 solutio.
