2227 3241
3 201 5 217 ⁵
19 234 25 268 ι,
70 226 119 258 Aa.
134 227 163 256 c.
184 227 253 256 1606

94 664 152 692 Papa
171 663 252 685 inhibet

63 691 242 723 :quibuscumque

69 718 199 749 iudicibuset
205 723 252 748 perf

69 747 252 795 ffiitaisssmffi!

20 811 21 825 2
59 796 117 824 ‘rint
137 804 163 820 ne
186 804 209 819 ιο
231 798 252 819 in

55 835 62 841 ·
77 825 244 853 obligationibus

63 852 168 876 -Gnmerae
187 853 251 874 intro-

52 883 54 885 ’
70 881 158 904 mittant.

49 1634 55 1638 ’
83 1638 184 1667 Quodque
192 1644 256 1667 prae-

74 1668 142 1688 lentas
171 1666 256 1688 litterae

72 1698 114 1716 non
127 1693 208 1720 possint
221 1700 257 1715 no-

74 1719 114 1742 uri
134 1719 159 1741 de
182 1721 257 1742 subre-

72 1747 149 1774 ptione,
164 1750 208 1771 etc„
221 1754 256 1768 ne-

74 1777 114 1800 que
128 1774 166 1795 sub
180 1775 258 1801 aliqui-

74 1799 113 1822 lm
139 1802 257 1822 revocatio-

74 1827 136 1849 nibus
159 1833 256 1855 compre-

14 1846 17 1854 '
31 1863 48 1892 k
74 1851 145 1876 bonai.

816 227 932 252 PAULUS
956 229 975 251 V
1000 228 1045 251 Pr.

267 276 344 310 alias
364 275 397 309 in
417 275 568 310 omnibus
581 281 613 310 et
626 286 684 320 per
700 276 820 317 omnia,
837 276 924 309 iuxta
934 287 1010 310 eon-

266 329 447 364 cessionum
473 341 531 375 per
556 330 686 364 eosdem
712 330 875 364 Romanos
899 329 1027 379 Ponti-y

265 382 342 418 fices
361 384 626 428 praedecessores
643 390 771 418 nostros
784 395 842 418 suo
863 390 1009 428 tempore
1024 388 1026 395 '

266 436 379 472 Curiae
400 449 569 472 causarum
587 439 730 472 eiusdem
748 438 899 472 Gamerae
917 448 1010 481 gene·
1025 459 1026 480 t

266 493 389 527 ralibus
418 492 622 526 auditoribus
650 493 806 526 factarum
837 498 981 525 tenorem
998 483 1026 532 ,³

266 557 325 591 per
345 547 473 580 easdem
491 552 676 590 praesentes
695 546 750 580 tibi
774 545 1026 580 committimus:

267 606 299 634 et
319 600 520 634 mandamus.

313 649 399 696 §342
423 654 608 688 Mandantes
636 660 809 698 propterea
836 659 868 687 et
896 653 1027 700 distri-3

268 707 350 741 ctius
370 707 553 742 inhibentes
571 707 830 752 quibuscumque
849 707 1009 741 iudicibus

268 767 299 795 et
314 761 473 806 personis,
498 772 705 806 quocumque
730 761 862 795 nomine
885 771 1010 795 nuncu-

267 816 359 860 patis,
372 827 408 850 ac
422 816 536 861 quovis
549 817 718 861 privilegio
730 816 873 859 munitis,
886 816 1009 850 etiamsi
1026 819 1028 855 t

268 869 413 904 eiusdem
431 870 462 904 S.
486 871 522 904 R.
543 871 577 904 E.
595 871 775 904 cardinales
796 869 927 910 fuerint,
951 870 1028 917 subj

267 924 498 968 indignationis
519 930 649 958 nostrae
667 927 773 969 poena
793 930 825 958 et
846 924 1009 957 interdicti
1027 928 1028 953 ἒ

266 988 327 1012 nec
351 989 417 1013 non
442 978 537 1012 etiam
568 978 912 1013 excommunicationis
936 954 1028 1012 sen-i

268 1033 385 1074 tentiis,
407 1044 498 1077 quas,
514 1032 540 1067 si
551 1044 643 1067 secus
658 1033 802 1074 fecerint,
820 1043 857 1067 eo
873 1033 941 1077 ipso
963 1033 1011 1066 in-

267 1091 398 1121 currant
411 1087 455 1131 (et
468 1097 485 1120 a
496 1087 624 1131 quibus,
639 1092 867 1131 praeterquam
879 1087 911 1120 in
925 1097 1011 1120 mor-

267 1140 306 1175 tis
327 1141 463 1175 articulo
489 1141 664 1182 constituti,
689 1140 766 1174 alias
791 1151 888 1185 quam
907 1151 924 1174 a
949 1141 1011 1174 Ro-

268 1206 365 1230 mano
389 1195 547 1230 Pontifice
571 1195 693 1230 absolvi
719 1206 784 1229 non
808 1195 946 1240 possint)
971 1206 1011 1229 ne

268 1249 300 1282 in
322 1249 574 1292 obligationibus
599 1249 791 1294 supradictis
818 1249 1011 1293 illarumque

268 1303 539 1348 exequutionibus
571 1311 626 1337 aut
647 1304 717 1338 aliis
730 1303 915 1348 praemissis
936 1314 1011 1337 con-

268 1363 316 1391 tra
337 1357 480 1402 ipsarum
506 1357 727 1402 praesentium
754 1363 898 1391 tenorem
924 1367 1008 1401 quo-

268 1411 448 1446 modolibet
471 1422 504 1445 se
534 1412 750 1446 intromittere
771 1417 825 1445 aut
845 1417 875 1445 te
896 1411 943 1445 vel
964 1411 1012 1444 lo-

268 1471 491 1499 cumtenentes
528 1476 584 1499 seu
620 1465 700 1499 alios
738 1465 908 1509 deputatos
940 1471 1029 1498 tuos

268 1519 451 1564 praedictos
484 1530 582 1564 super
617 1519 802 1565 praemissis
839 1519 1029 1553 molestare

268 1579 498 1618 praesumant;

315 1630 332 1671 ἓ
353 1627 405 1662 35.
423 1630 466 1662 Ac
486 1629 697 1662 decernentes
709 1628 838 1662 easdem
859 1638 1012 1672 praesen-

272 1687 318 1716 tes
334 1682 457 1716 litteras
478 1682 535 1716 tibi
555 1683 587 1716 in
613 1682 764 1716 omnibus
785 1688 815 1716 et
828 1693 885 1726 per
905 1682 1014 1715 omnia

272 1735 443 1779 suffragari
461 1736 591 1778 debere,
612 1737 747 1781 illasque
773 1742 803 1770 et
823 1736 855 1769 in
873 1736 918 1769 eis
939 1733 1032 1769 con-³

273 1795 360 1824 tenta
377 1790 564 1824 huiusmodi
584 1791 674 1824 nullo
695 1801 850 1834 umquam
869 1796 1014 1834 tempore
1031 1828 1033 1839 Ι

272 1844 311 1878 de
329 1844 547 1888 subreptionis
568 1845 615 1878 vel
637 1845 848 1889 obreptionis,
872 1851 927 1879 aut
944 1845 1033 1885 nul-‚³

270 1898 368 1932 litatis
390 1898 465 1933 vitio
489 1910 546 1933 seu
567 1899 754 1933 intentionis
774 1906 903 1933 nostrae
929 1889 1033 1933 dese-3

271 1958 323 1987 ctu
341 1953 458 1994 notari,
482 1953 678 1998 impugnari,
699 1954 880 1995 invalidari,
901 1960 955 1987 aut
975 1954 1014 1987 ad
1031 1937 1033 1985 i

270 2006 426 2040 terminos
446 2006 524 2040 iuris
545 2007 667 2049 reduci,
684 2018 740 2041 seu
759 2007 791 2040 in
811 2008 860 2041 ius
874 2007 922 2041 vel
940 2018 1015 2041 con·
1032 2014 1033 2017 ’

272 2060 461 2094 troversiam
492 2061 665 2102 revocari,
696 2067 751 2095 aut
782 2062 933 2095 adversus
963 2052 1033 2119 eas}

1689 217 1754 252 363
1800 227 1850 254 An.
1866 227 1894 255 c.
1917 227 1986 255 1606

1045 287 1182 320 cumque
1204 277 1278 310 data
1297 287 1355 321 per
1375 282 1404 310 te
1425 277 1582 320 eligenda,
1598 276 1785 321 validasque

1043 336 1074 364 et
1094 331 1238 365 efficaces
1263 342 1391 376 semper
1415 332 1484 366 fore
1505 338 1536 365 et
1556 343 1634 373 esse,
1655 332 1785 376 vimque

1042 385 1139 418 validi
1160 391 1191 419 et
1211 385 1348 419 efficacis
1366 392 1551 420 contractus
1572 386 1657 420 inter
1678 397 1737 420 nos
1754 392 1785 420 et

1042 438 1157 472 Sedem
1183 449 1219 472 ac
1244 439 1412 474 Cameram
1438 441 1620 485 praedictas
1645 451 1682 474 ex
1706 444 1781 482 una,

1043 497 1073 525 et
1094 498 1123 525 te
1148 502 1184 525 ex
1205 492 1304 526 altera
1329 500 1419 537 parte
1446 495 1505 527 rite
1531 500 1561 528 et
1586 501 1672 528 recte
1697 494 1783 535 sacti,

1043 545 1112 578 initi
1133 552 1163 579 et
1188 546 1340 590 stipulati,
1366 558 1402 580 ac
1422 548 1518 581 etiam
1545 547 1620 581 hinc
1640 548 1715 581 inde
1735 559 1786 581 ac-

1025 609 1027 637 ;
1044 599 1170 643 cel-nati,
1191 599 1311 633 habere
1325 605 1355 633 et
1367 600 1525 642 obtinere,
1543 612 1580 635 ac
1594 601 1786 635 inviolabili-

1045 658 1093 685 ter
1110 652 1276 686 observari
1297 654 1427 695 debere,

1089 708 1105 749 ξ
1127 705 1178 740 36.
1203 707 1319 751 Sicque
1340 719 1397 752 per
1414 719 1637 753 quoscumque
1666 709 1787 743 iudices
1815 718 1942 750 ⁴Decretum
1962 719 1989 740 sr-

1045 767 1075 795 et
1088 761 1328 796 commissarios
1342 763 1436 796 etiam
1453 763 1483 797 S.
1504 764 1539 797 R.
1557 764 1590 797 E.
1607 764 1787 798 cardinales
1802 747 1991 803 ξιιιῑὲῗςῗυξῖἷοῖὲῗέζ

1045 821 1075 849 et
1092 816 1306 849 camerarium
1326 817 1430 851 dictae
1448 818 1610 858 Gamerae,
1632 829 1668 851 ac
1692 828 1787 862 prae-
1803 802 1900 827 mmmm

1044 870 1185 904 sidentes
1206 876 1237 904 et
1257 871 1402 913 clericos,
1421 882 1545 905 necnon
1573 872 1684 905 Palatii
1702 874 1788 916 Apo-

1044 924 1148 958 stoliei
1165 925 1329 958 auditores
1349 925 1682 969 liuiusmodi(sublattl
1701 926 1746 959 eis
1759 931 1791 959 et

1045 989 1158 1012 eorum
1181 979 1312 1013 cuilibet
1333 979 1444 1023 quavis
1465 979 1558 1013 aliter
1575 979 1741 1012 iudicandi
1760 985 1791 1012 et

1046 1033 1279 1077 interpretandi
1301 1033 1452 1066 facultate
1478 1039 1508 1066 et
1532 1033 1738 1076 auctoritate)
1760 1034 1791 1066 in

1045 1087 1273 1131 quavisffcausa
1299 1092 1329 1121 et
1354 1087 1505 1121 instantia
1529 1098 1565 1121 ac
1596 1087 1718 1132 ubique
1739 1088 1788 1121 lo-

1046 1151 1158 1175 corum
1178 1141 1316 1175 iudicari
1338 1146 1368 1174 et
1390 1140 1517 1174 definiri
1539 1141 1671 1182 debere,
1690 1151 1727 1174 ac
1748 1141 1792 1174 ir-

1045 1195 1142 1229 ritum
1164 1201 1195 1229 et
1212 1195 1307 1228 inane
1324 1195 1350 1229 si
1368 1205 1459 1228 secus
1477 1205 1574 1239 super
1593 1195 1642 1228 his
1667 1205 1685 1227 a
1705 1204 1789 1239 quo-

1046 1260 1166 1294 quam,
1194 1249 1305 1294 quavis
1335 1249 1550 1290 auctoritate,
1579 1249 1718 1282 scienter
1742 1248 1792 1283 vel

1047 1303 1246 1346 ignoranter,
1268 1303 1441 1345 contigerit
1458 1303 1620 1336 attentari.

1090 1360 1107 1400 ἓ
1127 1356 1179 1391 37.
1204 1357 1273 1391 Non
1297 1357 1500 1390 obstantibus
1521 1357 1708 1401 praemissis
1723 1385 1730 1398 ,
1754 1367 1791 1390 ac
1835 1364 1992 1412 neffoganones

1046 1411 1180 1452 nostris,
1207 1416 1365 1455 quatenus
1386 1421 1467 1455 opus
1495 1411 1553 1452 sit,
1574 1411 1614 1445 de
1639 1421 1705 1444 non
1725 1410 1787 1444 tol·
1807 1396 1993 1449 ῗςῖῃξρῗῖἷὲῃῗεέἷῗ

1806 1445 1831 1466 lis
1840 1446 1865 1467 de
1875 1453 1919 1468 iure
1929 1453 1994 1474 quae.

1047 1466 1142 1499 lendo
1162 1465 1231 1499 iure
1251 1465 1419 1509 quaesito,
1445 1475 1571 1498 necnon
1592 1464 1792 1498 revocatoria
1807 1474 1848 1520 {¹0²⁰
1863 1479 1904 1521 ueotu
1920 1475 1993 1522 3:333

1048 1521 1233 1553 facultatum
1248 1520 1287 1552 ad
1302 1519 1402 1552 instar
1415 1529 1479 1552 non
1495 1520 1788 1560 concedendarum,
1807 1526 1994 1576 fijainldti'qdesffig-

1047 1574 1183 1618 aliisque
1197 1573 1417 1607 Cancellariae
1437 1573 1641 1617 Apostolicae
1662 1573 1792 1616 regulis,
1807 1581 1853 1601 etit·
1897 1570 1902 1579 ¹
1986 1566 1993 1571 ⁸

1048 1628 1144 1661 etiam
1166 1639 1224 1672 per
1247 1638 1306 1661 nos
1327 1638 1363 1660 ac
1386 1627 1651 1671 praedecessores
1669 1633 1699 1660 et
1722 1638 1793 1661 suc-

1049 1692 1192 1716 cessores
1202 1687 1331 1715 nostros
1341 1682 1503 1715 Romanos
1516 1681 1688 1714 Pontifices
1698 1692 1795 1726 quos-

1049 1747 1199 1780 cumque,
1214 1736 1523 1780 quomodocumque
1536 1741 1565 1769 et
1576 1736 1797 1779 quandocum—

1050 1801 1112 1834 que
1134 1790 1226 1824 cditis
1247 1796 1277 1823 et
1297 1790 1430 1823 edendis
1456 1795 1487 1823 et
1515 1790 1611 1823 etiam
1638 1789 1795 1833 praedicti

1050 1844 1095 1878 Pii
1116 1844 1154 1877 lv
1169 1844 1399 1888 praedessoris,
1418 1844 1504 1887 quod
1519 1843 1698 1887 privilegia,
1717 1854 1796 1876 con-

1051 1899 1211 1932 cessiones
1233 1905 1263 1932 et
1281 1899 1405 1932 indulta
1430 1899 1580 1932 Gamerae
1612 1898 1796 1942 praedictae

1051 1953 1286 1997 praeiudicium
1302 1953 1549 1997 quomodolibet
1568 1952 1797 1986 concernentia

1051 2008 1081 2040 in
1102 2008 1234 2041 Camera
1255 2007 1323 2051 ipsa
1344 2007 1427 2040 intra
1448 2012 1571 2040 certum
1594 2012 1721 2050 tempus
1740 2016 1793 2040 re-

1050 2061 1190 2103 gistrari,
1215 2060 1381 2101 intimari,
1402 2060 1558 2093 insinuari
1583 2065 1614 2093 et
1634 2059 1795 2093 notificari

270 2114 499 2159 quodcumque
533 2115 611 2149 iuris
643 2121 697 2149 aut
725 2115 798 2149 sacti
823 2116 871 2149 rel
893 2115 1014 2158 gratiae
1031 2123 1033 2155 ζ
1051 2116 1189 2148 debeant
1218 2114 1429 2158 disponente¹
1453 2114 1509 2157 (ita
1536 2114 1623 2158 quod
1649 2119 1682 2146 tu
1712 2113 1796 2157 ipsas

271 2168 452 2202 remedium
472 2168 649 2213 impetrari,
671 2170 842 2213 minusque
859 2170 918 2203 sub
945 2170 1015 2214 qui·
1032 2175 1033 2209 t
1051 2174 1236 2212 praesentes
1250 2168 1372 2201 litteras
1386 2168 1418 2200 in
1431 2168 1542 2202 eadem
1558 2168 1691 2201 Camera
1705 2167 1796 2200 nullo

271 2220 380 2255 husvis
405 2222 559 2256 similium
587 2223 635 2256 vel
667 2223 871 2256 dissimilium
898 2224 1015 2266 gratia-
1032 2218 1034 2273 l
1052 2232 1207 2266 umquam
1229 2227 1375 2266 tempore
1395 2227 1615 2266 praesentare,
1634 2221 1792 2261 intimare,

272 2285 343 2308 rum
359 2276 629 2318 revocationibus,
647 2276 923 2320 suspensionibus,
937 2277 1016 2309 limi·
1032 2295 1034 2321 i
1052 2276 1218 2310 notificare
1234 2304 1240 2316 ‚
1261 2276 1426 2319 registrari
1448 2276 1553 2309 facere
1574 2286 1609 2308 ae
1632 2274 1796 2307 insinuare

274 2329 451 2364 tationibus
472 2330 586 2364 etaliis
607 2330 778 2364 contrariis
799 2331 1013 2374 dispositioni*
1031 2323 1034 2394 ἰ
1053 2330 1185 2364 mininie
1206 2331 1355 2371 tenearis,
1384 2331 1444 2363 nisi
1476 2330 1501 2363 si
1528 2336 1559 2363 et
1587 2329 1718 2373 quando
1739 2328 1796 2361 tibi

273 2381 333 2417 bus
351 2394 403 2417 eas
428 2384 660 2428 comprehendi
689 2394 792 2428 posse,
813 2384 868 2417 sed
889 2395 1016 2428 semper
1032 2407 1034 2437 L
1051 2384 1235 2427 videbitur),
1256 2395 1292 2417 ac
1316 2383 1482 2428 quibusvis
1503 2383 1571 2416 aliis
1592 2382 1795 2415 constitutio-

275 2436 314 2470 ab
335 2437 397 2471 illis
418 2444 577 2482 exceptas,
602 2444 633 2472 et
650 2438 777 2482 quoties
792 2438 865 2471 illae
888 2449 1013 2472 emana-
1032 2444 1034 2488 ᾖ
1051 2439 1145 2473 nibus
1166 2445 1196 2473 et
1213 2438 1473 2473 ordinationibus
1487 2436 1683 2481 apostolicis,
1699 2436 1793 2469 etiam

275 2489 364 2532 bunt,
388 2491 482 2524 toties
503 2492 534 2524 in
555 2492 739 2536 pristinum,
754 2498 784 2525 et
802 2502 886 2533 eum,
905 2492 1015 2536 inquo
1032 2495 1033 2529 ἶ
1052 2494 1090 2527 de
1109 2494 1204 2527 rebus
1230 2499 1260 2527 et
1284 2493 1378 2526 bonis
1403 2492 1563 2525 Ecclesiae
1589 2497 1619 2524 et
1643 2490 1795 2524 Gamerae

276 2549 448 2589 antequam
469 2545 542 2579 illae
561 2551 751 2579 emanarent
771 2551 872 2587 crant,
896 2550 1014 2579 statum
1032 2533 1034 2606 ἐ
1053 2547 1292 2590 praedictarum
1311 2556 1375 2579 non
1397 2545 1586 2585 alienandis,
1609 2555 1656 2586 ac,
1675 2544 1706 2577 in
1723 2544 1793 2578 illo-

275 2598 449 2640 restitutas,
467 2599 622 2644 repositas
640 2605 670 2634 et
686 2600 830 2644 plenarie
845 2600 1016 2642 reintegra·
1087 2619 1098 2644 1
1122 2618 1196 2645 nun.
1224 2616 1377 2644 istiusmodi
1399 2616 1441 2643 Pii
1458 2615 1488 2643 tv
1504 2615 1602 2651 legitur
1623 2615 1650 2642 in
1672 2618 1737 2642 tom.
1755 2622 1793 2642 vn

277 2655 334 2694 tas,
351 2662 388 2687 ac
405 2653 443 2687 de
457 2663 539 2687 novo
560 2664 738 2696 concessas,
756 2654 851 2688 etiam
866 2654 925 2687 sub
943 2664 1017 2698 qua·
1051 2670 1111 2698 pag.
1128 2662 1180 2690 375
1194 2664 1233 2697 (n.
1255 2665 1303 2696 τ.).

723 2765 742 2782 0
