2227 3241
501 296 565 330 688
1045 305 1220 328 mumma
1246 305 1396 328 nomyrm

543 357 805 400 congregationis
841 355 969 390 tantum'
999 356 1073 390 licet
1110 356 1267 390 conticere
1297 365 1407 390 cereas
1438 356 1540 391 bullas
1576 358 1730 401 oqnusdei
1765 364 1986 404 nuncupatas,

546 411 607 443 473
632 409 657 442 b.
696 409 742 443 De
778 409 845 442 sola
876 408 1119 449 OrdInariorum
1145 408 1274 443 licentia
1298 413 1432 453 possunt
1453 419 1535 444 nova
1559 412 1752 445 monasteria
1777 416 1983 455 construere,

545 464 606 497 544
632 474 651 496 α
676 474 756 507 seqq.

455 516 572 550 Mariae
594 516 653 559 (B.)
675 516 715 549 de
739 515 886 550 Mercede
922 516 1162 560 Redemptionis
1195 515 1399 559 Captivorum
1424 514 1529 557 Ordo,
1551 516 1624 549 129.
1650 515 1684 550 ln
1717 516 1855 561 capitulo
1890 527 1988 561 gene-

543 568 602 604 rali
637 568 745 603 habito
781 578 863 603 anno
889 579 985 603 unctu
1018 570 1051 616 sit
1077 569 1314 613 provinciarum
1346 567 1478 610 divisio,
1505 568 1581 601 ibid.
1613 569 1650 603 Et
1680 569 1830 604 nonnulla
1861 570 1989 605 condita

544 622 672 656 fuerunt
695 626 834 664 statuta,
860 622 938 656 ibid.
966 634 1047 667 seqq.
1073 622 1244 666 Privilegia
1268 621 1344 655 huic
1372 621 1487 657 Ordini
1519 632 1691 665 concessa,
1722 627 1753 657 et
1783 624 1986 668 confirmata,

543 675 606 708 342
629 676 645 707 b
672 686 752 720 seqq.
771 669 960 710 Mercedarii
985 685 1046 709 non
1072 678 1207 719 possunt
1230 676 1376 719 recipere
1400 675 1514 709 fratres
1539 675 1669 710 OrdInis
1693 676 1985 721 Cappuccinorum,

543 738 646 772 neque
672 728 803 762 alterius
823 730 990 763 strictioris
1015 729 1165 772 regulae,
1191 728 1254 762 526
1281 727 1307 760 b.

454 780 571 814 Mariae
592 781 652 825 (B.)
674 781 714 815 de
738 781 842 815 Monte
868 782 1011 816 Carmelo
1031 781 1177 816 militaris
1194 780 1281 816 Ordo
1306 781 1338 814 in
1363 779 1473 814 Galliis
1498 781 1676 823 institutus,
1703 782 1765 815 465
1789 792 1851 826 seq.
1876 781 1990 825 Magno

544 836 694 878 magistro
730 838 761 868 et
796 834 951 869 militibus
976 844 1126 869 concessa
1151 833 1337 878 privilegia,
1365 835 1425 867 466
1451 845 1511 879 seq.
1538 834 1678 879 Regulae
1703 845 1759 879 pro
1791 834 1850 868 hac
1878 835 1990 870 militia

544 887 743 929 efformatae,
771 888 831 920 468
856 898 936 932 seqq.

453 938 570 973 Mariae
591 940 649 984 (B.)
672 940 711 974 de
736 940 890 975 Montesia
922 940 1066 975 militaris
1097 940 1202 983 Ordo,
1230 940 1291 974 422
1316 951 1344 973 α.
1371 940 1544 984 Hispaniae
1575 951 1631 975 rex
1658 940 1742 976 illius
1767 950 1901 986 magnus
1925 951 1991 977 ma-

542 994 658 1036 gister,
686 993 763 1026 ibid.

457 1045 574 1080 Marlac
594 1046 652 1090 (S.)
686 1046 725 1080 de
750 1046 808 1080 Las
844 1046 985 1090 Huelgas
1021 1047 1177 1091 hospitale
1213 1050 1302 1080 extra
1336 1046 1506 1090 Burgensis
1543 1047 1680 1081 civitatis
1719 1057 1843 1089 muros,
1871 1048 1934 1081 365
1959 1059 1989 1081 a.

543 1099 665 1134 Nuncio
701 1100 873 1144 apostolico
910 1101 993 1144 apud
1028 1110 1135 1143 regem
1169 1099 1393 1144 Hispaniarum
1418 1100 1490 1135 data
1515 1102 1696 1135 commissio
1720 1101 1896 1146 deputandi
1920 1103 1990 1136 eius

542 1154 756 1194 visitator,em
783 1153 860 1186 1¹¹.an
886 1158 917 1188 et
943 1154 1005 1187 432
1031 1165 1059 1187 (ι.

454 1205 623 1250 Mariae&
626 1206 647 1250 .)
673 1206 712 1240 de
737 1208 896 1240 Succursu
920 1207 1076 1241 Eremitae
1102 1207 1271 1240 Reformati
1297 1207 1327 1239 S.
1352 1206 1521 1250 Augustini
1551 1208 1583 1241 in
1607 1208 1734 1242 civitate
1759 1207 1990 1251 Panormitano,

544 1260 607 1293 490
632 1271 660 1292 a.
687 1260 931 1304 lucer-porantur
955 1262 1193 1304 congregationi
1219 1260 1460 1294 rclormatorum
1484 1260 1589 1302 Italia,
1616 1260 1692 1294 ibid.
1716 1260 1867 1295 Defectus
1896 1261 1990 1295 huius

542 1314 804 1357 incorporationis
822 1314 1020 1359 supplentur,
1039 1315 1102 1347 490
1118 1314 1144 1347 b.
1161 1313 1331 1357 Religiosis
1348 1313 1377 1347 S.
1394 1313 1514 1347 Nicolai
1532 1317 1563 1347 et
1575 1289 1758 1358 S.Gregorii
1775 1313 1990 1348 Panormitani

543 1369 598 1412 qui
623 1368 739 1402 dictam
772 1370 921 1402 unionem
946 1368 1056 1402 nolunt
1080 1369 1113 1401 tit
1137 1367 1268 1402 facultas
1293 1368 1332 1401 ad
1357 1367 1434 1402 alias
1458 1367 1569 1402 domos
1593 1367 1821 1402 conventuales
1846 1367 1988 1402 eiusdem

545 1420 676 1456 Ordinis
700 1423 781 1456 intra
805 1431 862 1456 sex
889 1431 1015 1455 menses
1042 1421 1246 1462 transeundi,
1272 1422 1334 1455 491
1362 1421 1388 1454 b.

456 1474 573 1509 Mariae
599 1475 654 1519 (S.)
681 1475 720 1509 de
745 1475 868 1509 Arbore
890 1478 1101 1520 nuncupatae,
1119 1475 1182 1510 518
1198 1475 1353 1509 a.Alta1·e
1378 1474 1436 1509 sub
1462 1475 1522 1509 hoc
1547 1474 1635 1509 titulo
1659 1476 1691 1509 in
1717 1475 1854 1510 ecclesia
1877 1477 1989 1510 maiori

545 1529 784 1571 Mediolanensi,
811 1530 886 1563 ibid.

454 1583 613 1617 Marianus
650 1584 729 1618 tituli
766 1585 812 1618 Ss.
848 1583 1023 1618 Marcellini
1059 1587 1090 1618 et
1121 1583 1206 1618 Petri
1235 1582 1407 1617 cardinalis
1432 1583 1472 1617 de
1504 1583 1688 1626 Camerino,
1716 1583 1777 1618 452
1804 1595 1832 1618 α.
1858 1583 1989 1619 Ordinis

544 1637 745 1671 Minimorum
771 1641 946 1681 protector,
974 1638 1037 1671 630
1062 1648 1091 1670 α.

453 1689 678 1724 Maronitarum
714 1691 810 1734 legati
846 1691 886 1725 ad
918 1691 1035 1725 Sedem
1056 1691 1287 1735 Apostolicam,
1314 1691 1377 1724 555
1403 1690 1429 1723 b.
1458 1687 1642 1733 Monentur',
1668 1695 1701 1726 ut
1725 1701 1844 1725 novum
1869 1691 1989 1736 eligant

542 1744 770 1787 patriarcham,
798 1744 873 1777 ibid.
898 1744 1086 1785 lubilaeum‚
1112 1748 1144 1779 et
1167 1743 1339 1788 apostolica
1364 1743 1546 1778 benedictio
1571 1746 1617 1778 eis
1642 1744 1846 1786 conceditur,
1872 1745 1935 1779 556
1960 1745 1987 1778 b.

541 1797 685 1831 Monetur
708 1799 848 1841 ipsorum
874 1798 1051 1841 patriarcha
1083 1801 1116 1832 ut
1147 1799 1327 1832 immutatos
1358 1799 1437 1831 ritus
1469 1800 1632 1840 restituat,
1658 1798 1720 1832 664
1746 1798 1762 1831 b
1786 1809 1847 1843 seq.
1879 1798 1988 1833 Maro-

542 1852 622 1885 nitas
658 1853 814 1886 antistites
850 1853 881 1885 in
912 1860 989 1885 suae
1014 1851 1244 1886 iurisdictionis
1269 1852 1423 1885 exercitio
1452 1850 1675 1895 perturbantes
1707 1851 1904 1886 anathemate
1936 1852 1988 1886 se-

541 1906 683 1945 riuntur‚
710 1905 773 1938 664
795 1905 812 1937 b
836 1916 897 1949 seq.

454 1958 660 1992 Matthaeius:
690 1958 759 1991 ride
782 1958 1004 2002 Hieronymus.

453 2011 600 2045 Matthaei
636 2011 762 2055 collegii
799 2013 935 2057 erectio,
962 2013 1024 2045 239
1049 2011 1065 2044 b
1088 2023 1150 2057 seq.
1175 2011 1373 2046 Scholarium
1410 2012 1594 2057 qualitates,
1624 2017 1655 2047 et
1685 2013 1804 2055 studia,
1838 2013 1900 2047 233
1929 2013 1986 2047 bis.

541 2065 730 2108 Privilegia,
757 2066 818 2099 236
845 2065 902 2098 bis.
929 2065 1073 2099 Vicarius
1098 2064 1202 2108 Papae
1227 2067 1296 2100 eius
1321 2069 1481 2110 protector
1506 2069 1537 2099 et
1560 2066 1674 2108 iudex,
1701 2066 1763 2100 238
1788 2066 1843 2100 bis.

452 2118 585 2152 Mathias
609 2118 792 2161 Hungariae
819 2122 850 2152 et
873 2118 1044 2152 Bobeniiae
1068 2128 1143 2161 rex,
1169 2119 1231 2153 672
1257 2119 1282 2161 b,
1309 2119 1372 2153 673
1397 2130 1427 2151 α.

452 2172 551 2207 Mauri
577 2173 616 2206 ad
642 2172 737 2206 tidem
762 2174 922 2214 conversi,
950 2172 989 2206 24
1015 2183 1044 2205 a.
1062 2172 1120 2206 Pro
1146 2173 1222 2216 ipsis
1240 2173 1461 2216 parochiarum
1478 2174 1632 2207 institutio
1649 2177 1680 2208 et
1696 2173 1813 2208 dotatio
1831 2174 1987 2218 praescri-

540 2225 638 2267 bitur‚
665 2225 740 2259 ibid.
766 2225 884 2260 Causas
908 2236 1006 2270 super
1030 2226 1089 2260 hoc
1115 2225 1240 2260 obortas
1266 2225 1305 2260 ad
1330 2236 1364 2260 se
1388 2230 1501 2261 avocat
1523 2226 1640 2261 Paulus
1667 2226 1701 2268 V,
1726 2226 1806 2261 ibid.

451 2278 616 2314 Mauritius
641 2278 811 2314 cardinalis
836 2289 854 2313 a
878 2278 1055 2321 Sabaudia‚
1082 2279 1144 2313 634
1170 2279 1196 2313 b.

452 2331 587 2366 Mauritii
613 2331 671 2376 (S.)
696 2332 805 2366 militia
830 2335 950 2374 erecta,
976 2333 1017 2367 32
1042 2332 1068 2365 b.
1093 2331 1140 2367 llli
1165 2333 1272 2367 unitur
1295 2332 1429 2377 ospitale
1453 2337 1485 2367 et
1508 2332 1619 2368 militia
1644 2333 1674 2367 S.
1699 2333 1823 2375 Lazari,
1850 2332 1926 2367 ibid

450 2384 685 2420 Maximilianus
709 2385 862 2420 archidux
884 2360 1042 2429 Austriae,
1067 2386 1129 2419 376
1155 2397 1183 2420 a.
1203 2386 1415 2421 Seminarium
1439 2387 1472 2421 in
1497 2386 1718 2431 landgraviatu
1742 2386 1880 2421 Alsatiae
1904 2386 1986 2431 erigi

542 2443 646 2480 curat,
674 2439 751 2473 ibid.

453 2491 613 2526 Mediceus
639 2493 821 2528 Alexander
846 2492 1031 2527 cardinalis:
1058 2492 1129 2526 risle
1154 2492 1216 2526 Leo
1241 2492 1293 2527 Xl.

452 2544 604 2589 Meliapor
628 2546 782 2580 dioecesis
806 2549 998 2580 memoratur
1023 2550 1053 2580 et
1076 2547 1264 2588 minoratur,
1289 2547 1352 2580 607
1378 2557 1407 2580 a.

453 2598 562 2632 Militia
587 2600 615 2632 S.
642 2598 747 2633 iacobi
784 2599 823 2633 de
860 2599 995 2644 Spatha‚
1021 2599 1082 2633 113
1108 2599 1133 2632 b.
1160 2600 1317 2634 sacristae
1354 2599 1498 2634 habitum
1523 2599 1658 2634 militum
1682 2600 1806 2633 deferre
1836 2608 1898 2633 non
1923 2598 1986 2634 de·-

542 2651 633 2694 bent,
650 2652 710 2686 124
726 2653 742 2685 b
756 2663 817 2697 seq.
832 2652 865 2686 In
881 2661 1082 2697 quacumque
1098 2653 1200 2687 classe
1215 2654 1305 2697 regni
1320 2653 1546 2697 Hispaniarum
1559 2653 1642 2687 illius
1655 2652 1771 2687 milites
1782 2652 1987 2688 militaverint

541 2715 598 2749 per
614 2707 884 2751 quinquennium,
907 2706 1111 2741 commendas
1136 2709 1168 2741 et
1191 2705 1347 2742 beneficia
1371 2708 1524 2752 consequi
1540 2709 1689 2751 possunt,
1707 2706 1770 2742 339
1786 2717 1848 2752 seq.
1866 2705 1986 2742 Causae
