2227 3241
23 262 70 292 An.
92 262 122 290 G.
139 261 208 290 1605

54 431 82 460 ‚⁸⁰
97 429 205 450 decretum

24 458 113 480 imitans.

39 1026 42 1028 ·
62 1021 206 1048 Exequutorcs

26 1048 126 1077 duputau.

0 2478 2 2482 ,
50 2458 158 2486 verozano
167 2466 212 2482 eon·

37 2487 150 2508 turturum.

869 263 988 287 PAULUS
1010 264 1026 287 V
1052 264 1101 287 PP.

222 309 312 344 dium
323 310 486 353 intentari,
506 311 672 356 impetrari
685 311 732 345 vel
747 311 880 345 concedi
894 311 966 344 nul—

222 363 348 397 latenus
372 375 526 408 umquam
548 375 653 409 posse;
981 381 983 393 ι

268 419 283 459 ξ
306 417 335 450 7.
363 418 479 462 Sicque
504 429 560 462 per
592 428 813 462 quoscumque
845 417 983 469 iudices}>

222 471 407 505 ordinarios
428 477 458 504 et
479 472 652 514 delegatos,
677 471 773 505 etiam
795 475 982 505 causarum}

222 524 332 558 Palatii
350 525 542 569 Apostolicis
563 525 738 565 auditores,
763 536 799 558 ac
816 525 846 558 S.
870 526 905 558 R.
927 524 960 558 Ε.
980 527 981 571 ᾖ

222 578 414 620 cardinales,
437 578 606 622 dictaeque
630 578 719 612 Sedis
738 579 777 612 de
802 579 899 612 latere
918 579 963 612 le·
980 573 981 578 ¹

221 637 311 673 gatos
332 631 471 674 (sublata
488 631 534 664 eis
551 636 582 664 et
602 641 714 664 eorum
734 631 865 665 cuilibet
885 642 964 675 qua-

222 684 266 717 vis
282 684 378 717 aliter
390 683 554 716 iudicandi
573 689 604 716 et
617 684 850 727 interpretandi
865 684 964 718 sacul-

222 742 285 770 tate
317 742 347 770 et
375 736 591 780 auctoritate)
612 736 748 770 iudicari
780 742 811 770 ct
835 737 961 770 definiri

221 791 350 832 debere,
368 800 404 823 ac
425 790 551 823 irritum
573 796 603 823 et
626 790 721 824 inane
742 791 898 835 quicquid
916 801 964 824 se-

222 854 277 877 cus
296 853 395 887 super
414 842 463 876 his
484 853 502 875 a
522 853 699 887 quoquam,
720 844 830 887 quavis
854 850 964 877 aucto-

220 897 325 938 ritate,
342 897 481 930 scienter
498 898 546 930 vel
574 897 771 940 ignoranter,
796 898 964 941 contigerit

222 951 383 985 attentari.

219 1000 223 1003 ’
267 1007 284 1048 ἕ
305 1004 335 1038 8.
367 1005 524 1045 Quocirca
544 1005 668 1040 dilectis
687 1005 762 1040 titiis
782 1006 901 1039 nostris
934 1013 965 1040 et

221 1058 425 1103 Apostolicae
445 1058 536 1092 Sedis
562 1056 594 1092 in
622 1059 729 1102 regnis
755 1059 909 1093 Franciae
934 1066 981 1113 et}

222 1111 448 1155 Hispaniarum
462 1111 590 1146 nunciis
608 1117 638 1145 et
657 1123 827 1146 causarum
850 1113 963 1147 Curiae
979 1133 980 1162 3

222 1165 374 1200 Gamerae
385 1166 588 1210 Apostolicae
599 1167 741 1209 generali
756 1167 895 1201 auditori
906 1178 964 1212 per
979 1193 981 1198 ,

221 1226 408 1265 praesentes
446 1221 678 1255 committimus
710 1227 741 1255 et
772 1222 963 1257 mandamus
979 1240 980 1252 ι

222 1280 380 1319 quatenus
402 1275 474 1319 ipsi,
499 1275 547 1308 rel
569 1276 632 1309 duo
651 1282 705 1309 aut
727 1286 810 1309 unus
834 1287 959 1317 corum,
979 1297 980 1321 ἦ

221 1339 279 1372 per
301 1339 346 1369 se,
370 1329 418 1362 vel
445 1328 562 1370 alium,
585 1340 642 1363 seu
663 1329 753 1370 alios,
778 1337 980 1374 praesentes*

221 1383 344 1416 litteras
364 1388 394 1416 et
419 1382 451 1415 in
477 1383 521 1417 eis
546 1389 697 1417 contenta
717 1394 959 1428 quaecumque,
979 1400 980 1411 ι

221 1436 277 1470 ubi
298 1443 329 1471 et
345 1437 474 1481 quando
492 1447 573 1481 opus
594 1437 699 1477 fuerit,
721 1443 750 1470 et
765 1437 890 1481 quoties
902 1448 962 1482 pro

221 1496 313 1535 parte
334 1490 526 1524 correctoris
547 1490 705 1534 generalis
738 1492 872 1535 eiusque
890 1492 959 1525 col-

222 1546 313 1588 legae
334 1556 370 1579 ac
390 1545 610 1589 procuratoris
631 1545 885 1589 praedictorum,
909 1551 964 1578 aut

222 1598 357 1632 alicuius
378 1609 502 1639 eorum,
524 1598 643 1631 suerint
658 1598 816 1642 requisiti,
845 1599 962 1632 solem-

222 1652 308 1686 nitcr
327 1652 540 1696 publicantes,
565 1652 692 1696 illisque
711 1658 740 1685 et
758 1652 890 1685 cuilibet
908 1662 962 1685 eo·

223 1716 294 1739 rum
325 1706 357 1738 in
386 1705 571 1750 praemissis
603 1705 743 1739 et'licacis
768 1705 963 1739 defensionis
979 1724 981 1726 v

222 1760 385 1803 praesidio
406 1760 606 1800 assistentes,
630 1760 748 1793 faciant
772 1760 963 1793 auctoritate

222 1815 331 1846 nostra
345 1813 416 1846 illos
437 1818 466 1846 et
486 1823 598 1846 eorum
614 1812 790 1857 quemlibet
810 1812 964 1856 praemis-

222 1877 333 1900 sorum
352 1866 497 1900 omnium
513 1872 543 1900 et
560 1866 759 1909 singulorum
775 1868 890 1901 effectu
907 1877 964 1911 pa-

224 1917 314 1951 cifice
340 1917 403 1951 frui
431 1924 461 1951 et
481 1918 633 1960 gaudere;
657 1928 721 1951 non
742 1918 981 1962 permittentes

223 1971 295 2005 illos
305 1976 359 2005 aut
374 1981 487 2004 eorum
502 1971 680 2015 quemlibet
695 1971 832 2015 desuper
845 1982 862 2005 a
883 1981 964 2016 quo·
980 1987 982 2023 ξ

224 2037 320 2071 quam
353 2026 464 2070 quavis
497 2026 688 2060 auctoritate
720 2024 965 2070 quomodolibet

224 2080 366 2114 indebite
379 2080 560 2121 molestari,
577 2081 832 2114 contradictores
845 2081 965 2125 quosli-
980 2120 982 2130 A

224 2133 278 2167 bet
290 2139 321 2167 et
336 2133 471 2167 rebelles
494 2143 530 2167 ac
548 2133 730 2178 praemissis
742 2140 965 2178 nonparentcs
981 2131 982 2160 l

224 2197 281 2232 per
292 2197 442 2220 censuras
455 2191 485 2220 et
501 2197 622 2230 poenas
636 2187 876 2229 ecclesiasticas,
894 2187 966 2220 alia-

225 2252 288 2286 que
302 2246 486 2285 opportuna
504 2240 583 2274 iuris
601 2246 632 2273 ct
650 2241 723 2274 sacti
740 2242 893 2283 remedia,
911 2252 965 2285 ap-

225 2294 400 2338 pellatione
415 2293 604 2338 postposita,
621 2295 869 2338 compescendo,
883 2295 966 2328 invo-

228 2353 298 2382 cato
317 2348 412 2381 etiam
432 2349 470 2381 ad
489 2348 561 2389 hoc,
581 2348 606 2381 si
625 2359 705 2393 opus
723 2349 829 2389 suerit,
847 2350 966 2383 auxilio

228 2401 349 2436 brachii
370 2402 552 2435 saecularis.

274 2456 289 2497 ξ
310 2454 340 2488 9.
355 2455 424 2488 Non
443 2455 646 2489 obstantibus
659 2455 758 2489 felicis
771 2456 966 2490 recordatio-
983 2462 985 2489 t

230 2508 278 2541 nis
297 2508 449 2542 Bonisacii
464 2509 568 2553 Papae
584 2510 646 2543 Vlll
660 2510 901 2554 pracdccesoris
916 2521 968 2543 no-

230 2562 335 2605 stride
348 2565 423 2603 una,
437 2563 512 2596 etin
527 2563 664 2597 concilio
675 2564 816 2607 generali
835 2564 919 2599 edita
930 2565 968 2598 dc

231 2615 354 2649 duabus
372 2616 475 2657 dietis,
489 2617 666 2651 dommodo
680 2618 762 2650 ultra
785 2623 847 2651 tres
868 2618 968 2651 dietas

232 2668 346 2713 aliquis
365 2670 554 2705 auctoritate
578 2672 797 2716 praesentium
823 2672 862 2706 ad
883 2671 967 2706 iudi-

1001 311 1085 344 cium
1099 322 1164 345 non
1185 313 1340 354 trahatur,
1358 313 1493 358 aliisque
1506 313 1742 347 constitutioni-

1000 364 1058 398 bus
1073 371 1102 398 et
1116 366 1587 411 ordinationibusapostolicis,
1605 378 1640 401 ac
1654 378 1743 412 prae-

1000 417 1076 450 dicti
1090 417 1229 459 Ordinis,
1244 419 1340 452 etiam
1357 419 1550 461 iuramento,
1572 420 1741 455 confirma-

1000 470 1085 503 tione
1107 472 1283 515 apostolica
1304 473 1350 505 vel
1373 474 1484 517 quavis
1501 474 1654 508 firmitate
1679 474 1742 507 alia

999 524 1170 565 roboratis,
1183 525 1310 559 statutis
1324 533 1354 560 et
1365 528 1664 569 consuetudinibus,
1681 528 1743 572 pri-

999 576 1121 619 vilegiis
1143 588 1283 622 quoque,
1305 578 1437 613 indultis
1462 586 1493 614 ct
1517 581 1630 614 litteris
1655 582 1741 626 Apo-

997 631 1118 665 stolicis
1132 632 1237 665 eidem
1253 632 1374 674 Ordini,
1392 633 1740 679 illiusquecorrectori,

998 685 1140 727 collegis,
1160 686 1428 729 procuratoribus
1442 688 1575 732 aliisque
1597 690 1742 733 superio-

998 738 1089 772 ribus
1109 744 1139 772 et
1160 739 1319 783 personis,
1340 741 1398 773 sub
1413 741 1674 787 quibuscumque
1698 749 1740 777 te-

998 793 1132 826 noribus
1142 798 1172 827 et
1186 793 1309 834 formis,
1323 804 1359 828 ac
1373 805 1444 828 cum
1462 796 1635 839 quibusvis,
1646 797 1740 831 etiam

999 847 1277 889 derogatoriarum
1301 848 1526 891 derogatoriis,
1544 850 1679 895 aliisque
1698 852 1742 885 ef-

1000 900 1206 934 ficacioribus
1228 907 1258 934 et
1278 901 1414 935 insolitis
1432 904 1592 945 clausulis,
1614 914 1650 937 ac
1670 905 1742 938 irri-

1000 954 1140 988 tantibus
1158 961 1189 989 et
1205 955 1276 989 aliis
1297 956 1445 998 decretis,
1463 957 1494 990 in
1513 968 1630 1001 genere
1643 960 1692 992 vel
1709 959 1741 992 in

990 1009 1115 1052 specie,
1140 1019 1174 1042 ac
1201 1009 1281 1043 alias
1307 1010 1339 1043 in
1360 1011 1557 1044 contrarium
1584 1012 1742 1056 praemis-

997 1071 1106 1095 sorum
1116 1062 1360 1106 quomodolibet
1369 1064 1753 1106 concessis,cmifirmatis

999 1120 1028 1148 et
1042 1116 1238 1159 approbatis.
1256 1116 1377 1156 Quibus
1392 1118 1543 1152 omnibus
1556 1118 1739 1162 etsingulis,

999 1169 1122 1203 etiamsi
1145 1169 1183 1203 de
1203 1170 1265 1203 illis
1286 1181 1465 1216 eorumque
1484 1172 1557 1206 totis
1577 1172 1742 1207 tenoribus

999 1216 1333 1267 specialis,'specilica‚
1353 1236 1501 1270 expressa
1520 1233 1550 1260 et
1564 1227 1739 1268 individua,

999 1287 1065 1309 non
1087 1282 1194 1310 autem
1210 1288 1267 1321 pcr
1287 1278 1446 1312 clausulas
1467 1281 1634 1322 generales
1655 1280 1740 1314 idem

998 1330 1221 1373 importantes,
1245 1331 1366 1364 mentio
1385 1342 1441 1365 scu
1459 1333 1589 1376 quaevis
1609 1333 1670 1366 alia
1691 1345 1743 1368 ex-

997 1383 1119 1427 pressio
1137 1384 1296 1425 babenda,
1315 1391 1369 1418 aut
1383 1385 1491 1429 aliqua
1508 1386 1570 1419 alia
1588 1387 1743 1431 exquisita

998 1437 1103 1470 forma
1123 1437 1162 1470 ad
1183 1437 1244 1471 boc
1258 1439 1415 1472 servanda
1432 1439 1525 1480 soret,
1543 1445 1670 1473 tenores
1688 1440 1743 1473 liu-

999 1490 1153 1532 iusmodi,
1178 1502 1212 1524 ac
1230 1491 1255 1525 si
1278 1492 1317 1525 de
1336 1493 1432 1526 verbo
1446 1494 1485 1526 ad
1507 1493 1641 1527 verbum
1661 1494 1744 1528 inse—

999 1550 1158 1583 rerentur,
1191 1546 1414 1588 praesentibus
1444 1557 1503 1590 pro
1531 1547 1688 1592 expressis
1714 1554 1745 1581 et

998 1598 1037 1631 ad
1057 1598 1189 1631 verbum
1209 1598 1336 1632 insertis
1354 1599 1519 1641 habentes,
1535 1601 1597 1633 illis
1615 1601 1693 1635 alias
1711 1601 1743 1634 in

997 1661 1055 1685 suo
1077 1652 1195 1685 robore
1219 1653 1453 1696 permansuris,
1476 1654 1534 1687 hac
1556 1654 1622 1688 vice
1648 1655 1742 1688 dum-

1000 1710 1080 1737 taxat
1108 1705 1292 1749 specialiter
1317 1713 1347 1740 et
1372 1718 1520 1751 expresse
1547 1708 1742 1751 derogai‘nus

999 1759 1197 1803 caeterisque
1218 1761 1388 1794 contrariis
1406 1761 1676 1805 quibuscumque.

1044 1814 1059 1854 ξ
1076 1812 1126 1845 10.
1141 1813 1296 1847 Volumus
1310 1820 1416 1848 autem
1426 1815 1512 1858 quod
1523 1815 1740 1859 praesentium

1001 1867 1220 1911 transumptis,
1247 1868 1343 1901 etiam
1364 1868 1540 1912 impressis,
1567 1879 1664 1902 manu
1683 1869 1741 1902 ali-

999 1919 1090 1953 cuius
1107 1920 1359 1965 notariipuhlici
1377 1921 1576 1966 subscriptis,
1594 1928 1623 1955 et
1635 1922 1741 1964 sigillo

999 1972 1135 2006 alicuius
1146 1974 1345 2017 personaein
1361 1975 1516 2017 dignitate
1527 1975 1741 2008 ecclesiastica

1000 2027 1190 2060 constitutae
1209 2028 1352 2068 munitis,
1373 2029 1484 2062 eadem
1505 2039 1639 2073 prorsus
1660 2029 1742 2063 fides

1000 2080 1032 2113 in
1054 2081 1172 2114 iudicio
1185 2088 1213 2114 et
1236 2088 1323 2115 extra
1338 2082 1417 2116 illud
1438 2082 1642 2123 adhibeatur,
1660 2094 1742 2127 quae

1001 2135 1076 2179 ipsis
1097 2136 1321 2179 praesentibus
1346 2136 1567 2178 adhiberetur,
1591 2137 1615 2170 si
1638 2138 1742 2170 forent

1001 2188 1160 2222 exhibitae
1179 2190 1226 2222 vel
1248 2196 1406 2224 ostensae.

1044 2242 1157 2275 Datum
1179 2243 1300 2276 Romae
1327 2244 1411 2288 apud
1437 2249 1582 2277 sanctum
1600 2245 1740 2278 Marcum

1001 2295 1060 2329 sub
1074 2297 1378 2331 annulo‘l‘istatoris
1398 2298 1448 2331 die
1465 2308 1474 2332 1
1489 2298 1630 2332 octobris
1643 2308 1738 2339 MDCV,

1002 2349 1207 2393 pontificatus
1225 2351 1325 2384 nostri
1348 2362 1433 2384 auno
1452 2352 1487 2385 ι’.

1039 2429 1096 2456 ltat.
1114 2429 1156 2457 dic
1180 2432 1187 2457 1
1212 2430 1331 2457 octobris
1356 2431 1430 2464 ltjtt5,
1453 2431 1545 2466 pontis.
1567 2439 1610 2458 au.
1634 2439 1651 2457 1.

1040 2547 1048 2572 t
1074 2546 1178 2573 l‘aucos
1206 2550 1268 2573 ante
1289 2547 1364 2577 dies,
1393 2547 1495 2573 scilicet
1515 2548 1548 2573 ‘21
1569 2547 1740 2582 septembris,

1004 2590 1101 2618 Paulus
1121 2599 1168 2618 sua
1188 2591 1393 2623 Constitutione,
1424 2592 1465 2618 cui
1493 2592 1608 2626 initium,
1630 2593 1675 2620 Ea·
1696 2594 1742 2620 in-

1004 2636 1099 2663 iuncto
1128 2636 1207 2664 nobis
1227 2636 1373 2663 Clementis
1404 2636 1458 2663 l'lll
1489 2637 1593 2664 litteras
1629 2637 1742 2673 (quibus

1003 2681 1148 2709 declaravit
1157 2681 1397 2718 Congregatiouem
1407 2682 1520 2710 fratrum
1531 2682 1740 2713 reformatorum

1644 255 1703 289 ⁶231
1754 266 1804 292 An.
1827 265 1941 293 (1.1605

1798 1824 1942 1851 Transumptis

1758 1852 1827 1872 :lauda
1838 1852 1898 1872 sides.
