2227 3241
251 263 300 291 An.
319 263 347 291 C.
369 263 436 293 ¹605

251 327 306 353 sium
326 328 349 349 S.
362 327 438 348 Hiero-

250 355 305 380 nymi
321 359 360 380 pro
375 355 437 375 scho-

251 380 331 401 laribus
356 381 437 401 institui

251 407 310 427 iussit
340 407 367 427 ab
393 413 437 428 eius

251 433 350 454 fratribus
357 436 376 454 et
387 434 435 454 bae-

251 460 343 482 redihus.
352 462 372 481 et
386 460 434 480 sub-

251 486 327 506 sidium
349 487 383 507 hic
406 487 435 506 in-

251 512 343 533 dicatum
384 513 435 533 assi-

251 539 329 563 gnarit-

482 255 546 289 240

452 314 595 347 drubalis
616 315 654 348 dc
674 314 840 348 Matthacis
861 315 1107 350 domicellorum
1128 317 1190 351 Ro-

453 365 621 400 manorum
647 367 770 411 petitio
786 369 982 411 continebat,
1006 370 1091 414 quod
1112 370 1190 405 alias

452 419 554 453 bonae
577 420 751 455 memoriae
776 422 989 467 Hieronymus
1015 423 1105 457 titulo
1117 434 1189 458 san-

451 471 491 504 cti
523 472 682 505 Pancratii
714 474 882 518 presbyter
911 475 1082 508 cardinalis
1110 475 1188 508 Mat-

451 523 574 558 thaeius
601 532 808 570 nuncupatus
824 554 831 568 ,
855 527 944 561 cordi
969 528 1091 563 habens
1115 529 1189 562 reli-

449 577 554 620 gionis
571 584 783 621 augmentum
804 586 834 614 et
859 580 1008 615 decorem
1037 582 1188 627 piamque

450 630 622 665 iuventutis
647 632 862 667 eruditionem
879 662 886 675 ,
915 635 946 667 in
972 635 1087 670 ultimo
1112 646 1129 669 a
1154 647 1187 670 se

450 684 580 718 condito
592 690 792 728 testamento,
806 687 864 720 sub
879 687 968 722 euius
978 688 1187 733 dispositione

448 738 488 771 ab
504 738 654 773 humanis
672 740 819 782 decessit,
844 746 874 774 et
896 743 934 775 ad
953 743 1089 785 gloriam
1111 754 1183 777 om-

448 791 622 835 nipotentis
631 792 698 834 Dei,
711 799 741 826 et
753 793 912 828 bonorem
925 795 987 829 divi
1002 795 1185 841 Hieronymi

448 844 593 890 advocati
614 846 673 887 sni,
687 846 816 891 Cyriaco
837 853 868 881 et
887 848 1079 882 Hasdrubali
1093 860 1185 893 prae-

448 898 518 932 fatis
538 899 606 933 eius
628 899 780 934 fratribus
798 906 827 934 ct
847 901 1042 936 haeredibus
1064 903 1186 937 univer-

447 952 577 995 salibus,
593 953 676 987 inter
689 954 762 997 alia,
784 960 912 989 centum
931 961 962 990 et
979 957 1123 1002 quinque
1145 958 1187 991 di-

447 1017 612 1041 versorum
634 1007 788 1053 Montium
811 1009 849 1042 de
863 1009 947 1043 Urbe
965 1010 1034 1044 loca
1048 1021 1111 1045 non
1133 1022 1186 1045 va·
1203 1020 1205 1030 ³

447 1059 574 1102 cabilia,
598 1067 629 1094 et
647 1061 757 1095 decem
780 1062 867 1096 mille
882 1069 970 1097 scuta
992 1070 1139 1098 monetae
1155 1065 1185 1098 in

447 1113 642 1158 emptionem
657 1115 846 1149 totaliorum
866 1116 1012 1159 locorum
1030 1118 1183 1151 Montium

446 1176 510 1200 non
529 1167 733 1210 vacabilium,
752 1169 847 1202 ctiam
867 1170 906 1203 de
920 1170 1015 1211 Urbe,
1037 1182 1091 1204 seu
1113 1183 1186 1206 cen-

446 1231 540 1254 suum
567 1231 748 1255 annuorum
772 1228 839 1256 tuto
862 1228 888 1256 et
917 1223 998 1257 bene
1020 1224 1187 1269 imposito-

446 1285 530 1316 rum,
546 1280 597 1309 aut
614 1275 774 1309 bonorum
789 1277 963 1319 stabilium,
979 1288 1089 1311 eorum
1106 1279 1187 1312 arbi-

447 1327 510 1360 trio
539 1329 701 1371 eroganda
730 1330 923 1373 praelegavit
958 1341 1012 1364 seu
1042 1332 1182 1376 reliquit.

449 1381 581 1426 insuper
608 1383 708 1416 voluit
728 1389 757 1416 et
788 1384 947 1417 mandavit
982 1387 1068 1429 quod
1084 1413 1091 1427 ,
1114 1392 1187 1430 post

448 1436 561 1468 factam
595 1436 789 1480 emptionem
823 1437 1019 1479 huiusmodi,
1045 1440 1187 1484 quinque

447 1498 548 1532 nsque
569 1489 608 1522 ad
629 1500 680 1523 sex
701 1490 788 1528 mille
806 1497 895 1525 scuta
919 1492 999 1525 intra
1020 1494 1184 1527 sex'men·

447 1552 517 1579 ses,
546 1552 563 1575 a
590 1542 640 1576 die
666 1543 772 1577 obitus
797 1545 844 1578 sui
872 1547 1126 1590 computandos,
1156 1548 1186 1580 in

447 1595 642 1639 emptionem
653 1596 788 1630 alicuius
801 1598 914 1632 domus
924 1609 978 1632 seu
990 1600 1188 1642 loei,eisdem

447 1647 580 1692 Cyn-iaco
602 1654 629 1682 et
651 1650 842 1684 Hasdrubali
869 1651 1037 1686 bencvisae
1058 1664 1112 1687 seu
1134 1655 1189 1687 be-

447 1701 558 1742 nevisi,
579 1703 733 1743 converti,
759 1704 867 1749 ibique
889 1706 1060 1749 collegium
1085 1709 1187 1742 sancti

447 1755 632 1801 Hieronymi
648 1759 899 1802 nuncupandum
916 1760 993 1803 erigi
1009 1766 1039 1794 et
1052 1761 1185 1803 institui,

448 1814 474 1840 nt
496 1815 656 1853 quatenus
669 1821 728 1854 pro
747 1811 911 1856 emptione
927 1813 1042 1847 (lomus
1056 1824 1111 1848 seu
1126 1815 1187 1848 loci

447 1861 632 1896 huiusmodi
645 1871 834 1907 erogaretur
845 1865 951 1899 minor
961 1877 1086 1901 summa
1096 1869 1189 1903 dictis

447 1925 498 1947 sex
525 1915 612 1949 mille
633 1917 742 1957 scutis,
766 1917 874 1951 habita
902 1919 1025 1953 ratione
1047 1921 1084 1953 ad
1105 1921 1188 1955 illius

447 1968 587 2012 pretium
603 1976 630 2003 et
648 1970 811 2013 fabricam,
829 1972 854 2005 si
870 1983 933 2017 qua
948 1973 1094 2007 sarienda
1109 1980 1190 2008 esset

447 2033 506 2066 pro
525 2025 764 2059 constructione
783 2032 809 2059 et
827 2037 884 2059 usu
904 2027 980 2061 ‹licti
1002 2029 1140 2072 collegii,
1157 2029 1188 2062 id

450 2081 550 2109 totum
572 2079 658 2122 quod
678 2085 867 2122 superesset,
884 2080 914 2113 in
933 2081 1128 2125 emptionem
1150 2082 1190 2115 si-

449 2130 572 2163 milium
589 2131 746 2171 locorum,
759 2133 822 2166 sive
837 2144 1004 2175 rensuum,
1021 2141 1072 2168 aut
1088 2135 1189 2169 bono-

448 2194 519 2216 rum
541 2185 580 2217 ad
602 2186 810 2219 commodum
835 2192 866 2220 et
890 2187 1084 2221 beneficium
1113 2188 1188 2222 dieti

449 2238 575 2281 collegii
589 2238 745 2280 investiri}
761 2239 864 2283 ipsum
883 2247 988 2275 autem
1004 2242 1189 2285 collegium,

450 2302 484 2323 ac
506 2292 591 2325 bona
612 2292 656 2325 illi
677 2303 737 2336 pro
751 2294 818 2326 eins
839 2286 912 2327 dote
930 2295 1133 2338 assignanda,
1150 2295 1189 2329 de

450 2345 647 2389 proprietate
665 2352 692 2380 et
716 2347 783 2379 iure
802 2354 990 2390 patronatus
1014 2341 1132 2393 Cyriaci
1159 2355 1189 2382 et

450 2399 658 2433 Hasdrubalis
683 2401 936 2444 praedictorum,
965 2413 1002 2435 ac
1025 2403 1185 2444 tiliorum,

451 2458 616 2497 nepotum,
637 2459 853 2498 pronepotum
875 2460 906 2488 et.
927 2455 1063 2489 aliorum
1085 2465 1121 2489 ex
1144 2456 1189 2489 eis

451 2507 715 2541 descendentium
739 2507 769 2540 in
792 2508 965 2547 infinitum,
990 2509 1084 2541 unius
1105 2509 1188 2543 seili-

451 2566 499 2592 cet
512 2561 708 2604 post-alium,
726 2572 804 2602 esse,
822 2572 868 2600 ac,
892 2562 952 2595 illis
969 2562 1121 2596 omnibus
1135 2563 1188 2596 de-

451 2612 644 2653 ficientibus,
669 2624 781 2647 omnes
796 2615 874 2648 alios
889 2615 918 2647 in
934 2615 1189 2659 primogenitura

449 2675 508 2711 per
528 2676 599 2699 eum
618 2677 715 2712 super
728 2668 930 2702 successione
950 2668 1048 2712 partis
1065 2669 1189 2704 Castro-

1031 266 1212 293 BULLARlUM
1232 266 1385 293 ROMANUM

1208 699 1272 733 *sex
1288 689 1462 730 mensibus,
1480 689 1595 723 domus
1608 700 1662 723 seu
1675 691 1763 725 locus
1776 691 1960 727 huiusmodi

1976 258 2186 300 An.C.¹rt1s'‘

1225 327 1294 350 rum
1309 317 1399 358 lovis,
1417 317 1563 351 Reccbae
1572 316 1756 352 Sinibaldae
1768 324 1798 354 et
1815 320 1961 354 Belmon-
2142 314 2163 327 ²

1224 370 1262 403 tis
1281 370 1405 403 ratione
1425 370 1608 404 donationis
1628 382 1687 416 per
1699 373 1847 407 eumdem
1868 380 1961 408 antea

1223 422 1395 467 praedictis
1423 423 1551 468 Cyriaco
1580 429 1610 458 et
1641 425 1834 459 Hasdrubali
1860 427 1961 461 sactae

1223 475 1366 509 instituta
1389 476 1651 520 comprehensos,
1672 479 1807 512 exclusis
1835 489 1962 525 semper

1223 528 1359 570 seminis,
1384 535 1415 563 et
1425 529 1513 563 alias
1531 530 1616 564 iuxta
1633 531 1776 577 eiusdem
1800 533 1962 577 primoge-

1222 582 1348 616 niturae
1369 583 1516 625 sormam,
1532 583 1646 617 seriem
1666 590 1698 618 et
1715 585 1958 629 continentiam,

1222 636 1266 669 eis
1287 637 1473 677 succedere,
1497 643 1524 670 et
1547 642 1715 681 quatenus,
1736 639 1850 683 elapsis
1870 639 1962 675 dictis

1221 747 1328 787 empta
1353 743 1400 775 vel
1430 749 1557 787 emptus
1582 754 1646 777 non
1672 750 1776 786 esset,
1798 750 1874 780 tunc
1903 757 1962 791 per

1220 795 1384 840 Cyriacum
1401 801 1432 829 et
1442 796 1675 830 Hasdrubalem
1687 798 1846 841 praefatos
1853 798 1961 844 aliqua

1220 848 1336 882 idonea
1365 849 1481 882 domus
1499 849 1537 882 ad
1551 848 1637 883 hunc
1654 850 1801 884 effectum
1824 851 1960 887 conduci

1221 901 1352 935 deberet
1366 901 1385 935 ¹.

1265 957 1281 997 ξ
1302 955 1332 988 2,
1354 954 1483 1000 ipsique
1503 955 1655 1001 Cyriacus
1674 962 1705 990 et
1725 957 1905 992 Hasdrubal
1923 970 1960 994 ac

1221 1019 1331 1042 eorum
1353 1009 1573 1054 primogeniti,
1594 1013 1657 1044 una
1679 1021 1751 1045 cum
1773 1012 1960 1058 praeposito

1221 1062 1336 1095 domus
1356 1063 1455 1096 sancti
1476 1063 1570 1096 Blasii
1592 1064 1631 1097 de
1651 1065 1789 1106 Annulo,
1807 1065 1902 1099 etiam
1920 1066 1959 1100 de

1220 1114 1314 1156 Urbe,
1337 1115 1596 1159 congregationis
1607 1117 1802 1152 Clericorum
1823 1119 1959 1162 Regula-

1219 1168 1302 1201 rium
1324 1168 1423 1201 saneti
1444 1169 1533 1202 Pauli
1555 1170 1708 1204 Decollati
1727 1182 1788 1215 pro
1813 1177 1959 1218 tempore

1221 1221 1384 1262 existente,
1406 1221 1526 1256 dictum
1546 1223 1717 1267 collegium
1733 1224 1915 1267 gubernare
1929 1232 1959 1260 et

1221 1275 1464 1318 administrare,
1489 1287 1525 1309 ac
1553 1277 1741 1320 magistrum
1771 1288 1827 1312 seu
1847 1284 1955 1313 recto-

1222 1339 1308 1370 rem,
1332 1329 1512 1370 scholares,
1538 1330 1693 1372 saniulos,
1717 1331 1901 1373 servientes,
1925 1338 1960 1366 ut

1222 1382 1312 1425 infra,
1338 1382 1539 1427 qualificatos
1554 1383 1584 1417 in
1600 1383 1684 1418 dicto
1703 1384 1839 1428 collegio
1857 1384 1959 1420 intro-

1222 1437 1386 1470 ducendos
1416 1436 1533 1480 eligere
1559 1443 1586 1470 et
1618 1437 1805 1479 admittere,
1841 1447 1961 1484 eosque

1222 1490 1381 1534 expellere
1402 1496 1431 1523 et
1451 1500 1631 1532 removere,
1647 1500 1684 1524 ac
1701 1491 1781 1524 alios
1798 1491 1957 1533 sufficere,

1221 1548 1414 1588 statutaque,
1433 1543 1652 1577 ordinationes
1666 1550 1696 1578 et
1716 1544 1961 1579 constitutiones

1221 1608 1280 1642 pro
1301 1597 1386 1631 illius
1417 1597 1499 1631 felici
1526 1603 1608 1631 statu
1634 1604 1664 1632 et
1687 1597 1843 1643 prospera
1869 1599 1958 1633 dire—

1222 1651 1327 1685 ctione
1349 1652 1463 1692 sacere,
1485 1651 1623 1685 condere
1647 1657 1677 1685 et
1704 1652 1959 1696 compilare-de-

1221 1705 1345 1746 berent,
1369 1705 1498 1749 illaque,
1531 1711 1627 1749 prout
1657 1705 1783 1740 occasio
1803 1716 1836 1740 se
1865 1706 1961 1740 osfer-

1224 1763 1271 1791 ret
1284 1763 1314 1792 et
1325 1758 1369 1792 cis
1378 1758 1550 1800 videretur,
1561 1759 1739 1792 reformare
1749 1764 1778 1793 et
1790 1759 1962 1804 corrigere,

1223 1824 1259 1845 ac
1276 1812 1396 1846 eisdem
1418 1812 1538 1846 addere
1564 1818 1593 1846 et
1614 1812 1784 1847 detrahere
1807 1819 1959 1858 possent,

1223 1876 1258 1899 ac
1279 1865 1418 1909 denique
1438 1865 1573 1898 liberam
1593 1865 1694 1910 ipsius
1711 1866 1838 1909 collegii
1856 1866 1963 1900 admi-

1223 1918 1447 1952 nistrationem
1461 1919 1626 1960 haberent,
1648 1919 1736 1952 omni
1757 1925 1787 1953 et
1801 1930 1960 1964 quacum-

1223 1984 1286 2018 que
1307 1973 1531 2017 superi'oritate
1557 1978 1588 2006 et
1608 1973 1907 2018 superintendentia
1929 1983 1964 2007 0-

1226 2028 1319 2062 mIssa
1338 2055 1344 2067 ,
1366 2037 1484 2071 rogans
1516 2033 1547 2061 ct
1578 2028 1711 2061 hortans
1738 2027 1910 2072 Cyriacum.
1932 2033 1964 2061 et

1222 2081 1456 2115 Hasdrubalem
1498 2091 1532 2114 ac
1569 2081 1789 2125 praepositum
1828 2081 1960 2126 praedi-

1223 2141 1302 2176 ctos,
1331 2140 1488 2179 quatenus
1510 2134 1540 2167 in
1567 2135 1758 2178 opportunis
1779 2134 1959 2168 ordinatio-

1222 2188 1316 2221 nibus
1329 2187 1515 2221 huiusmodi
1539 2187 1702 2229 faciendis,
1723 2199 1759 2221 ex
1777 2188 1894 2232 quibus
1914 2198 1964 2222 re-

1223 2251 1292 2275 rum
1320 2241 1521 2274 conservatio
1554 2240 1737 2285 pendebat,
1767 2241 1856 2274 omni
1888 2252 1960 2275 cum
2001 2239 2003 2242 ⁴

1224 2294 1388 2337 diligentia
1404 2300 1435 2328 et
1448 2293 1618 2328 sedulitate
1629 2294 1674 2328 uti
1686 2294 1812 2335 vellent,
1825 2295 1886 2328 hac
1898 2297 1963 2329 una

1221 2348 1306 2392 inter
1327 2353 1467 2382 caeteras
1487 2347 1595 2381 addita
1618 2358 1655 2381 ae
1684 2347 1912 2382 inviolabiliter
1931 2353 1963 2382 et

1222 2407 1379 2446 perpetuo
1390 2401 1601 2441 observanda,
1619 2401 1776 2442 videlicet,
1791 2401 1879 2445 quod
1897 2407 1960 2436 tam

1223 2455 1374 2498 magister
1402 2465 1458 2488 seu
1488 2460 1604 2496 rector,
1622 2465 1718 2498 quam
1749 2454 1911 2488 scholares
1931 2460 1963 2489 et

1223 2509 1397 2543 servientes
1416 2508 1492 2542 'dicti
1512 2508 1649 2551 collegii,
1666 2509 1769 2553 prima
1797 2509 1961 2542 dominica

1224 2561 1395 2595 cuiuslibet
1415 2561 1545 2602 mensis,
1568 2571 1624 2595 sua
1648 2567 1778 2605 peccata
1799 2560 1957 2602 confiteri,

1224 2621 1254 2649 et
1273 2619 1508 2654 sacrosanctam
1528 2614 1760 2648 Eucharistiam
1775 2624 1902 2648 sumere
1917 2619 1961 2648 te—

1263 2677 1269 2703 1
1285 2677 1384 2704 Vocem
1394 2676 1664 2704 ‹leber-ceaddendam
1677 2675 1860 2711 reputavimus
1869 2675 1958 2711 (nm),
1987 2719 1996 2723 ,

2001 982 2052 1004 Eius
2066 983 2149 1010 regim'
2185 987 2188 1011 τ

1975 1007 2060 1031 ciriaco
2078 1013 2100 1031 et
2144 1016 2153 1032 ’.γ

1973 1035 2056 1058 drubati
2061 1036 2141 1058 fratrib
2152 1039 2154 1041 '

1975 1065 1996 1085 ot
2036 1063 2151 1093 praeposi
2186 1080 2187 1084 ,

1981 1089 2143 1116 congregatiun'.
2152 1104 2154 1107 -
2186 1099 2187 1102 ¹

1974 1117 2099 1138 clericorum
2142 1131 2144 1133 >
2184 1122 2187 1127 ·

1989 1143 2078 1164 ulai-ium
2091 1147 2150 1164 sane
2184 1148 2187 1170 ξ

1991 1169 2034 1191 anti
2055 1168 2149 1190 comis·

1974 1202 2021 1217 cum
2057 1195 2114 1217 facul
2137 1199 2145 1218 «j
2183 1216 2187 1225 ,

1974 1224 2054 1244 statuta
2081 1224 2150 1252 oppn‘

1974 1248 2145 1273 tunaraotimon·
2182 1253 2186 1262 ¹

2101 1312 2185 1338 ο
