2227 3241
223 272 409 301 An.c.1607
457 263 521 297 442

420 320 528 360 laicos,
549 319 603 352 sed
624 328 681 362 per
706 318 852 350 locorum
877 316 1074 356 (Ji-dinarios,
1102 319 1176 349 ec·'

247 1769 367 1790 Exordium.

285 2255 401 2276 Concilium

219 2281 363 2303 'tridentinum
383 2284 403 2303 et

218 2308 331 2330 Pontifices
339 2309 403 2330 iusse-

420 372 612 406 ctesiasticos
637 370 818 415 praedictos
834 370 957 403 solvere
977 374 1159 403 recusantes

420 425 614 469 compellere
632 429 664 457 et
681 433 788 457 coram
818 422 879 456 illis
906 427 1029 456 tantum
1043 422 1157 455 causa¹

420 482 450 509 et
463 475 631 509 occasione
642 474 896 519 praemissorum
909 473 1079 508 convenire
1092 483 1159 517 pos-

420 529 501 570 sint,
522 528 638 573 quibus
651 527 829 562 Ordinariis
840 527 955 561 harum
977 527 1059 561 serie
1072 537 1158 560 com-

421 581 578 615 mittimus
599 587 629 615 et
654 581 846 616 mandamus
865 587 900 615 ut
920 587 1031 615 contra
1055 581 1158 614 eccle-

419 634 564 668 siasticos
593 635 722 668 eosdem
753 634 792 667 ad
819 644 949 668 omnem
979 632 1156 677 simplicem

420 686 580 720 dictorum
601 694 786 721 exactorum
807 686 1063 731 requisitionem,
1086 695 1160 730 qua-

420 751 558 785 cumque
575 741 790 785 appellatione
811 742 946 781 remota,
963 740 1002 773 ad
1023 750 1159 783 exequu-

421 793 540 827 tionem
558 799 783 829 contentorum
804 792 961 826 inlitteris
974 791 1158 826 huiusmodi

420 847 610 880 auctoritate
630 849 739 880 nostra
759 846 946 891 procedant.

463 901 578 934 Datum
596 901 718 934 Romae
735 900 820 944 apud
838 905 984 933 sanctum
1002 898 1154 940 Marcum,

420 956 479 990 sub
511 956 631 989 annulo
670 954 841 988 Piscatoris
877 954 928 987 die
959 965 983 988 11
1016 954 1158 988 octobris

420 1020 542 1050 Mncvn,
565 1008 774 1054 pontificatus
791 1008 894 1042 nostri
915 1018 1000 1041 anno
1018 1018 1064 1042 111.

456 1073 513 1100 Dat.
532 1073 575 1101 die
590 1073 607 1100 2
626 1072 745 1100 octobris
767 1072 845 1106 1607,
861 1071 955 1106 pontif.
969 1080 1012 1098 an.
1025 1077 1062 1098 tn.

707 1232 866 1266 LXXXVI.

422 1331 709 1375 Confralerm'talis
749 1330 918 1364 Doctrinae
961 1329 1158 1364 Christianae

464 1386 578 1419 erectio
592 1386 627 1418 in
640 1384 1034 1428 archiconfhuternilalem
1054 1384 1090 1416 in
1105 1384 1158 1416 ba-

463 1439 560 1472 silica
578 1439 684 1472 sancti
707 1439 799 1472 Petri
828 1438 991 1482 principis
1015 1437 1155 1481 Aposto-

464 1493 571 1526 lorum
591 1493 628 1525 sle
656 1492 747 1532 Urbe,
776 1502 845 1524 cum
870 1491 1157 1535 indulqenlz'arttm

461 1546 778 1590 privileqiorumque
794 1545 988 1588 clar-qinono
1001 1543 1021 1577 ².

655 1624 766 1661 Paulus
787 1634 864 1668 Papa
883 1634 922 1667 V,

541 1691 577 1716 ad
596 1691 773 1723 perpetuam
792 1689 837 1716 rei
857 1688 1038 1716 memoriam.

464 1760 506 1793 Ex
528 1759 650 1793 credito
671 1759 765 1792 nobis
784 1758 954 1802 pastoralis
972 1758 1070 1792 officii
1090 1769 1159 1791 mu-

420 1823 495 1847 nere
520 1813 581 1857 piis
606 1812 695 1853 locis,
723 1823 805 1856 quae
831 1812 953 1845 maiora
978 1812 1008 1844 in
1035 1812 1102 1845 dies
1126 1812 1158 1844 in

418 1866 640 1910 spiritualibus
661 1871 689 1899 et
711 1866 943 1910 temporalibus
963 1865 1001 1898 ad
1021 1865 1076 1898 Dei
1091 1866 1159 1908 glo-

418 1920 498 1954 riam
527 1926 558 1954 et
583 1920 763 1953 animarum
796 1919 931 1952 salutem
961 1919 1158 1952 incrementa

416 1973 604 2018 suscipiunt,
622 1973 775 2006 ulteriora
788 1972 930 2006 subsidia
951 1977 981 2005 et
1001 1972 1158 2016 ampliora

417 2028 624 2062 concedimus
649 2027 826 2071 privilegia,
854 2037 894 2060 ne
915 2027 1092 2071 quidquam
1118 2026 1156 2059 il-

416 2082 521 2115 larum
546 2091 655 2114 rerum
684 2080 977 2124 praetermittamus
1003 2090 1084 2124 quae
1117 2080 1156 2114 ad

417 2134 621 2168 christianam
633 2134 875 2178 propagandam
887 2133 1075 2176 religionem
1087 2143 1158 2174 con-

418 2189 536 2223 ducere
551 2188 710 2222 videntur.
1037 2222 1042 2227 k

463 2244 479 2285 ξ
501 2242 530 2275 ’1.
555 2241 601 2276 Ob
619 2242 676 2275 has
696 2251 807 2275 causas
832 2241 1073 2275 considerantes
1099 2251 1155 2274 nos

419 2296 487 2330 iure
508 2295 631 2340 optimo
656 2306 673 2328 a
697 2305 788 2328 sacro
808 2294 994 2328 Tridentino
1014 2294 1154 2329 Concilio

454 2412 464 2439 1
487 2410 557 2442 Male
572 2410 637 2437 edit.
659 2410 741 2437 Main.
759 2410 824 2444 legit
843 2417 943 2437 causas
963 2410 1000 2445 (a.
1016 2411 1065 2443 T.).

451 2455 468 2482 2
488 2455 524 2482 De
544 2455 720 2482 instituendis
739 2454 782 2480 his
802 2454 1085 2485 ConsraternitatilmS,
1106 2454 1154 2481 ba-

416 2500 464 2527 bes
483 2499 597 2527 Constit.
620 2506 681 2525 cxiv
700 2499 741 2525 Pii
763 2499 786 2525 V
810 2498 858 2525 Ex
888 2499 982 2526 debito
1005 2499 1052 2533 (in
1076 2498 1102 2525 b.
1124 2507 1152 2525 n.

416 2545 481 2571 edit.
499 2550 590 2577 uertit,
602 2547 668 2570 tom.
685 2550 722 2570 vu
736 2551 797 2578 pag.
815 2544 886 2574 945).
902 2544 942 2570 De
957 2544 1045 2570 forma
1060 2546 1153 2570 autern

415 2589 583 2623 aggregandi
602 2588 668 2614 alias
688 2587 943 2622 Confraternitates,
959 2588 1069 2614 attende
1083 2587 1152 2614 Con-

416 2633 471 2659 stit.
493 2638 597 2659 cchxn
607 2632 755 2659 Clementis
770 2631 828 2658 Vlll
850 2633 1056 2667 Quaecumque,
1068 2636 1153 2659 utsu-

416 2686 466 2712 pra
486 2686 547 2713 pag.
566 2677 616 2705 138
631 2677 714 2704 huius
729 2677 806 2704 tomi.

998 269 1178 294 BULLAmtJM
1203 268 1355 294 ROMANUM

1174 1111 1176 1120 ¹
1191 1112 1360 1156 probitatis
1378 1111 1437 1144 viri
1454 1112 1522 1146 zelo
1539 1111 1701 1146 charitatis
1718 1112 1843 1147 accensi
1869 1123 1930 1157 pro

1174 1159 1176 1180 ἶ
1192 1165 1291 1199 divini
1305 1165 1409 1199 cultus
1426 1171 1600 1208 augmento
1618 1165 1650 1198 in
1666 1165 1727 1199 hac
1744 1166 1828 1199 alma
1845 1166 1930 1200 Urbe

1940 267 1990 296 An.
2005 267 2036 295 G.
2055 267 2122 299 1607
2150 271 2195 297 A„

1192 322 1221 349 et
1242 315 1376 348 summis
1396 315 1604 349 Pontificibus
1624 316 1926 360 praedecessoribus
1941 329 1989 349 runt
2011 305 2195 357 institutio-'f'

1192 367 1310 402 nostris
1327 373 1492 409 statutum,
1516 374 1547 402 et
1572 369 1634 401 iam
1656 368 1773 402 multis¹
1795 369 1834 402 ab
1851 369 1927 403 hine
1940 354 2183 412 ἓῗιῖιῑέῗᾞῖιῦἷΖ-ζς

1193 420 1284 454 annis
1298 420 1437 454 maximo
1450 420 1609 455 Ecclesiae
1620 421 1677 455 Dei
1689 421 1861 455 commodo
1874 422 1929 455 ob·
1941 414 1982 430 ¹²²⁰
1989 407 2125 431 ⁰¹¹⁰⁵²¹²⁹⁸⁹⁶
2180 426 2188 430 ’

1192 478 1351 507 servatum
1373 473 1481 515 fuisse,
1501 479 1536 507 ut
1556 474 1648 518 pueri
1668 473 1802 517 singulis
1822 474 1927 508 domi-

1193 527 1272 560 nicis
1283 532 1314 560 et
1323 527 1394 561 aliis
1402 527 1519 561 festivis
1531 527 1642 561 diebus
1649 527 1725 561 fidei
1736 527 1929 570 rudimenta,

1192 580 1410 614 obedientiam
1434 591 1509 623 erga
1533 581 1633 614 Deum
1659 585 1691 614 et
1713 585 1874 624 parentes,
1896 591 1931 613 a·

1192 634 1314 678 liasque
1328 633 1517 668 christianas
1535 634 1665 667 virtutes
1678 633 1718 667 ab
1732 633 1781 675 iis,
1797 634 1835 667 ad
1850 644 1931 678 quos

1192 692 1324 731 spectat,
1346 687 1571 728 edocerentur,
1584 692 1620 721 ut
1636 687 1696 720 hac
1716 686 1852 729 ratione,
1876 687 1931 731 qui

1192 740 1231 773 ad
1258 740 1369 773 mundi
1401 739 1581 784 voluptates
1609 739 1789 784 sequendas
1817 741 1932 773 natura

1190 792 1284 836 proni
1305 798 1389 834 sunt,
1413 793 1584 826 christiana
1601 793 1719 836 pietate
1739 791 1868 833 eruditi,
1891 792 1932 826 de

1192 845 1308 879 virtute
1322 845 1355 878 in
1372 846 1520 879 virtutem
1539 845 1756 889 proficientes,
1772 844 1851 878 tales
1864 853 1932 878 eva-

1192 899 1327 939 derent,
1350 898 1406 943 qui
1426 899 1466 932 ad
1489 898 1601 942 populi
1630 897 1797 931 christiani
1825 907 1931 931 mores

1192 952 1417 986 reformandos
1451 957 1481 985 et
1512 951 1689 985 catholicae
1720 950 1796 985 fidei
1828 951 1931 985 incre-

1192 1010 1334 1038 mentum
1355 1005 1463 1038 idonei
1488 1005 1692 1039 efficerentur
1711 1003 1860 1045 ministri3

1236 1058 1251 1101 g
1271 1058 1301 1091 2.
1318 1059 1422 1102 Atque
1452 1058 1514 1092 hoc
1534 1058 1668 1092 consilio
1689 1068 1761 1092 cum
1782 1059 1930 1092 nonnulli
1970 1074 1993 1096 in
2007 1073 2130 1098 umerum.

1944 1103 1990 1123 tnta
2004 1100 2082 1122 nedum
2090 1103 2130 1125 fuit

1945 1127 2138 1181 ⁰⁰⁰m⁸²ffu¹ss⁴

1944 1159 2076 1203 traaas.

1192 1220 1301 1252 nostra
1314 1224 1514 1252 caeterarum
1533 1224 1635 1252 matre
1649 1224 1680 1252 et
1693 1218 1855 1262 magistra,
1867 1219 1932 1253 Tri-

1193 1273 1325 1308 dentino
1343 1273 1485 1307 Concilio
1499 1273 1675 1317 publicato,
1692 1273 1724 1306 in
1737 1273 1931 1317 quibusdam

1193 1328 1336 1362 ecclesiis
1356 1337 1474 1372 pueros
1502 1333 1531 1361 et
1553 1327 1682 1361 adultos
1709 1336 1932 1372 quoscumque

1192 1385 1318 1417 summa
1348 1383 1466 1427 pietate
1495 1393 1532 1416 ac
1562 1382 1726 1425 diligentia
1751 1383 1931 1417 doctrinam

1193 1437 1398 1471 christianam
1418 1437 1534 1470 docere
1547 1436 1738 1480 coepissent,
1762 1437 1823 1471 hoc
1842 1437 1931 1482 pium

1192 1502 1273 1536 opus
1289 1496 1471 1536 praestante
1484 1491 1632 1531 Domino,
1650 1490 1764 1533 exiguo
1779 1491 1933 1536 temporis

1192 1545 1313 1589 spatio,
1341 1545 1423 1578 adeo
1452 1544 1651 1590 incrementa
1675 1544 1871 1588 suscepisse,
1899 1550 1934 1578 ut

1192 1598 1404 1642 Congregatio
1431 1598 1490 1632 sub
1518 1598 1692 1632 Doctrinae
1725 1598 1934 1633 Christianae

1193 1652 1324 1686 nomine
1350 1653 1411 1685 iam
1444 1652 1570 1696 pridem
1593 1652 1738 1686 instituta
1761 1652 1868 1694 suerit,
1895 1663 1931 1687 ex

1193 1705 1309 1750 quibus
1338 1705 1414 1739 licet
1437 1705 1536 1749 aliqui
1556 1710 1681 1739 tantum
1706 1705 1738 1738 in
1768 1705 1932 1739 communi

1193 1759 1298 1792 vivant
1315 1769 1387 1792 cum
1401 1769 1459 1792 suo
1476 1758 1659 1803 praeposito
1674 1758 1706 1792 in
1720 1758 1854 1792 ecclesia
1865 1769 1934 1792 san-

1193 1817 1261 1845 ctae
1282 1812 1423 1855 Agathae
1441 1811 1582 1855 regionis
1612 1811 1876 1857 transtyberinae,
1899 1811 1933 1845 in

1193 1876 1292 1899 unum
1317 1871 1424 1899 tamen
1444 1875 1557 1900 omnes
1580 1865 1639 1899 sub
1656 1876 1722 1899 uno
1746 1871 1934 1909 protectore

1192 1919 1397 1960 conveniunt,
1418 1925 1514 1962 atque
1537 1929 1603 1952 uno
1626 1919 1772 1963 praeside
1792 1919 1867 1952 huic
1883 1929 1933 1953 sa-

1192 1973 1369 2007 luberrimo
1395 1973 1484 2017 operi
1510 1972 1644 2015 singulis
1676 1972 1793 2006 festivis
1817 1972 1932 2006 diebus

1191 2027 1302 2061 sedula
1332 2026 1548 2061 incubuerunt
1576 2032 1607 2060 et
1638 2025 1829 2060 incumbunt
1861 2025 1930 2060 dili-

1191 2081 1312 2125 gentia:

1236 2138 1251 2178 Ξ
1277 2135 1306 2169 3.
1335 2135 1409 2176 Nos,
1429 2144 1488 2179 pro
1505 2139 1615 2168 nostro
1639 2133 1807 2178 pastoralis
1831 2134 1930 2168 officii
1945 2167 2115 2190 murum
2170 2145 2175 2173 z

1192 2199 1336 2229 munere,
1357 2188 1418 2222 hoc
1433 2187 1524 2232 pium
1546 2187 1804 2231 christianaeque
1823 2187 1930 2232 reipu-
1944 2174 2087 2243 33:13}ssss
2167 2180 2173 2192 ⁴
2214 2224 2216 2226 v

1191 2242 1292 2276 blicae
1305 2241 1520 2275 necessarium
1535 2251 1626 2285 opus,
1643 2251 1679 2274 ex
1693 2250 1757 2284 quo
1775 2240 1929 2274 hactenus
1945 2248 2126 2296 ggffinssatffi
2171 2253 2173 2257 ’

1190 2294 1345 2328 uberrimi
1371 2295 1492 2328 fructus
1517 2298 1735 2338 provenerunt
1766 2303 1803 2326 ac
1827 2293 2075 2349 multopqadnagcp
2170 2301 2172 2306 ·

1190 2349 1356 2382 uberiores
1375 2348 1509 2392 posthac
1526 2352 1739 2391 proventuros
1751 2356 1929 2390 speramus,
1953 2333 1970 2349 n
2000 2333 2012 2349 ⁰
2046 2332 2055 2349 Γ
2071 2331 2090 2348 ⁸'
2170 2339 2171 2346 ¹

1190 2412 1226 2434 ex
1247 2401 1355 2434 animo
1375 2401 1616 2445 amplectentes,
1638 2399 1784 2442 illudque
1804 2399 1836 2431 in
1862 2398 1930 2432 dies

1189 2454 1299 2497 augeri
1315 2453 1415 2497 magis
1432 2463 1468 2486 ac
1482 2452 1582 2495 magis
1599 2451 1775 2496 cupientes,
1795 2451 1931 2495 Congre-

1189 2508 1349 2550 gationem
1368 2506 1566 2551 praedictam
1586 2506 1618 2538 in
1638 2505 1722 2538 Urbe
1751 2504 1929 2539 institutam

1188 2571 1314 2594 necnon
1332 2560 1473 2603 singulas
1491 2559 1575 2591 illius
1595 2567 1750 2602 personas
1775 2563 1806 2591 et
1830 2559 1931 2592 eccle-

1187 2613 1248 2646 sias
1269 2613 1398 2656 (nempe
1422 2611 1521 2645 sancti
1546 2610 1668 2644 Martini
1689 2610 1830 2653 regionis
1853 2612 1931 2645 Are-

1225 2678 1236 2702 1
1259 2675 1332 2703 Edit.
1348 2675 1432 2703 Main.
1448 2674 1531 2702 habet
1547 2673 1685 2702 multos...
1702 2673 1788 2702 annis
1808 2673 1847 2710 (a.
1861 2673 1910 2708 Τ.).
