2227 3241
240 274 289 303 An,
311 274 337 301 c.
359 274 424 303 ieot
471 264 512 298 80
703 290 729 313 ,

267 443 387 464 Decianus»
399 442 423 461 de

241 476 282 496 qua
298 475 318 490 in
331 469 423 489 rubi-ira.

278 1877 394 1900 Ctausulae.

294 2243 438 2269 Exequutores

255 2270 365 2295 designati.

439 323 480 356 ita
495 327 525 355 ut
541 321 645 355 omnis
660 321 742 354 inter
756 319 825 352 illas
838 316 1036 351 confusionis
1049 316 1176 352 occasio

441 381 654 410 removeatur.

484 430 500 470 g
527 428 555 460 1.
583 427 659 461 Cum
682 426 777 468 igitur
803 425 833 458 in
862 424 1002 458 Ecclesia
1031 423 1086 458 Dei
1115 423 1176 457 alia

440 481 661 515 ministrorum
676 479 707 512 in
720 478 834 512 divinis
847 477 1100 518 inservientium,
1116 477 1177 510 alia

441 533 552 578 populi
567 532 672 566 divina
687 531 937 573 audientis,loca
948 541 1015 564 esse
1029 530 1177 567 debeant,

442 597 500 619 nos
519 584 809 629 supplicationibus
824 584 1015 618 dilectorum
1035 583 1176 617 filiorum

442 638 553 672 decani
587 644 617 671 et
645 637 775 682 capituli
805 637 959 671 ecclesiae
979 637 1178 681 Compostel-

442 692 533 724 lanae
552 690 683 724 nomine
701 690 794 724 nobis
816 701 914 734 super
936 691 996 723 hoc
1013 689 1180 723 humiliter

442 744 600 789 porrectis
621 744 778 785 inclinati,
802 755 837 777 ac
859 755 895 777 ex
917 749 990 777 voto
1012 742 1180 775 venerabi-

442 798 520 831 lium
535 798 671 831 fratrum
685 803 870 831 nostrorum
885 797 914 829 S.
935 797 970 829 R.
983 796 1016 829 Ε.
1034 794 1180 828 cardina-

443 850 520 884 lium
543 860 640 894 super
660 850 759 884 sacris
784 849 898 883 ritibus
917 855 947 882 et
964 847 1180 882 coeremoniis

443 904 686 948 deputatorum,
720 903 835 936 harum
861 901 942 935 serie
964 901 1177 941 declaramus,

443 966 508 989 non
525 955 622 989 licere
640 966 745 1000 neque
763 954 907 999 permitti
933 954 1050 987 debere
1070 952 1177 993 laicis,

444 1010 520 1043 dum
542 1008 649 1043 divina
669 1008 776 1042 officia
801 1008 832 1040 in
854 1007 987 1041 ecclesia
1016 1006 1180 1050 praedicta

445 1063 704 1107 Compostellana
730 1062 947 1102 celebrantur,
975 1060 1058 1094 inter
1079 1070 1178 1094 cano—

445 1116 534 1149 nicos
563 1122 594 1149 et
621 1115 701 1149 alios
721 1115 753 1148 in
778 1114 913 1148 ecclesia
943 1113 1182 1158 praebendatos

445 1180 481 1202 ac
514 1168 678 1202 ministros
710 1168 742 1201 in
772 1168 872 1202 choro
904 1168 951 1200 vel
983 1166 1181 1211 presbyterio

445 1228 529 1256 stare
546 1223 594 1256 vel
615 1223 739 1263 sedere,
767 1232 873 1266 neque
898 1221 995 1254 licere
1014 1220 1182 1263 magistra-

445 1275 531 1308 tibus
548 1281 603 1308 aut
622 1274 783 1308 iudicibus
803 1274 891 1307 laicis
912 1273 1062 1318 proprias
1079 1272 1183 1315 digni-

446 1336 545 1364 tatum
571 1330 663 1364 sedes
691 1335 745 1363 aut
771 1329 1002 1363 canonicorum
1031 1328 1123 1361 stalla
1151 1327 1182 1360 in

445 1384 544 1417 choro
568 1384 747 1428 praedicto,
771 1390 826 1417 aut
846 1383 1059 1428 presbyterio,
1080 1394 1180 1416 occu-

446 1449 535 1483 pare,
553 1438 675 1472 etiamsi
692 1437 867 1482 aliquando
883 1438 913 1471 id
928 1438 972 1471 eis
989 1438 1182 1482 permissum

446 1493 553 1533 suerit,
574 1502 700 1526 necnon
720 1492 751 1525 id
767 1492 870 1536 ipsum
886 1502 950 1524 nou
965 1492 1069 1525 solum
1085 1492 1116 1524 in
1134 1502 1184 1526 ec-

448 1546 544 1580 clesia
573 1545 822 1590 metropolitam
851 1545 1181 1589 Compostellanensi,

447 1600 502 1634 sed
532 1599 626 1633 ctiam
656 1599 686 1632 in
719 1599 982 1643 processionibus
1008 1605 1038 1633 et
1064 1599 1093 1632 in
1116 1599 1185 1633 aliis

449 1653 603 1694 ecclesiis,
624 1654 663 1686 ad
685 1664 764 1697 quas
785 1653 832 1686 ire
852 1664 908 1687 seu
929 1653 1076 1687 assistere
1097 1653 1184 1698 capi-

450 1708 550 1741 tulum
571 1713 601 1740 et
621 1707 793 1740 canonicos
819 1706 1004 1750 praedictae
1032 1707 1186 1741 ccclesiae

449 1760 772 1805 Compostellanensis
790 1760 960 1803 contigerit
975 1787 980 1797 ,
1010 1760 1186 1794 observan-

451 1816 526 1848 dum
553 1825 632 1848 esse.

497 1870 512 1913 g
536 1868 566 1901 Ξ).
595 1868 711 1912 Sicque
739 1873 767 1901 et
797 1877 862 1901 non
883 1867 976 1901 aliter
1003 1878 1061 1912 per
1086 1878 1185 1912 quos-

451 1932 591 1966 cumque
616 1921 738 1955 iudices
770 1920 949 1954 ordinarios
977 1927 1007 1954 et
1027 1921 1190 1964 delegatos

452 1974 585 2008 iudicari
605 1980 635 2008 et
656 1974 783 2007 definiri
806 1974 936 2014 debere,
958 1984 994 2007 ac
1012 1974 1137 2007 irritum
1160 1981 1189 2008 et

452 2029 547 2062 inane
573 2027 731 2072 quidquid
756 2038 848 2061 secus
872 2037 970 2071 super
994 2027 1042 2060 his
1067 2038 1085 2061 a
1109 2039 1188 2072 quo-

452 2092 548 2126 quam
565 2108 572 2122 ,
605 2081 716 2126 quavis
743 2080 950 2121 auctoritate,
980 2080 1118 2115 scienter
1143 2082 1190 2115 vel

452 2136 656 2179 ignoranter,
681 2134 850 2177 contigerit
882 2134 1042 2175 attentari,
1075 2135 1188 2169 decer-

453 2190 571 2223 nimus.

498 2245 513 2288 g
530 2244 560 2277 3.
582 2243 739 2283 Quocirca
761 2242 885 2277 dilectis
903 2242 978 2276 filiis
998 2243 1120 2277 cantori
1142 2254 1192 2277 ec-

455 2298 570 2332 clesiae
596 2297 873 2341 Compostellanae
903 2307 938 2329 ac
964 2302 1074 2330 nostro
1095 2302 1125 2330 ct
1146 2298 1189 2330 Α·

456 2351 632 2396 postolicae
652 2349 743 2384 Sedis
774 2350 805 2382 in
833 2349 942 2392 regnis
966 2349 1191 2394 Hispaniarum

455 2406 587 2446 nuncio,
597 2415 632 2438 ac
643 2414 812 2438 causarum
827 2403 936 2438 curiae
948 2403 1098 2437 Gamerae
1110 2405 1194 2447 Apo-

456 2459 587 2493 stolicae
607 2458 750 2501 generati
771 2457 912 2491 auditori
931 2467 989 2501 per
1008 2463 1194 2501 praesentes

458 2512 691 2546 committimus
701 2517 730 2544 ct
744 2511 946 2551 mandamus,
956 2515 1113 2554 quatenus
1125 2510 1195 2554 ipsi,

458 2566 505 2599 vel
520 2566 597 2606 duo,
614 2571 668 2599 aut
681 2575 764 2598 unus
777 2574 888 2598 eorum
902 2573 962 2608 per
974 2574 1018 2603 se,
1034 2563 1082 2597 vel
1097 2563 1193 2596 alium

460 2629 515 2652 seu
529 2619 619 2660 alios,
635 2623 822 2662 praesentes
835 2617 958 2651 litteras
971 2622 1001 2650 et
1016 2616 1046 2649 in
1062 2616 1106 2649 eis
1121 2626 1196 2649 con-

464 2677 549 2706 tenta
570 2681 808 2716 quaecumque,
837 2670 891 2705 ubi
914 2676 945 2705 et
964 2669 1094 2715 quando
1115 2679 1197 2714 opus

1013 268 1194 294 BL'LLARlUM
1212 267 1363 293 ROMANUM

1210 316 1316 358 fuerit,
1333 327 1369 350 ac
1385 316 1511 361 quoties
1528 324 1587 360 pro
1607 321 1699 360 parte
1716 314 1875 349 dictorum
1891 314 1944 348 de-

1210 370 1279 404 cani
1302 375 1333 403 et
1358 369 1489 414 capituli
1517 368 1635 402 suerint
1666 368 1830 412 requisiti,
1861 368 1945 402 sole-

1211 423 1328 456 mniter
1340 422 1553 467 publicantes,
1570 421 1696 466 illisque
1715 421 1745 454 in
1763 421 1946 465 praemissis

1211 475 1351 510 efficacis
1372 474 1567 509 defensionis
1580 473 1741 519 praesidio
1753 473 1944 515 assistentes,

1213 529 1330 562 faciant
1350 528 1543 563 auctoritate
1563 529 1672 560 nostra
1698 527 1769 560 illos
1794 526 1948 571 praemis-

1212 592 1320 616 sorum
1337 582 1481 615 omnium
1498 587 1528 615 et
1544 581 1746 624 singulorum
1762 580 1875 614 effectu
1893 591 1948 625 pa-

1213 635 1303 668 cifice
1321 635 1383 668 frui
1404 639 1436 668 et
1455 634 1615 678 gaudere,
1638 644 1702 668 non
1725 633 1948 678 permittentes

1213 698 1267 721 eos
1292 688 1430 731 desuper
1451 699 1467 720 a
1492 697 1673 731 quoquam,
1702 686 1813 731 quavis
1840 691 1950 720 aucto-

1215 741 1317 781 ritate,
1341 740 1587 785 quomodolibet
1604 740 1746 774 indebite
1764 738 1947 779 molestari3

1214 793 1466 827 contradictores
1482 804 1704 838 quoscumque
1722 803 1780 837 per
1800 801 1951 826 censuras

1215 853 1243 880 et
1279 857 1399 891 poenas
1420 846 1662 886 ecclesiasticas,
1686 846 1813 890 aliaque
1833 855 1952 890 oppor-

1215 906 1291 934 tuna
1312 900 1391 934 iuris
1409 906 1438 933 et
1459 900 1532 933 sacti
1553 899 1709 940 remedia,
1733 898 1952 943 appellatione

1214 953 1403 998 postposita,
1421 952 1668 997 compescendo,
1689 951 1836 985 invocato
1854 950 1949 984 etiam

1215 1006 1253 1039 ad
1279 1006 1352 1046 boc,
1375 1005 1400 1039 si
1429 1015 1510 1049 opus
1539 1004 1655 1046 suerit,
1680 1003 1797 1037 auxilio
1826 1002 1950 1037 brachii

1216 1059 1400 1093 saecularis.

1261 1114 1277 1155 ἓ
1298 1112 1328 1145 4.
1357 1112 1426 1145 Non
1447 1110 1650 1145 obstantibus
1675 1110 1774 1144 felicis
1793 1109 1944 1144 recorda-

1218 1164 1312 1198 tionis
1327 1163 1482 1198 Bonisacii
1492 1164 1598 1208 Papae
1607 1163 1684 1204 Vlll,
1695 1163 1952 1207 praedecessoris

1216 1217 1335 1258 nostri,
1359 1216 1398 1250 de
1423 1218 1508 1258 una,
1536 1222 1567 1250 et
1591 1216 1621 1249 in
1643 1215 1781 1250 concilio
1809 1215 1950 1258 generali

1217 1271 1301 1305 edita
1320 1271 1358 1304 de
1380 1270 1505 1305 duabus
1526 1270 1638 1311 dietis,
1662 1269 1841 1303 dummodo
1869 1269 1954 1302 ultra

1218 1331 1281 1358 tres
1301 1324 1402 1358 dietas
1429 1323 1546 1368 aliquis
1575 1323 1767 1357 auctoritate
1797 1332 1950 1368 praesen-

1219 1378 1297 1412 tium
1322 1379 1361 1411 ad
1382 1378 1537 1411 iudicium
1556 1388 1620 1411 non
1643 1378 1799 1418 trahatur,
1819 1376 1955 1421 aliisque

1218 1433 1503 1467 constitutionibus
1516 1439 1546 1467 et
1559 1432 1815 1467 ordinationibus
1829 1438 1956 1476 aposto-

1219 1490 1299 1530 licis,
1327 1500 1363 1522 ac
1383 1488 1660 1533 Compostellanae
1689 1493 1720 1521 et
1751 1486 1887 1520 aliarum
1905 1497 1955 1520 ec-

1220 1543 1404 1583 clesiarum,
1428 1542 1522 1576 etiam
1556 1542 1750 1582 iuramento,
1774 1540 1952 1574 confirma-

1221 1597 1307 1631 tione
1328 1596 1515 1641 apostolica,
1537 1596 1583 1629 rel
1601 1595 1711 1640 quavis
1728 1595 1879 1628 firmitate
1894 1594 1957 1628 alia

1221 1651 1398 1691 roboratis,
1430 1649 1572 1689 statutis,
1597 1654 1627 1682 et
1647 1648 1954 1690 consuetudinibus,

1221 1703 1396 1748 privilegiis
1416 1712 1562 1747 quoque,
1581 1701 1713 1735 indultis
1734 1706 1764 1735 et
1784 1701 1898 1735 litteris
1918 1711 1955 1734 a-

1221 1757 1385 1802 postolicis
1417 1757 1448 1790 in
1477 1756 1674 1790 contrarium
1704 1755 1957 1800 praemissorum

1223 1811 1469 1856 quomodolibet
1500 1809 1676 1850 concessis,
1710 1808 1908 1842 confirmatis
1928 1814 1959 1842 et

1223 1864 1421 1910 approbatis,
1444 1863 1565 1903 Quibus
1585 1862 1737 1897 omnibus
1760 1867 1788 1896 et
1809 1862 1955 1905 singulis,

1224 1928 1336 1953 eorum
1353 1924 1479 1951 tenores
1492 1916 1715 1961 praesentibus
1729 1926 1788 1960 pro
1802 1915 1960 1960 expressis

1224 1972 1390 2010 babentes,
1417 1971 1478 2003 hac
1501 1969 1569 2003 vice
1592 1970 1756 2003 dumtaxat
1778 1968 1961 2012 specialiter

1225 2030 1256 2059 et
1268 2034 1416 2069 expresse
1436 2024 1640 2066 derogamus,
1664 2022 1865 2066 caeterisque
1885 2031 1962 2056 con-

1226 2078 1331 2112 trariis
1349 2078 1620 2122 quibuscumque.

1269 2133 1383 2166 Datum
1401 2132 1521 2164 Romae
1535 2130 1620 2174 apud
1637 2129 1667 2163 S.
1684 2129 1813 2163 Petrum
1834 2128 1893 2162 sub
1906 2138 1963 2161 an-

1226 2185 1303 2218 nulo
1324 2183 1506 2224 Piscatoris,
1524 2182 1575 2216 dic
1590 2192 1661 2216 xxxi
1676 2181 1738 2215 mai
1757 2191 1865 2223 unetv,
1882 2191 1962 2226 pon-

1227 2238 1364 2271 tificatus
1381 2235 1480 2269 nostri
1500 2245 1585 2268 anno
1606 2245 1676 2269 xiii.

1262 2301 1320 2328 Dat.
1342 2299 1386 2327 die
1405 2299 1435 2327 31
1459 2298 1520 2326 maii
1542 2298 1619 2332 1604,
1641 2296 1734 2334 pontif.
1756 2305 1800 2324 ant
1822 2303 1876 2324 xm.

1510 2504 1678 2539 CCCXLtt'.

1230 2615 1359 2648 Decreta
1385 2611 1544 2647 nonnulla
1566 2621 1627 2655 pro
1652 2610 1892 2643 mctnutentione
1911 2620 1966 2653 ciq-

1274 2677 1386 2712 9crum
1409 2666 1553 2710 (tunfzz'nis
1571 2664 1728 2704 Rhodani,
1752 2674 1811 2707 pro
1835 2663 1966 2697 iurisdi-

2158 0 2197 82 mm

1957 266 2007 294 An.
2027 266 2057 294 c.
2074 265 2142 294 1604

2181 543 2204 689 ἰε-«μς.-
2176 471 2191 526 -Ᾱ-
2183 444 2189 450 ·<

2018 1120 2150 1142 Obstanttum

1927 1161 1933 1168 .
1966 1146 2084 1174 derogatio.

2183 1395 2205 1462 we»-
2179 1102 2207 1382 ‘'W’'s*.'⁴{f⁴'2‘o'stx“‘·⁴-·'=
2184 900 2187 901 ¹
2190 788 2202 799 2

2184 1690 2197 1743 aff..
2185 1591 2202 1665 affin-vv
2183 1473 2206 1584 „amsa-„3-
