2227 3241
48 259 101 286 An.
118 257 146 285 C.
168 256 237 286 1610

48 320 235 349 missariumgepq-
251 302 349 338 Tertii
374 302 502 337 Ordinis
526 302 627 336 sancti
653 301 812 336 Francisei
839 301 870 334 in
891 306 1010 344 regno*

47 348 116 396 {ita}
125 346 235 405 52:222&

49 405 70 423 ΕΙ
111 405 234 422 commlSSss-

47 428 100 450 rium
109 428 236 449 nationatem

11 464 13 466 ·
48 455 93 482 rozi
108 455 188 476 statuit.

895 253 1014 278 PAt‘Lt's
1041 254 1058 275 V
1085 253 1128 276 ΡΡ.

250 356 404 391 Franciae
429 355 631 389 existentium
658 360 840 398 opportune
864 354 990 398 prospi-

251 421 335 450 cere,
354 414 443 442 motu
459 409 595 453 proprio
613 415 643 441 et
666 419 701 441 ex
723 410 808 441 certa
823 409 879 440 sua
893 407 991 441 scien·
1008 423 1009 441 Ξ

250 464 292 498 tia
312 474 349 497 ac
369 465 495 497 matura
515 462 764 502 deliberatione,
789 462 893 505 deque
914 471 991 504 apo-
1008 447 1009 511 Ξ

248 518 380 551 stolicae
404 516 570 561 potestatis
590 515 801 559 plenitudine⁷
824 514 991 547 universos

248 573 360 605 fratres
381 570 458 604 dicti
478 570 573 604 Tertii
594 569 721 603 Ordinis
741 568 841 601 sancti
862 568 990 601 Franci-
1008 567 1009 611 ]

247 626 292 659 sei
313 625 403 668 regni
424 624 594 665 Franciae,
616 634 794 666 eorumque
815 627 990 655 conventus
1008 619 1009 642 Ῑ

247 690 302 712 seu
323 679 437 712 domos
455 689 686 722 quascumque,
711 677 826 710 dilecto
848 676 914 709 filio
934 677 990 709 mi-
1007 690 1009 710 Ξ

247 732 348 766 nistro
375 732 516 775 generali
541 731 670 766 Ordinis
699 731 799 764 saneti
829 722 1009 770 Francisci}

247 787 289 820 de
307 785 527 826 Observantia,
546 796 582 818 ae
604 784 827 818 commissario
848 784 990 826 generali
1008 774 1009 793 l

247 840 507 873 ultramontanae
525 838 664 872 familiae
682 837 839 882 praedicti
854 837 990 878 Ordinis,

249 903 309 926 nec
328 903 393 925 non
415 891 637 925 commissario
663 890 807 934 generali
836 889 990 923 nationali

249 945 421 987 Franciae,
446 955 541 989 quem
563 944 748 989 praedicitis
769 943 916 977 minister
935 954 990 986 ge·
1008 951 1009 956 ¹

249 997 368 1033 neral'is
399 999 446 1032 vel
481 998 723 1032 commissarius
749 996 907 1040 generalis
931 996 1010 1040 pro}

251 1057 397 1097 tempore
421 1052 626 1096 deputasset,
651 1051 725 1096 qui,
749 1056 783 1083 ut
804 1050 907 1084 dictus
925 1049 1010 1090 Cle-t

250 1116 340 1139 mens
357 1100 586 1150 praedecessor
603 1109 782 1148 acceperat,
799 1103 830 1136 in
849 1103 990 1147 ipsorum
1008 1116 1010 1140 Ξ

1674 241 1735 277 641

1027 300 1257 345 provincialem
1283 311 1341 345 pei·
1362 305 1432 334 vota
1453 306 1575 334 secreta
1596 299 1763 342 eligerent,

1027 355 1093 398 qui,
1108 354 1152 387 sic
1167 354 1298 394 electus,
1316 354 1481 387 abeodem
1503 353 1651 386 ministro
1672 363 1767 395 gene-

1027 408 1094 449 rali,
1120 407 1165 440 rel
1188 407 1408 441 commissario
1426 406 1580 440 nationali
1599 406 1764 447 Fianeiae,

1026 467 1079 494 aut
1101 461 1183 502 alio,
1208 461 1262 505 qui
1285 471 1396 494 eorum
1424 460 1554 494 nomine
1580 460 1767 493 huiusmodi

1026 514 1174 547 electioni
1192 514 1393 557 praefuisset,
1415 513 1598 546 confirmari
1621 513 1764 553 deberet,

1026 578 1062 600 ac
1087 567 1237 601 omnibus
1262 566 1456 611 privilegiis,
1485 566 1710 607 facultatibus,
1739 572 1768 599 et

1026 620 1218 654 auctoritate
1243 631 1340 664 super
1365 630 1476 653 omnes
1497 619 1573 653 dicti
1593 619 1689 652 Tertii
1710 619 1767 653 Or-

1026 673 1108 706 dinis
1127 679 1301 706 conventus
1319 679 1348 706 et
1366 673 1479 706 fratres
1496 672 1586 716 regni
1600 672 1764 714 Franciae,

1026 726 1142 770 quibus
1162 726 1215 759 alii
1237 726 1374 760 ministri
1398 726 1611 770 provinciales
1631 726 1768 759 aliarum

1026 779 1264 823 provinciarum
1283 778 1528 823 Tertii-Ordinis
1549 779 1649 812 sancti
1670 779 1769 813 Fran-

1026 831 1101 865 cisei
1119 831 1324 873 huiusmodi,
1347 832 1450 865 ubivis
1468 831 1668 866 existentium
1680 859 1688 873 ‚
1706 832 1769 865 frui

1027 890 1056 918 et
1072 885 1213 927 gaudere
1230 890 1379 929 poterant
1401 890 1430 918 et
1446 890 1577 929 possent
1589 885 1769 928 quomodo-

1026 938 1104 971 libet
1128 937 1160 970 in
1186 938 1346 978 futurum,
1371 937 1439 971 sine
1460 937 1567 982 aliqua
1587 937 1769 970 differentia

1027 991 1088 1024 frui
1114 997 1143 1024 et
1169 991 1310 1034 gaudere
1330 996 1438 1036 posset
1455 996 1486 1024 et
1505 990 1648 1031 deberet,
1672 997 1770 1034 prout

1027 1045 1055 1078 ei
1078 1045 1117 1078 ad
1137 1044 1199 1078 hoc
1219 1044 1410 1078 nominatim
1433 1044 1618 1078 facultatem
1639 1054 1769 1077 conces-

1026 1098 1066 1132 sit
1087 1104 1116 1131 et
1138 1097 1281 1131 indulsit.

1772 252 1833 279 An.
1851 251 1878 278 C.
1901 251 1968 279 1610

80 2131 176 2158 Eiigique
190 2137 239 2157 pro-

55 2159 173 2180 vineialem.

250 1159 387 1194 ministri
406 1165 436 1193 et
450 1158 661 1193 commissarii
675 1157 833 1201 generalis
848 1150 1010 1199 absentia}
1072 1153 1088 1194 ἓ
1107 1151 1137 1185 3.
1158 1151 1266 1185 Voluit
1286 1151 1393 1192 etiam,
1417 1152 1504 1196 quod
1525 1150 1658 1194 singulis
1678 1150 1767 1184 bien-

249 1219 370 1258 septem
392 1213 573 1272 provincias
594 1212 669 1271 dicti
687 1211 815 1271 Ordinis
833 1211 990 1244 Minorum
1009 1226 1010 1271 Ξ
1027 1215 1088 1238 nus
1104 1215 1175 1264 “seu
1209 1211 1353 1263 trienniis
1382 1204 1479 1263 iidem
1505 1204 1619 1263 frati-es
1644 1203 1769 1237 vocales

249 1268 289 1301 de
307 1267 514 1302 Observantia
529 1277 622 1324 ‘regni
640 1267 794 1324 Franciae
810 1265 991 1308 gubernare
1009 1275 1010 1285 ³
1026 1259 1123 1317 Tfil'ltt
1149 1259 1276 1292 Ordfflts
1301 1258 1457 1302 praedlcti
1484 1258 1660 1317 capitulum
1686 1267 1766 1301 pro-

249 1321 391 1380 solebat‚
412 1319 801 1380 auctoritate‘apostolica
835 1324 991 1377 perpetuo
1009 1336 1011 1375 Ξ
1029 1313 1162 1374 Vinciflle
1199 1313 1422 1373 celebrarent,
1457 1318 1532 1373 ante
1560 1323 1650 1372 cuius
1679 1312 1765 1345 cele-

250 1375 396 1416 subiecit‚
415 1386 555 1419 ipSisqtie
581 1378 726 1407 ministro
752 1380 782 1406 ct
808 1382 992 1406 commissa·
1009 1377 1011 1402 ι’
1028 1370 1207 1428 lii‘ationem
1237 1374 1312 1401 tunc
1333 1374 1469 1402 existens
1491 1374 1636 1426 minister
1656 1379 1768 1402 eorum

252 1430 300 1463 rio
321 1428 525 1472 generalibus
550 1428 809 1461 ultramontanae
832 1426 988 1467 familiae,
1009 1415 1234 1471 {provincialis
1270 1429 1432 1456 teneretur
1466 1433 1482 1455 a
1515 1422 1601 1456 (licto
1626 1423 1768 1465 generali

251 1493 376 1517 necnon
411 1481 632 1516 commissario
666 1481 808 1523 generali
836 1479 991 1513 nationali
1009 1475 1011 1511 ξ
1029 1477 1175 1510 ministro
1211 1478 1345 1510 fratrum
1383 1478 1422 1510 de
1457 1476 1664 1511 Observantia
1680 1505 1687 1517 ,
1722 1478 1769 1510 vel

251 1536 404 1571 Franciae
426 1535 622 1580 respective,
651 1540 686 1567 ut
711 1544 822 1568 eorum
850 1533 989 1576 singuli,
1009 1550 1011 1581 Ξ
1028 1531 1250 1564 commissario
1276 1530 1416 1573 generali
1438 1530 1697 1564 ultramontanae
1724 1531 1769 1564 sa-

251 1601 309 1634 per
333 1600 383 1629 se,
408 1590 454 1622 vel
481 1589 561 1622 alios
589 1588 636 1622 sui
658 1587 785 1622 Ordinis
812 1588 926 1620 fratres
952 1588 992 1620 ad
1009 1587 1011 1641 Ξ
1029 1585 1146 1626 miliae,
1164 1595 1220 1618 seu
1239 1596 1255 1617 a
1274 1584 1497 1618 commissario
1515 1584 1657 1626 generali
1677 1585 1772 1618 Fran-

251 1644 312 1677 lioc
339 1643 472 1676 idoneos
498 1643 537 1675 ab
562 1642 607 1675 eis
632 1641 808 1686 respective
835 1641 991 1684 deputati·
1009 1646 1011 1652 ’
1028 1637 1095 1669 ciae
1116 1636 1268 1669 nationali
1292 1635 1434 1668 eiusdem
1456 1635 1584 1670 Ordinis
1601 1636 1640 1669 de
1657 1636 1769 1669 Obser-

251 1697 319 1737 dos,
341 1697 455 1730 domos
473 1702 503 1729 et
521 1702 696 1729 conventus
713 1706 749 1728 ac
767 1696 880 1728 fratres
896 1694 992 1727 Tertii
1010 1707 1011 1760 Ξ
1029 1690 1132 1723 varitia
1149 1717 1155 1731 ,
1186 1690 1382 1723 visitatorem
1417 1694 1526 1734 petere
1541 1717 1548 1729 ‚
1577 1690 1630 1734 qui
1658 1700 1770 1723 eorum

251 1749 498 1836 Ordinistsancti
516 1749 674 1834 ΙῗιᾙιιυῑεοΞί
696 1748 908 1807 5ιιριίᾒειίυῑο5,
930 1754 992 1781 tam
1010 1761 1011 1795 Ξ
1028 1745 1224 1831 prorii'iciam
1248 1745 1406 1831 visitaret,
1432 1751 1458 1779 et
1482 1745 1671 1831 electioneufi
1699 1746 1771 1779 novi

253 1814 286 1836 in
302 1814 371 1848 capi
390 1814 407 1836 e
421 1813 517 1847 quam
534 1813 564 1835 in
576 1812 660 1835 mem
674 1813 742 1843 iris,
759 1808 896 1843 visitare,
926 1812 994 1835 cor-
1011 1827 1012 1831 ,
1029 1810 1124 1832 minis
1141 1810 1166 1831 ri
1192 1810 1359 1843 provincia
1376 1810 1399 1832 is
1415 1827 1422 1839 ,
1451 1805 1484 1832 iit
1509 1810 1626 1843 supra,
1667 1805 1773 1832 aceret

252 1858 367 1901 rigere,
381 1857 559 1890 reformare
574 1862 604 1889 et
619 1856 785 1899 castigare,
798 1867 922 1889 necnon
935 1852 1056 1894 ele-set
1091 1853 1309 1887 confirmaret.
1347 1852 1488 1892 Verum,
1523 1853 1546 1884 si
1584 1852 1770 1886 huiusmodi

252 1912 390 1946 ctionem
412 1911 548 1944 ministri
565 1910 833 1954 pi·oviiicialis‚ut
849 1910 940 1951 infra,
956 1912 995 1944 fa·
1011 1948 1012 1951 Ξ
1029 1907 1173 1940 visitator
1199 1906 1281 1939 intra
1307 1907 1387 1939 duos
1413 1911 1466 1938 aut
1492 1911 1555 1939 tres
1582 1916 1707 1939 menses
1733 1906 1772 1939 ad

252 1965 412 2006 ciendam,
426 1966 549 1998 servata
560 1964 661 1997 forma
672 1963 876 1996 decretorum
890 1964 996 1997 Conci·
1011 1965 1013 2011 Ξ
1029 1970 1190 1993 summum
1213 1970 1277 1993 non
1299 1959 1492 2000 accessisset,
1517 1959 1690 2004 supradicti
1713 1959 1773 1991 fra-

253 2019 286 2052 lii
299 2018 488 2059 Tridentini,
502 2019 605 2051 facere
619 2017 994 2061 etconfirmarepossint‚
1012 2016 1013 2055 ]
1031 2021 1093 2049 tres
1112 2015 1209 2049 Tertii
1231 2014 1359 2049 Ordinis
1385 2016 1424 2048 ad
1450 2015 1699 2048 ‹‡·cl‹i=l›rationem
1723 2026 1773 2047 ca-

254 2073 437 2106 sacultatem
459 2071 616 2104 concessit
637 2077 664 2103 et
688 2070 868 2114 impertitus
890 2071 958 2103 fuit.
1012 2069 1134 2120 {pituln
1159 2074 1187 2102 et
1215 2068 1405 2102 electionem
1433 2068 1504 2101 novi
1533 2068 1669 2101 ministri
1691 2079 1768 2112 pro-

295 2126 631 2170 §2.P1·aeie1'ea,cum
649 2130 723 2157 tunc
736 2124 994 2168 praedictiTertii
1012 2121 1013 2139 ³
1030 2122 1184 2163 vinei-atis,
1202 2123 1322 2166 absque
1341 2122 1521 2155 interventu
1541 2121 1615 2155 dicti
1635 2122 1773 2155 visitato-

254 2180 382 2215 Ordinis
407 2180 522 2212 fratres
553 2178 736 2211 ministrum
763 2177 994 2221 provincialem
1012 2201 1014 2211 .
1030 2176 1082 2216 ris,
1104 2176 1281 2220 procedere
1298 2175 1455 2212 valerent,
1477 2176 1515 2208 ile
1536 2186 1598 2219 qua
1617 2175 1772 2208 electione

255 2245 320 2268 non
345 2234 521 2273 haberent,
555 2232 654 2265 voluit
680 2237 711 2265 et
736 2232 846 2265 eadem
879 2238 991 2265 aticto-
1012 2216 1226 2292 {visitatorem
1249 2235 1357 2274 postea
1385 2230 1602 2270 accedentem,
1626 2229 1679 2273 qui
1701 2240 1770 2262 eain

256 2288 349 2321 ritate
374 2286 483 2320 statuit
507 2291 538 2319 et
563 2285 742 2325 ordinavit,
772 2285 857 2329 qnod
886 2286 995 2318 fratres
1012 2295 1014 2330 Ξ
1031 2284 1223 2319 confirmare
1257 2290 1442 2324 teneretur,
1472 2284 1642 2317 certiorem
1669 2284 1772 2317 facere

254 2341 410 2387 praedicti
430 2340 525 2374 Tertii
547 2339 674 2373 Ordinis
706 2350 761 2373 seu
783 2350 895 2372 eorum
918 2350 995 2371 con-
1012 2340 1014 2396 Ξ
1031 2338 1194 2371 deberent.
1219 2338 1297 2379 Sed,
1318 2338 1342 2370 si
1362 2344 1430 2381 post
1453 2338 1565 2370 factam
1589 2337 1771 2370 huiusmodi

254 2401 405 2429 ventuum
442 2393 623 2438 superiores
659 2398 689 2425 et
719 2392 771 2424 alii
804 2393 927 2425 vocales
964 2392 994 2425 in
1012 2392 1219 2425 {electionem
1243 2398 1273 2425 et
1293 2391 1386 2425 (lictis
1411 2390 1638 2435 superioribus·
1660 2390 1769 2423 notifi-

256 2460 354 2483 unum
382 2452 654 2491 congregarentur
687 2446 772 2479 iusso
798 2445 873 2479 <livii
901 2446 994 2479 inini-
1012 2436 1013 2463 l
1031 2451 1145 2486 catam,
1160 2445 1274 2478 electio
1292 2444 1457 2489 praedicta
1476 2444 1558 2476 intra
1576 2455 1628 2476 sex
1649 2454 1773 2477 menses

255 2503 310 2537 stri
332 2501 490 2546 generalis
507 2500 634 2533 Ordinis
654 2499 753 2533 saneti
776 2499 933 2533 Francisiti
957 2500 995 2533 de
1031 2500 1069 2532 al»
1088 2500 1132 2533 eis
1151 2499 1342 2532 confirmata
1361 2499 1405 2529 rel
1427 2498 1586 2530 infirmata
1602 2507 1664 2529 non
1681 2498 1772 2539 foret,

255 2557 482 2596 Observantia,
506 2565 561 2587 seu
586 2553 797 2587 commissarii
825 2553 995 2587 nationalis
1012 2575 1013 2601 Ξ
1031 2554 1097 2597 ipsa
1119 2553 1232 2587 elci-tio
1254 2551 1427 2595 apostolica
1447 2552 1636 2584 auctoritate
1656 2562 1769 2584 cense-

256 2610 420 2650 Franciae,
441 2614 471 2642 et
491 2619 523 2642 se
541 2618 573 2641 se
595 2607 681 2652 ipsis¹
696 2618 794 2640 unum
812 2607 992 2641 ministrnm
1011 2607 1013 2652 Ξ
1032 2613 1120 2641 retur
1140 2608 1330 2641 confirmata
1353 2616 1390 2639 eo
1413 2607 1492 2650 ipso,
1514 2611 1543 2638 et
1563 2605 1651 2646 alias,
1673 2612 1772 2649 prout

1010 2661 1060 2700 Ξιιι
1087 2661 1178 2694 dietis
1198 2660 1368 2694 Clementis
1389 2658 1646 2704 praedecessoris
1673 2659 1769 2692 desu-

940 2724 969 2751 81

296 2674 304 2698 1
327 2671 376 2699 Vel
397 2671 485 2707 potius
498 2671 555 2698 sibi
572 2670 640 2706 ipsis
660 2678 698 2705 Ξιι.
716 2670 763 2704 Γ),

344 2727 423 2754 Bull.
442 2726 525 2754 Rom.
543 2741 576 2746 —
596 2726 654 2753 Vol.
674 2725 722 2753 XI.

1851 1164 1969 1190 Capitulum

1784 1190 1915 1216 provincian-
1928 1191 1969 1210 sin-

1784 1218 1938 1242 guttstrienniis
1950 1223 1970 1238 e-
