2227 3241
222 276 271 303 An.
293 276 320 304 c.
342 276 408 304 isos
453 265 518 300 364

421 335 492 358 rum
515 323 708 357 alienatione
728 333 783 357 seu
805 323 1032 365 concessione,
1060 330 1161 358 certas

421 377 639 411 solemnitates
653 383 681 410 et
698 377 816 410 formas
829 377 948 411 servari
968 377 1086 411 debere
1099 378 1162 411 dis·

420 430 626 475 ponentibus,
651 441 686 464 ac
706 431 818 465 Curiae
838 436 870 465 et
889 431 999 464 Palatii
1028 431 1159 475 praedi-

421 483 546 517 ctorum
576 484 668 529 stylo,
692 495 817 518 necnon
842 484 937 518 Urbis
962 491 991 518 et
1011 484 1162 518 Gamerae

421 537 625 579 huiusmodi,
650 548 685 571 ac
716 547 995 582 quarumcumque
1027 537 1160 570 aliarum

421 590 604 633 civitatum,
629 598 788 625 terrarum
819 597 849 625 et
875 591 1038 632 locorum,
1067 591 1161 625 etiam

422 643 615 685 iuramento,
640 645 885 678 confirmatione
914 644 1089 689 apostoliea
1114 644 1162 678 vel

421 697 532 740 quavis
556 697 710 731 firmitate
724 698 784 730 alia
799 697 971 739 roboratis,
988 697 1113 731 statutis
1134 703 1164 731 et

422 751 720 793 consuetudinibus,
749 751 1042 793 reformationibus,
1067 751 1162 784 ctiam

421 805 511 838 novis
532 811 561 838 et
578 805 770 846 novissimis,
795 811 825 838 et
851 805 987 839 decretis
1014 814 1051 838 ac·
1070 805 1160 838 ordi-

422 858 619 900 nationibus,
637 859 811 903 privilegiis
832 869 961 903 quoque
975 865 1005 893 et
1019 859 1160 899 indultis,

422 923 458 946 ac
480 912 592 946 litteris
613 913 808 956 apostolicis,
832 913 997 957 quibusvis
1018 923 1163 946 commu-

423 966 875 1007 nitatibus,universitatibus,
896 966 1083 1007 baronibus,
1108 967 1164 1000 do-

424 1019 570 1061 micellis,
595 1020 782 1053 feudatariis
803 1026 833 1053 et
853 1020 924 1053 aliis
948 1020 1160 1064 quibuscum-

423 1083 496 1116 que,
521 1073 625 1107 dictae
651 1073 724 1107 Sedi
747 1074 885 1107 mediate
906 1074 955 1107 vel
977 1074 1164 1107 immediate

422 1127 573 1160 subiectis
588 1154 595 1168 ,
619 1134 651 1161 et
672 1128 836 1172 quibusvis
861 1128 930 1161 aliis
959 1138 1164 1172 quacumque

423 1180 602 1222 dignitate,
623 1181 719 1214 etiam
741 1181 927 1226 episcopali,
951 1181 1165 1225 archiepisco-

422 1233 499 1276 pali,
521 1234 728 1277 patriarchali
749 1241 779 1267 et
804 1234 1021 1268 cardinalatus
1041 1234 1164 1268 bonore

424 1287 619 1329 fulgentibus
633 1287 791 1332 personis,
808 1288 911 1322 ubivis
925 1288 1071 1321 locorum
1087 1287 1165 1321 exis-

425 1339 575 1381 tentibus,
592 1351 628 1373 ae
649 1340 744 1374 etiam
765 1340 884 1375 nostris
905 1347 935 1374 et
956 1341 1059 1374 dictae
1076 1340 1166 1375 Sedis

424 1393 557 1434 nuntiis,
580 1394 704 1436 legatis,
721 1394 816 1428 etiam
839 1395 878 1429 de
896 1395 1008 1435 latere,
1031 1405 1089 1438 per
1108 1405 1166 1427 nos

424 1452 454 1479 et
471 1447 662 1480 recolendae
691 1448 868 1481 memoriae
886 1447 1082 1482 Clementem
1102 1447 1166 1480 VIll

424 1510 460 1533 ac
481 1500 560 1534 alios
577 1501 740 1535 Romanos
765 1501 953 1542 Pontifices,
976 1501 1166 1546 praedeces-

424 1565 512 1588 sores
536 1560 675 1597 nostros,
699 1556 757 1589 sub
787 1556 1046 1601 quibuscumque
1070 1564 1163 1591 teno-

426 1607 514 1642 ribus
525 1614 556 1642 et
566 1609 688 1650 formis,
705 1620 742 1643 ac
755 1620 827 1643 cum
842 1610 1006 1654 quibusvis
1017 1610 1167 1644 clausulis

426 1666 457 1695 et
474 1662 621 1704 decretis,
640 1662 735 1696 etiam
751 1673 810 1707 pro
825 1663 1083 1708 quibuscumque
1098 1675 1169 1698 cau-

425 1714 477 1756 sis,
498 1715 593 1749 etiam
623 1721 712 1749 motu
738 1716 834 1749 simili
856 1717 1025 1758 concessis,
1049 1718 1166 1751 confir-

426 1769 520 1802 matis
535 1774 566 1802 et
585 1769 783 1813 approbatis,
799 1780 836 1803 ac
847 1770 943 1803 etiam
962 1770 1083 1804 iteratis
1096 1770 1168 1804 vici-

426 1822 485 1856 bus
498 1822 656 1856 innovatis
671 1828 701 1856 et
714 1822 927 1867 imposterum
942 1824 1167 1865 concedendis,

426 1876 669 1917 confirmandis,
686 1877 903 1920 approbandis
920 1883 951 1911 et
964 1877 1164 1911 innovandis.

426 1929 546 1969 Quibus
564 1930 715 1964 omnibus
736 1936 765 1963 et
782 1931 916 1973 singulis
931 1958 938 1972 ,
961 1941 998 1964 ac
1018 1931 1168 1965 omnibus

426 1983 496 2016 aliis
517 1984 568 2017 hic
588 1994 652 2018 non
673 1985 839 2028 expressis,
857 1995 939 2029 quae
957 1986 1061 2019 forsan
1081 1996 1170 2030 prae-

426 2037 570 2071 sentibus
591 2037 702 2072 obesse
726 2044 872 2082 possent,
889 2038 1013 2072 etiamsi
1043 2039 1082 2072 de
1108 2039 1169 2077 illis

427 2101 605 2136 eorumque
631 2091 704 2125 totis
725 2092 892 2126 tenoribus
917 2092 1074 2137 specialiS,
1095 2103 1167 2136 spe-

428 2145 531 2187 cifica,
556 2156 704 2190 expressa
720 2156 757 2179 ac
782 2145 946 2179 individua
972 2146 1092 2180 mentio
1110 2147 1167 2180 lia-

428 2199 545 2240 benda,
568 2204 623 2232 aut
643 2199 751 2244 aliqua
771 2199 833 2233 alia
853 2205 940 2233 certa
961 2206 989 2234 et
1011 2200 1168 2244 exquisita

429 2253 532 2286 forma
552 2254 591 2287 ad
606 2254 666 2287 hoc
679 2254 836 2287 servanda
853 2254 945 2294 foret,
968 2260 1093 2288 tenores
1110 2254 1169 2287 liu-

429 2306 578 2348 iusmodi‚
600 2307 672 2340 acsi
692 2307 730 2341 de
748 2307 846 2341 vet-bo
863 2307 903 2341 ad
923 2307 1067 2347 verbum,
1088 2307 1167 2340 niliil

427 2360 556 2404 penitus
580 2360 699 2394 omisso
725 2365 756 2394 et
781 2361 885 2394 fornia
909 2360 941 2393 in
962 2360 1024 2394 illis
1052 2361 1166 2394 tradita

428 2413 605 2456 observata,
622 2413 732 2448 inserti
748 2414 863 2455 forent,
877 2414 1098 2458 praesentibus
1109 2425 1167 2458 pro

429 2467 586 2511 expressis
598 2467 765 2509 habentes,
780 2467 842 2501 illis
852 2467 929 2501 alias
939 2467 969 2500 in
979 2477 1037 2501 suo
1052 2468 1168 2501 robore

427 2522 658 2565 permansuris,
682 2521 742 2556 hac
762 2521 830 2555 vice
851 2522 1015 2555 dumtaxat
1031 2527 1120 2555 motu
1138 2527 1170 2555 et

428 2575 560 2610 scientia
588 2586 624 2609 ac
645 2576 683 2609 de
703 2575 870 2620 potestatis
890 2575 1091 2620 plenitudine
1110 2586 1168 2620 pa-

429 2628 517 2662 ribus
543 2629 726 2674 specialiter
745 2635 776 2664 et
796 2639 944 2674 expresse
962 2629 1165 2677 derogamus,

430 2692 465 2715 ae
486 2682 579 2725 plene
607 2688 636 2717 ct
663 2683 861 2718 sufficienter
885 2683 1075 2726 derogatum
1101 2693 1168 2717 esse

999 276 1182 301 BULLARIUM
1199 276 1352 302 ROMANUM

1195 325 1399 358 decernimus
1416 330 1447 358 et
1460 324 1671 367 declaramus,
1688 336 1812 360 necnon
1830 327 1934 361 omni-

1195 378 1254 412 bus
1275 377 1347 418 illis,
1372 388 1452 422 quae
1482 378 1512 411 in
1541 379 1726 422 praemissis
1750 386 1781 413 et
1800 380 1933 424 quibus-

1196 441 1334 475 cumque
1346 432 1484 476 desuper
1493 432 1644 466 confectis
1658 432 1772 466 litteris
1783 443 1934 468 concessa

1197 484 1323 517 fuerunt
1345 494 1409 518 non
1433 484 1571 527 obstare,
1589 485 1788 530 caeterisque
1808 493 1934 521 contra-

1196 538 1252 571 riis
1272 537 1542 583 quibuscumque.

1241 592 1257 634 ξ
1279 590 1330 624 38.
1353 591 1412 624 Per
1427 597 1611 635 praesentes
1632 597 1738 626 autem
1752 602 1816 626 non
1832 593 1936 627 inten-
1976 605 2075 630 nectat-at
2092 595 2149 646 non}

1197 645 1302 678 dimus
1314 645 1598 679 reformationibus
1612 647 1650 680 de
1663 646 1864 681 anditoratus
1877 647 1936 681 hu·
1950 633 2156 695 filista-32⁹3?
2171 686 2177 690 ,

1197 698 1335 731 iusmodi
1357 704 1387 731 et
1407 698 1477 731 aliis
1498 698 1600 732 dictae
1613 699 1725 734 Curiae
1746 699 1859 734 officiis
1878 712 1936 745 per
1950 687 2133 746 t'ssiffid‘ffl'i'lii
2155 733 2159 737 .

1196 751 1286 784 Pium
1308 751 1346 785 IV
1364 757 1391 785 et
1410 752 1500 785 Pium
1518 752 1552 793 V,
1565 753 1828 796 praedecessores
1844 764 1937 798 prae·
1951 744 1972 763 ⁰¹
1989 742 2012 763 γ’

1198 806 1287 846 fatos,
1312 805 1416 847 sactis,
1442 816 1568 839 necnon
1596 806 1727 840 Concilii
1758 807 1937 840 Tridentini

1197 858 1332 892 decretis
1347 859 1377 891 in
1392 859 1501 903 aliquo
1513 860 1681 902 derogare,
1693 860 1742 893 vel
1757 860 1834 894 alias
1845 870 1938 905 prae-

1197 911 1351 954 iudicare,
1368 912 1424 946 sed
1444 912 1514 946 illas
1532 918 1562 946 et
1579 913 1632 946 illa
1649 914 1738 947 salva
1758 924 1837 955 esse,
1861 919 1891 947 et
1905 913 1938 947 in

1197 975 1255 998 sno
1277 965 1395 999 robore
1418 976 1622 1010 permanere,
1643 977 1745 1011 eaque
1767 967 1877 1000 omnia
1902 977 1938 1000 ac

1198 1018 1293 1051 etiam
1314 1019 1402 1060 alias,
1427 1030 1506 1063 quas
1525 1020 1623 1054 hodie
1643 1030 1700 1064 per
1719 1020 1797 1054 alias
1816 1021 1938 1054 litteras

1198 1070 1334 1106 nostras⁴
1346 1073 1516 1107 statuimus
1530 1079 1559 1107 et
1571 1074 1768 1117 ordinamus,
1783 1074 1939 1108 reforma-

1200 1125 1318 1168 tiones,
1339 1137 1396 1170 per
1414 1133 1443 1161 te
1460 1133 1491 1161 et
1507 1138 1708 1162 successores
1724 1133 1796 1162 tuos
1811 1128 1939 1173 praedi-

1199 1185 1277 1220 ctos,
1294 1186 1390 1224 atque
1410 1181 1500 1222 alios,
1521 1182 1560 1215 ad
1579 1192 1660 1225 quos
1680 1181 1712 1215 id
1733 1187 1866 1226 spectat,
1883 1192 1940 1216 seu

1200 1233 1230 1265 in
1252 1234 1394 1267 futurum
1416 1236 1662 1278 quomodolibet
1681 1235 1849 1280 spectabit,
1871 1245 1940 1270 om-

1199 1286 1275 1320 nino
1301 1293 1331 1321 et
1355 1287 1582 1322 inviolabiliter
1605 1289 1723 1323 servari
1744 1289 1891 1324 volumus
1911 1295 1942 1324 et

1200 1341 1402 1375 mandamus.

1244 1396 1260 1437 g
1281 1394 1334 1428 39.
1356 1395 1392 1428 Et
1412 1396 1544 1440 insuper
1563 1396 1658 1430 etiam
1684 1397 1832 1431 volumus
1852 1397 1940 1442 quod
1982 1385 2166 1437 insenum->2⁴

1200 1454 1245 1490 tu,
1266 1454 1438 1493 antequam
1464 1449 1606 1483 officium
1632 1450 1834 1484 auditoratus
1858 1461 1938 1485 cau·
1954 1433 2139 1491 'iilltkl‘ssgf‘ssssssl
2155 1471 2157 1473 .

1200 1512 1307 1535 sarum
1330 1503 1437 1536 curiae
1462 1503 1612 1537 Gamerae
1640 1503 1825 1538 huiusmodi
1846 1514 1938 1538 exer·
1955 1488 1982 1510 ⁶⁰
2001 1486 2078 1509 omem.

1201 1567 1273 1589 cere
1294 1556 1439 1600 incipias,
1463 1557 1503 1590 de
1524 1557 1579 1590 illo
1603 1556 1742 1591 fideliter
1762 1557 1941 1591 exercendo

1202 1609 1233 1642 in
1252 1610 1401 1643 manibus
1425 1610 1582 1654 praedicti
1606 1610 1691 1644 Petri
1720 1611 1892 1645 cardinalis
1911 1617 1943 1646 et

1201 1663 1382 1704 camerarii,
1406 1674 1462 1697 seu
1482 1664 1522 1697 ab
1543 1674 1581 1697 eo
1598 1664 1637 1698 ad
1658 1664 1690 1698 id
1708 1664 1864 1709 deputati,
1887 1670 1943 1699 aut

1202 1717 1270 1750 eius
1290 1717 1538 1751 locumtenentis
1558 1718 1688 1752 solitum
1702 1723 1844 1763 praestes
1857 1718 1942 1752 iura-

1203 1776 1364 1812 mentum,

1246 1826 1261 1867 ξ
1279 1824 1331 1858 40.
1353 1825 1513 1870 Quodque
1530 1827 1746 1871 praesentium
1761 1826 1939 1860 litterarum
1982 1806 2173 2003 ‘tramittam-g

1202 1879 1411 1923 “sanfflflnfflis
1429 1886 1459 1913 θῑ
1472 1880 1625 1924 exemplis
1646 1880 1741 1914 etiarn
1762 1880 1937 1924 impressis,
1953 1862 2081 1911 iiii’m‘m'
2102 1861 2138 1884 ‘¹⁸‘

2146 1702 2153 1719 l

1203 1943 1298 1965 manu
1317 1932 1452 1966 alicuius
1466 1933 1583 1967 notarii
1600 1933 1721 1977 publici
1741 1933 1940 1978 subscriptis,

2156 1762 2180 1798 Ηἲ

2177 1802 2179 1827 l

2170 1919 2179 1935 'l

2148 1996 2173 2053 ,gs-

2147 2103 2170 2206 3

2148 2272 2157 2290 “t

1202 1990 1232 2019 et
1252 1986 1357 2028 sigillo
1377 1985 1512 2019 alicuius
1532 1996 1689 2030 personae
1707 1987 1942 2021 ecclesiasticae
2137 1987 2139 1990 “

1203 2039 1233 2072 in
1252 2039 1406 2082 dignitate
1424 2039 1638 2073 ecclesiastica
1660 2040 1853 2074 constitutae
1870 2050 1941 2074 mu·
2143 2035 2170 2100 ,δ’

1202 2093 1286 2134 nitis,
1310 2093 1421 2126 eadem
1444 2103 1575 2136 prorsus
1594 2093 1672 2126 sides
1685 2087 1887 2136 adhibeatur,
1911 2098 1943 2128 et
2144 2106 2146 2138 j

1203 2147 1348 2181 adhiberi
1381 2147 1544 2191 fidemque
1570 2147 1673 2181 facere
1702 2147 1756 2181 illa
1780 2148 1938 2189 debeant,
2140 2191 2142 2195 .

1202 2211 1284 2245 quae
1310 2201 1386 2245 ipsis
1414 2200 1624 2244 originalibus
1654 2201 1882 2242 adhiberetur,
1910 2206 1942 2235 et
2142 2201 2158 2246 {t
2184 2215 2185 2218 ¹

1202 2265 1297 2298 quam
1319 2254 1406 2298 ipsae
1426 2255 1577 2296 facerent,
1601 2254 1626 2288 si
1651 2255 1755 2288 forent
1782 2254 1941 2288 exhibitae
2143 2249 2157 2311 Z
2178 2300 2179 2306 1

1202 2308 1249 2341 vel
1271 2313 1427 2341 ostensae.
2139 2312 2163 2357 ³4·

1247 2362 1263 2403 ς
1281 2360 1334 2394 ΔΑ.
1358 2361 1401 2394 Tu
1423 2360 1521 2404 igitur
1541 2360 1720 2405 praefatum
1740 2360 1940 2396 auditoratus
1954 2355 2163 2422 bongionigggnggss
2184 2388 2188 2397 .

1202 2425 1370 2448 causarum
1397 2414 1506 2448 curiae
1531 2414 1683 2449 Gamerae
1716 2414 1937 2458 Apostolicae,
1956 2421 2033 2444 officio.
2134 2418 2186 2460 31:

1202 2467 1345 2501 officium
1374 2469 1523 2512 prompta
1548 2467 1716 2501 devotione
1743 2467 1938 2512 suscipiens,

1201 2521 1245 2554 sic
1265 2521 1344 2554 illud
1365 2521 1510 2563 diligenti
1527 2520 1644 2562 studio,
1660 2522 1737 2554 cura
1757 2525 1788 2554 et
1807 2520 1941 2564 integri-

1202 2580 1265 2608 tate
1278 2585 1447 2618 exequere,
1463 2580 1497 2608 ut
1512 2580 1565 2608 tua
1578 2584 1677 2619 opera
1690 2574 1729 2608 ad
1743 2574 1798 2608 Dei
1811 2574 1939 2608 laudem

1238 2647 1249 2673 t
1274 2645 1341 2673 lstae
1355 2645 1423 2673 aliae
1435 2645 1550 2680 litterae,
1566 2653 1640 2681 quae
1654 2645 1737 2674 hodie
1750 2645 1834 2674 datae
1849 2645 1941 2674 dicun·

1203 2694 1255 2723 tur,
1271 2699 1323 2718 non
1339 2694 1402 2717 sunt
1414 2690 1440 2717 in
1455 2690 1588 2718 Bullart'o
1608 2689 1645 2725 (tt.
1662 2690 1709 2722 tul.

2127 3131 2158 3241 fys
