2227 3241
50 258 98 285 Αη.
120 256 231 285 &1608

77 332 184 354 Ordinarit
193 337 235 352 om-

50 365 87 381 nes
95 360 183 380 huiusce
190 364 237 379 con·

50 386 165 407 stitutionis
188 391 236 406 exc—

50 416 151 440 quutores
170 411 236 438 depu-

50 442 128 461 tantur.

68 1917 181 1948 Dei-ogatin
191 1922 239 1938 con-

55 1946 174 1965 tran-iorum.

881 259 1001 282 PAULUS

298 307 314 348 ς
333 304 385 338 15.
410 305 584 340 Hortamur
604 311 710 340 autem
731 305 764 339 in
784 305 923 340 Domino
943 316 994 339 ve-

251 359 412 392 nerabiles
443 359 556 393 fratres
580 359 794 403 patriarchas,
829 359 991 403 arehiepi-

250 423 382 457 εοοροε,
404 413 584 458 episcopos,
609 419 639 447 et
664 413 743 447 alios
768 414 913 447 locorum
935 412 992 446 Or-

251 466 415 509 dinarios‚
448 477 484 500 ac
516 466 650 500 dilectos
675 466 758 500 filios
784 471 934 507 nostros,
963 472 993 498 et

250 521 452 564 Apostolicae
472 521 561 555 Sedis
579 520 618 554 de
638 521 738 554 latere
757 520 890 563 legatos,
911 519 993 553 vice·
1010 524 1011 528 ’

249 573 382 616 legatos,
400 574 547 616 nuncios,
564 579 595 607 et
615 574 695 608 alios
715 573 891 614 ministros,
916 573 993 606 illis-

249 638 312 671 que
332 627 365 661 in
389 628 506 662 virtute
522 634 650 662 sanetae
675 628 877 662 obedientiae
896 638 993 660 man—

249 682 363 716 damus
386 687 422 716 ut
453 682 743 726 Congregationem
776 682 877 715 sancti
902 682 990 715 Pauli

248 735 448 780 praedictam
480 736 614 780 eiusque
644 736 813 779 religiosos
841 745 900 779 pro
928 745 989 769 no-

249 791 314 823 stra
334 794 364 823 et
384 789 475 823 Sedis
495 790 697 834 Apostolicae
718 789 898 823 reverenti-51
918 800 991 833 pro·
1010 817 1011 829 ,

249 843 381 887 pensius
401 844 645 878 commendatos
662 843 828 885 habentes,
850 843 922 877 illos
939 843 992 877 be—

250 897 339 940 nigni
361 898 477 932 favoris
498 898 678 943 praesidio,
699 898 754 931 ubi
781 908 862 942 opus
883 897 989 937 suerit,

251 950 395 993 fulciant,
423 962 482 986 nec
506 962 570 985 non
591 958 777 996 praesentes
803 952 935 992 litteras,
964 956 991 984 et

251 1005 282 1037 in
317 1005 361 1038 eis
398 1011 550 1039 contenta
584 1016 810 1050 quaecumque
829 1032 836 1047 ,
875 1005 929 1038 ubi
963 1010 992 1038 et

250 1059 381 1102 quando
398 1070 479 1104 opus
500 1059 608 1101 suerit,
629 1066 658 1093 et
679 1059 805 1104 quoties
825 1069 885 1103 pro
902 1064 993 1102 parte

250 1113 464 1146 commissarii
482 1113 641 1156 generalis
659 1119 714 1147 aut
731 1113 869 1147 aliorum
889 1112 993 1146 dictae

250 1166 516 1210 Congregationis
533 1168 649 1201 fuerint
668 1168 825 1211 requisiti,
845 1167 995 1201 solemni-

251 1226 299 1254 ter
324 1221 549 1265 publicantes,
585 1222 713 1266 illisque
746 1222 777 1254 in
808 1221 994 1266 praemissis

251 1274 388 1308 efficacis
405 1275 601 1309 defensionis
619 1275 780 1319 praesidio
801 1275 994 1316 assistentes,

251 1327 366 1361 saciant
399 1329 591 1362 auctoritate
620 1330 729 1361 nostra
760 1328 990 1370 Congregatio-

251 1391 324 1415 nem
356 1382 457 1425 ipsam
489 1382 622 1426 eiusque
644 1379 827 1423 'religiosos
864 1391 994 1415 eorum·

252 1436 325 1469 dem
346 1437 597 1480 praemissorum
619 1436 733 1470 effectu
765 1436 898 1479 pacifice
932 1435 994 1468 frui

253 1495 284 1523 et
304 1490 457 1533 gaudere,
480 1500 545 1523 non
567 1490 789 1534 permittentes
815 1499 869 1522 eos
894 1489 990 1522 desu-

253 1553 311 1587 per
334 1554 352 1577 a
372 1554 536 1588 quoquam
558 1543 669 1587 quavis
690 1543 881 1576 auctoritate
908 1553 995 1586 quo-

253 1597 431 1631 modolibet
454 1597 595 1632 indebite
622 1597 805 1637 molestari,
834 1596 995 1629 contradi-

254 1656 359 1684 ctores
376 1661 598 1696 quoscumque
620 1662 678 1696 per
696 1661 858 1693 censuras,
877 1656 904 1683 et
922 1660 996 1694 poe-

253 1699 310 1738 nas
321 1705 562 1747 ecclesiasticas,
580 1705 706 1749 aliaque
719 1710 902 1749 opportuna
918 1703 995 1736 iuris

254 1764 282 1792 ct
305 1759 375 1793 sacti
394 1760 548 1801 remedia,
569 1759 786 1804 appellatione
807 1758 995 1802 postposita,

254 1814 503 1857 compescendo,
525 1813 672 1846 invocato
694 1813 787 1846 etiam
811 1813 849 1845 ad
877 1812 948 1852 boc,
969 1811 992 1843 si
1011 1833 1013 1835 »

255 1878 335 1911 opus
355 1867 460 1908 suerit,
481 1867 598 1900 auxilio
618 1866 741 1900 bracbii
761 1866 943 1899 saecularis.

299 1921 314 1965 ἓ
334 1920 386 1954 16.
414 1921 481 1954 Non
507 1921 709 1954 obstantibus
726 1921 797 1965 piae
819 1919 994 1954 memoriae

253 1975 406 2009 Bonisacii
437 1976 540 2019 Papae
566 1976 629 2009 vill
659 1975 914 2020 praedecessoris
939 1984 995 2007 no-

253 2029 310 2063 stri
332 2030 371 2063 de
388 2031 462 2071 una,
487 2036 517 2063 et
537 2029 669 2063 Concilii
688 2030 846 2072 generalis
865 2029 904 2062 de
922 2029 1014 2062 dua-¹

252 2084 312 2117 bus
337 2084 448 2124 dietis,
476 2084 654 2118 dummodo
686 2085 771 2117 ultra
803 2091 866 2117 tres
896 2083 995 2116 dictas

253 2137 325 2182 quis
344 2148 409 2171 non
429 2138 584 2179 trabatur,
602 2144 632 2170 ct.
649 2137 814 2181 quibusvis
832 2137 902 2169 aliis
921 2146 996 2169 con-

253 2191 471 2225 stitutionibus
484 2197 511 2225 et
528 2191 787 2224 ordinationibus
801 2190 1014 2234 apostoli‹·is,!

253 2255 289 2278 ac
310 2245 385 2279 dicti
406 2244 533 2278 Ordinis
554 2245 808 2283 Carmelitaruni,
834 2244 928 2277 etiam
950 2244 995 2276 iu-

254 2304 423 2338 ramento,
452 2298 699 2331 confirmatione
725 2297 898 2342 apostolica
917 2325 922 2335 ,
948 2298 994 2330 vel
1012 2300 1014 2316 “

255 2352 365 2397 quavis
385 2352 537 2385 firmitate
554 2352 614 2385 alia
633 2352 802 2391 roboratis,
823 2351 949 2384 statutis
967 2358 993 2385 ct

255 2405 553 2446 consuetudiniluts‚
582 2405 756 2449 privilegiis
777 2415 917 2449 quoque,
947 2404 994 2437 in-

255 2459 363 2498 dultis,
392 2465 421 2493 et
452 2459 566 2493 litteris
597 2459 794 2504 apostolicis,
830 2459 995 2503 quibusvis

254 2513 444 2555 Ordinibus,
465 2512 789 2555 congregationibus,
818 2513 994 2556 superiori-

255 2566 314 2600 bus
331 2572 361 2599 et
378 2566 534 2610 personis,
557 2566 615 2599 sub
634 2566 891 2610 quilmscumque
912 2572 1013 2604 tono-t

256 2620 344 2653 ribus
365 2625 395 2653 et
415 2620 537 2661 formis,
562 2626 592 2653 et
618 2631 689 2653 cum
712 2620 877 2664 quibusvis
898 2621 992 2653 etiam

258 2673 534 2716 derogatoriarum
556 2674 777 2715 ‹1012s›‹„›ats·1=ii.c,
799 2674 932 2718 aliisque
954 2666 1013 2713 κί’-Ξ

1026 259 1044 281 v
1063 259 1108 280 ιη».

1028 305 1231 339 ficacioribus
1248 310 1279 338 et
1296 304 1432 338 insolitis
1449 303 1612 344 clausulis,
1634 314 1671 338 ac
1692 304 1767 337 irri-

1028 359 1168 392 tantibus
1193 365 1223 392 et
1256 358 1325 392 aliis
1350 359 1488 393 decretis
1513 358 1544 391 in
1572 357 1770 392 contrarium

1028 413 1279 456 praemissorum
1306 413 1550 457 quomodolibet
1585 412 1767 453 concessis,

1028 466 1228 500 confirmatis
1248 473 1279 500 et
1298 467 1496 511 approbatis.
1521 466 1642 506 Quibus
1663 466 1770 500 omni-

1028 520 1086 554 bus
1112 526 1143 554 et
1167 521 1312 564 singulis,
1337 531 1449 555 eorum
1472 528 1599 555 tenores
1619 531 1771 565 praesen-

1028 574 1112 608 tibus
1144 584 1202 618 pro
1228 575 1384 618 expressis
1410 575 1585 616 habentes,
1614 575 1674 609 hac
1704 574 1771 608 vice

1028 629 1193 661 dumtaxat
1223 628 1405 672 specialiter
1435 634 1465 662 et
1495 639 1642 673 expresse
1671 628 1768 662 dero-

1027 693 1161 725 gamus,
1197 683 1397 727 caeterisque
1429 683 1599 717 contrariis
1633 682 1768 727 quibus-

1028 746 1178 780 cumque.

1072 792 1088 832 ξ
1111 789 1162 822 17.
1180 789 1337 824 Volumus
1355 796 1474 832 autem,
1499 797 1533 824 ut
1550 790 1770 835 praesentium

1030 843 1248 887 transumptis,
1273 843 1367 876 etiam
1395 843 1574 888 impressis,
1596 854 1694 877 manu
1715 843 1772 876 ali-

1028 897 1118 930 cuius
1144 897 1259 930 notarii
1282 897 1402 940 publici
1429 897 1629 941 subscriptis,
1661 903 1690 931 et
1723 897 1768 930 si-

1028 950 1104 993 gillo
1126 951 1229 984 dictae
1250 951 1532 994 Congregationis,
1557 952 1606 984 vel
1635 951 1772 984 alicuius

1028 1015 1185 1048 personae
1211 1005 1241 1037 in
1268 1005 1423 1047 dignitate
1448 1005 1663 1039 ecclesiastica
1688 1014 1773 1040 con·-.

1027 1059 1156 1092 stitutae
1190 1059 1343 1099 munitis,
1377 1060 1488 1093 eadem
1519 1069 1654 1103 prorsus
1691 1057 1772 1091 fides

1028 1112 1210 1153 habeatur,
1249 1123 1332 1157 quae
1365 1113 1589 1156 praesentibus
1629 1110 1771 1153 origina-

1028 1167 1111 1200 libus
1136 1167 1320 1207 baberetur‚
1354 1167 1379 1199 si
1411 1167 1513 1200 forent
1537 1165 1697 1200 exhibitae
1723 1165 1771 1197 vel

1028 1225 1184 1253 ostensae.

1072 1274 1184 1307 Datum
1206 1275 1327 1308 Romae
1347 1275 1432 1318 apud
1454 1274 1496 1307 VS.
1531 1274 1684 1315 Marcum,
1712 1274 1771 1307 sub

1029 1328 1148 1360 annulo
1169 1328 1352 1369 piscatoris,
1383 1328 1434 1361 die
1455 1338 1519 1362 xxn
1538 1328 1606 1361 iulii
1634 1337 1769 1369 moerin,

1029 1380 1234 1424 pontificatus
1255 1381 1355 1415 nostri
1375 1391 1459 1415 anno
1481 1391 1522 1415 iv.

1066 1434 1123 1461 Dat.
1146 1434 1189 1462 die
1209 1435 1243 1462 22
1264 1436 1319 1462 iulii
1343 1435 1424 1471 ¹608,
1448 1436 1540 1471 pontis.
1564 1444 1606 1463 an,
1629 1443 1664 1463 tv.

1348 1571 1450 1604 cxvt.
1479 1554 1483 1558 ’

1011 1651 1196 1695 =Episcopis
1221 1651 1421 1685 Mami-tmesi
1446 1656 1473 1685 ct
1492 1652 1516 1685 A
1525 1652 1712 1695 qrigyenti'no
1737 1652 1771 1684 in

1073 1716 1171 1748 reque
1201 1705 1336 1739 Siciliae
1361 1706 1561 1746 mandatur,
1594 1710 1629 1738 ut
1658 1710 1773 1749 coslam

1074 1758 1323 1799 ecclesiasticos,
1359 1764 1422 1792 tam
1458 1758 1639 1792 saacvclares
1673 1766 1773 1803 quum

1074 1813 1304 1855 riw'ussmnque
1326 1812 1460 1845 Ordinis
1478 1813 1653 1856 ressultires,
1671 1812 1714 1845 acl
1726 1822 1774 1844 re-

1076 1865 1222 1904 mlamla,
1238 1866 1386 1909 iustoque
1402 1867 1506 1909 prelio
1524 1866 1689 1899 vendende
1707 1865 1774 1898 bla-

1074 1919 1115 1951 da
1140 1924 1168 1951 et
1192 1919 1358 1962 frumenta
1381 1923 1519 1962 tempore
1544 1920 1693 1952 caritatis
1718 1930 1774 1952 αη-

1075 1985 1180 2007 nonae
1201 1976 1233 2007 in
1262 1975 1369 2008 eodem
1394 1985 1502 2018 refluo,
1518 1985 1632 2028 ‘usque
1652 1975 1693 2008 ad
1718 1985 1774 2007 'no-

1075 2039 1148 2061 ram
1174 2039 1305 2061 messem
1320 2028 1338 2061 ¹.

1030 2137 1260 2166 Venerabilihus
1281 2137 1427 2166 fratribus
1450 2138 1631 2166 Mazariensi
1648 2140 1678 2166 et
1693 2138 1774 2172 Agri-

1066 2183 1188 2217 gentino
1213 2183 1380 2217 episcopis,
1407 2190 1462 2211 nec
1487 2191 1545 2211 non
1571 2183 1682 2211 dilecto
1712 2183 1773 2210 nito

1066 2227 1157 2254 etiam
1168 2228 1349 2255 venerahilis
1366 2228 1470 2255 fratris
1485 2228 1707 2261 archiepiscopi
1720 2228 1773 2254 Pa-

1065 2272 1225 2299 normitani
1244 2273 1275 2300 in
1291 2273 1498 2307 spiritualibus
1510 2273 1623 2301 vicario
1639 2272 1773 2307 generali

1274 2337 1384 2364 Paulus
1402 2337 1481 2371 Papa
1497 2337 1528 2363 V.

1109 2408 1299 2436 Venerabiles
1320 2409 1429 2436 fratres
1451 2411 1481 2435 et
1502 2408 1611 2435 dilecte
1634 2407 1691 2439 fili,

1073 2452 1201 2480 salutem
1217 2455 1248 2479 et
1263 2453 1458 2487 apostolicam
1474 2451 1724 2479 benedictionem.

1075 2515 1090 2556 ἓ
1112 2514 1140 2547 1.
1161 2515 1346 2559 Expositum
1379 2514 1472 2548 nobis
1500 2524 1603 2557 nuper
1626 2513 1683 2546 suit
1709 2522 1769 2545 no-

1031 2567 1115 2600 minc
1136 2568 1243 2601 dilecti
1265 2568 1320 2601 tilii
1336 2568 1452 2600 nobilis
1473 2567 1530 2600 riri
1550 2566 1676 2600 loannis
1697 2566 1770 2599 Fer-

1011 2606 1152 2653 ³nandez
1188 2621 1330 2654 Paeliero
1364 2621 1559 2654 marchionis
1597 2620 1736 2653 Villcnae
1759 2647 1766 2660 ‚

1066 2686 1076 2711 1
1101 2684 1137 2711 Ex
1158 2684 1263 2720 Regcst.
1289 2685 1312 2710 iu
1334 2686 1436 2711 Secict⁴
1458 2684 1535 2710 Bres.

1658 245 1721 280 539
1768 256 1816 281 An.
1829 254 1857 282 c.
1882 255 1948 282 1er

1828 798 1972 825 Transnmptis

1788 825 1856 847 danda
1868 826 1928 847 nuez.

1828 2525 1923 2551 t‘raregt-
1940 2528 1971 2546 Si·

1785 2552 1847 2572 οιῙωι·
1864 2556 1946 2578 petitio.
