2227 3241
35 225 86 255 An.
103 224 130 251 C.
152 223 220 251 1604

88 656 218 678 Cardinalcin

37 686 175 712 protectorem
198 683 216 703 ei

37 711 128 736 assignat
147 715 171 730 ev
190 709 217 730 sa-

37 737 92 759 mitia
103 736 218 757 Alnlobran-

36 764 129 785 diuorum
169 762 218 783 seli-

37 790 132 817 gen-lum.

62 2152 98 2174 Cui
109 2153 145 2174 dat
154 2153 217 2174 lacul-

37 2181 99 2200 tatem
113 2181 218 2201 ministros

37 2205 160 2231 deputandi;
177 2209 218 2227 sta-

37 2233 80 2253 tuta
88 2233 190 2254 condendi
198 2236 219 2254 et

38 2258 172 2286 immutandi;

841 223 979 246 CLEMENs
1005 225 1017 247 Χ
1028 224 1060 247 111
1088 225 1131 246 ΓΡ.

232 270 279 304 vel
298 270 411 315 quovis
431 270 493 303 alio
521 275 707 314 praetextu,
736 269 908 313 collegium
930 271 970 303 il-

231 324 358 368 liusque
387 328 559 364 rectorem,
580 324 753 365 scholares,
775 324 970 367 capellanos,

232 387 428 410 oeconomos
446 383 477 410 et
491 377 665 418 ministros,
689 387 726 410 ac
746 387 900 421 personas
919 377 974 410 hu-

231 429 383 471 iusmodi,
399 440 456 463 seu
473 440 586 463 eorum
607 430 747 473 aliquem
768 441 866 474 super
878 440 972 474 prae-

233 483 337 516 missis
357 483 604 526 quomodolibet
630 484 812 524 molestare,
842 489 973 527 pertur-

215 531 320 577 'bare‚
347 536 396 569 vel
421 535 601 580 inquietare
627 536 767 569 audeant
791 546 847 569 seu
873 547 970 580 prae-

231 594 371 622 sumant.

277 643 294 684 g
321 641 350 674 7.
374 642 413 675 Ut
436 647 543 675 autem
566 642 664 686 ipsius
685 643 812 685 collegii
830 643 974 676 Clemen-

233 695 290 729 tini
310 695 396 728 bono
414 695 575 738 regimini,
607 697 766 739 gubernio
787 702 818 730 et
838 708 970 731 conser-

232 747 352 781 vationi
388 755 571 792 opportune
606 749 816 790 consulatur,
852 749 973 783 dictum

232 801 363 835 Petrum
390 801 605 843 cardinalem,
634 808 679 843 et,
703 812 740 836 eo
761 803 824 836 vita
850 803 970 844 functo,

232 853 331 888 alium
353 854 497 888 eiusdem
518 855 682 889 Romanae
700 856 861 889 Ecclesiae
874 856 974 890 cardi-

231 907 337 940 nalem
363 917 401 940 ex
430 909 539 941 nostra
567 908 688 941 familia
709 914 764 942 aut
788 909 970 953 parentela,

233 959 291 1001 vel,
304 959 336 992 in
350 959 419 994 eius
433 961 606 1002 desectum,
621 972 861 1006 quemcumque
874 962 971 995 alium

232 1023 268 1045 ex
289 1012 433 1047 eiusdem
463 1020 592 1047 sanctae
619 1015 783 1048 Romanae
814 1015 974 1049 Ecclesiae

232 1065 460 1108 cardinalibus,
478 1078 574 1111 quem
593 1068 767 1111 praelatus,
781 1067 806 1101 si
820 1068 913 1109 adsit,
924 1069 971 1102 vel

232 1118 333 1152 laicus
349 1118 585 1163 primogenitus
598 1120 637 1154 de
655 1120 776 1154 familia
789 1132 844 1155 seu
857 1132 974 1166 paren·
989 1143 991 1157 l
1008 1121 1107 1164 litate,
1130 1133 1187 1157 seu
1207 1124 1284 1157 alias
1302 1124 1476 1169 expediens
1497 1124 1668 1166 videbitur,
1690 1125 1749 1158 im-

233 1172 293 1205 tela
307 1174 417 1206 nostra
430 1173 606 1218 praedicta,
622 1175 682 1215 vel,
700 1174 737 1208 iis
755 1175 906 1209 omnibus
923 1176 974 1209 de-

231 1225 426 1268 ficientibus,
449 1233 556 1261 rector
573 1233 605 1261 et
621 1228 784 1262 scholares
801 1228 969 1273 praedicti,

231 1291 288 1314 seu
303 1291 416 1314 eorum
432 1281 536 1315 malor
548 1292 622 1326 pars
637 1283 763 1316 duxerit
777 1284 973 1327 eligendum,

232 1336 376 1371 ciusdem
387 1337 514 1380 collegii
528 1337 727 1378 Clementini,
742 1338 892 1383 illiusque
904 1350 974 1383 per-

231 1402 404 1431 sonarum,
428 1401 538 1424 rerum
554 1418 561 1432 ,
593 1391 772 1433 bonorum,
801 1393 920 1426 iurium
943 1401 990 1438 et3

230 1446 473 1490 privilegiorum
502 1451 741 1490 protectorem,
769 1440 990 1482 defensorem

231 1507 261 1534 et
274 1506 544 1542 conservatorem,
558 1511 594 1534 ac
608 1500 747 1534 iudicem
759 1502 973 1546 ordinarium,

232 1554 322 1588 cuius
343 1554 478 1588 consilio
496 1560 526 1588 et
546 1565 608 1598 ope
628 1555 738 1589 omnia
765 1557 969 1600 supradicta,

231 1615 263 1642 et
288 1620 514 1653 quaecumque
545 1609 607 1642 alia
636 1609 667 1642 in
692 1609 738 1643 eis
767 1616 798 1643 et
821 1611 907 1644 circa
937 1623 973 1645 ca

230 1663 412 1696 necessaria
432 1668 463 1696 et
480 1669 663 1707 opportuna
680 1668 861 1698 statuantur
879 1671 908 1698 et
926 1677 973 1699 or-

231 1716 394 1757 dinentur,
415 1716 461 1750 sic
482 1722 590 1750 tamen
612 1723 646 1750 ut
666 1728 738 1750 cum
760 1718 902 1761 primum
921 1720 973 1752 ali-

230 1770 302 1814 quis
321 1770 361 1804 de
379 1770 501 1804 familia
521 1776 552 1804 et
571 1771 737 1814 parentela
758 1772 798 1805 ad
818 1773 969 1806 cardina-

231 1825 313 1858 latus
333 1824 490 1858 honorem
512 1831 695 1870 assumptus
722 1827 820 1860 suerit
834 1854 841 1868 ‚
865 1828 990 1861 statim¹

231 1883 260 1912 et
281 1888 320 1912 eo
339 1878 408 1922 ipso
437 1878 514 1912 dicti
544 1879 672 1922 collegii
693 1886 859 1924 protector
878 1881 919 1915 sit
943 1887 973 1916 et

231 1941 299 1965 esse
324 1937 505 1973 censeatur,
530 1938 558 1966 et
576 1933 657 1966 alter
677 1933 849 1967 cardinalis
870 1940 972 1968 exter-

230 1995 302 2026 nus,
324 1985 356 2019 in
373 1991 603 2030 protectorem,
624 1992 659 2019 ut
676 1997 783 2031 supra,
804 1988 934 2030 electus,
956 2000 973 2021 a

232 2049 368 2073 munere
388 2046 420 2073 et
447 2040 554 2074 officio
575 2041 768 2085 protectoris
785 2042 973 2076 huiusmodi

232 2099 332 2135 vacet,
356 2094 584 2128 constituimus
602 2100 632 2128 et
652 2095 855 2139 deputamus.

277 2147 292 2191 g
317 2146 347 2181 8.
376 2148 506 2181 Necnon
520 2148 625 2181 eidem
647 2149 740 2182 Petro
761 2150 917 2183 cardinali
938 2161 975 2184 ac

233 2211 292 2245 pro
311 2206 456 2245 tempore
476 2201 633 2242 existenti,
654 2202 829 2245 protectori
848 2203 973 2246 collegii

233 2255 423 2289 Clementini
448 2255 650 2296 huiusmodi,
674 2256 759 2289 illius
788 2262 971 2298 rectorem,

234 2309 429 2353 capellanos,
453 2319 661 2349 oeconomos,
685 2309 850 2350 officiales,
879 2310 975 2344 advo-

234 2368 333 2404 catos,
349 2368 562 2407 protectores,
587 2368 794 2407 caeterosque
813 2363 975 2398 ministros

233 2427 293 2460 pro
311 2416 414 2450 libero
435 2422 466 2450 et
482 2417 629 2450 absoluto
645 2417 712 2450 eius
732 2417 904 2451 voluntatis
925 2428 975 2451 ar-

234 2469 330 2504 bitrio
361 2470 537 2514 deputandi
565 2476 596 2504 et
622 2471 813 2512 amovendi,
846 2482 883 2504 ac
904 2471 974 2506 loco

233 2524 486 2558 amovendorum
508 2525 587 2559 alios
614 2525 815 2566 sufliciendi,
848 2535 974 2559 necnon

234 2587 457 2623 quaecumque
477 2584 605 2621 statuta,
633 2579 865 2620 ordinationes,
889 2580 975 2623 capi-

237 2631 301 2665 tula
328 2637 359 2665 et
379 2632 508 2666 decreta
529 2633 568 2666 ad
590 2633 734 2667 eiusdem
753 2632 881 2676 collegii
903 2633 972 2667 Cle-

282 2693 361 2722 Bull.
378 2694 458 2723 Rom.
479 2695 538 2723 Vol.
555 2695 604 2724 XI.
822 2696 853 2723 13

1009 271 1154 312 mentini,
1176 272 1326 317 illiusque
1347 284 1571 317 personarum,
1592 284 1701 306 rerum
1720 279 1750 306 ct

1008 324 1167 358 bonorum
1183 326 1400 369 spiritualium
1414 332 1444 360 et
1459 326 1686 370 temporalium
1700 337 1750 360 cu-

1008 387 1089 416 ram,
1105 378 1248 420 regimen
1263 384 1294 412 et
1307 379 1513 421 gubernium,
1524 379 1749 420 directionem,

1008 430 1333 473 administrationem,
1353 443 1390 465 ac
1403 433 1601 466 scholarium
1622 433 1750 477 praedi-

1007 488 1134 516 ctorum
1157 485 1388 528 receptionem,
1404 486 1647 527 admissionem,
1664 492 1750 520 aeta-

1009 541 1089 577 tem,
1111 537 1315 580 qualitatem,
1339 538 1480 580 victum,
1505 539 1672 580 amictum,
1695 539 1746 572 in-

1007 590 1228 632 structionem,
1239 591 1497 636 disciplinam,ac
1508 593 1605 627 studii
1618 604 1749 627 cursum

1007 644 1223 687 pertinentia,
1247 645 1334 678 licita
1360 652 1466 680 tamen
1495 653 1526 680 et
1551 647 1688 680 honesta
1713 658 1750 680 ac

1007 697 1106 730 sacris
1124 698 1302 732 canonibus
1321 704 1352 731 et
1372 699 1447 733 dicti
1467 700 1595 733 concilii
1612 700 1750 734 decretis

1007 761 1070 783 non
1102 751 1262 785 contraria
1294 752 1391 796 <quae
1417 763 1455 786 eo
1476 753 1545 797 ipso
1574 753 1749 797 apostolica

1007 804 1200 838 auctoritate
1218 805 1408 838 confirmata
1429 812 1461 839 et
1481 807 1659 850 approbata
1672 806 1746 848 sint,

1008 862 1038 889 et
1066 867 1134 890 esse
1155 863 1359 899 censeantur,
1389 869 1426 891 ac
1455 859 1493 891 ab
1515 859 1685 900 omnibus,
1709 860 1750 892 ad

1008 920 1089 954 quos
1105 921 1165 954 pro
1186 916 1333 955 tempore
1363 912 1539 956 spectabit,
1569 912 1665 946 etiam
1691 914 1748 946 sub

1007 963 1120 1007 poenis
1137 964 1169 997 in
1186 965 1465 999 contravenientes
1488 966 1665 999 statuendis
1685 967 1746 1000 ob-

1007 1017 1128 1051 servari
1149 1018 1301 1062 debeant)
1322 1019 1460 1053 faciendi
1489 1024 1521 1053 et
1549 1020 1688 1061 edendi,
1719 1027 1750 1054 et

1008 1069 1072 1111 illa,
1090 1070 1215 1114 quoties
1228 1082 1287 1116 pro
1301 1082 1412 1105 eorum
1428 1077 1459 1105 et
1479 1078 1661 1117 temporum
1676 1083 1750 1116 qua-

1008 1176 1165 1217 mutandi,
1187 1177 1383 1220 corrigendi,
1411 1178 1613 1219 moderandi,
1641 1179 1746 1212 resor-

1008 1229 1116 1262 mandi
1131 1230 1268 1263 etetiam
1290 1231 1351 1263 alia
1370 1241 1405 1264 ex
1426 1231 1552 1274 integro
1573 1232 1746 1273 condendi,

1007 1293 1185 1327 omnesque
1206 1290 1236 1317 et
1253 1284 1394 1328 singulas
1410 1285 1492 1327 lites,
1510 1296 1621 1319 causas
1638 1293 1669 1320 ct
1689 1286 1749 1319 dis-

1008 1339 1177 1380 serendas,
1200 1345 1264 1373 tam
1291 1339 1414 1381 civiles,
1438 1351 1536 1387 quam
1564 1341 1749 1374 criminales

1008 1400 1036 1428 et
1051 1394 1174 1436 mixtas,
1190 1394 1312 1427 dictum
1327 1394 1499 1437 collegium
1515 1395 1748 1428 Clementinum
1766 1431 1770 1450 ι

1008 1448 1156 1492 illiusque
1172 1458 1221 1480 res
1235 1453 1265 1480 et
1279 1448 1365 1480 bona
1385 1459 1421 1481 ac
1441 1459 1596 1492 personas
1617 1459 1749 1493 quomo-

1008 1501 1129 1535 dolibet
1157 1501 1398 1543 concernentia,
1432 1507 1494 1534 tam
1524 1502 1625 1535 active
1651 1514 1747 1546 quam

1007 1556 1140 1601 passive,
1158 1555 1253 1589 etiam
1276 1562 1389 1589 contra
1411 1556 1473 1588 alia
1490 1556 1626 1599 collegia
1648 1562 1677 1589 ct
1697 1557 1750 1601 pia

1008 1612 1088 1651 loca,
1112 1616 1140 1643 et
1159 1621 1261 1654 aeque
1279 1610 1326 1643 vel
1343 1609 1445 1652 magis
1462 1609 1675 1653 privilegiata,
1697 1621 1750 1644 eo-

1008 1674 1146 1708 rumque
1170 1674 1231 1704 res,
1255 1663 1352 1704 bona,
1376 1673 1543 1708 personas,
1564 1664 1611 1696 vel
1631 1674 1647 1696 e
1665 1674 1745 1697 con-

1007 1729 1109 1759 verso,
1134 1729 1170 1752 ac
1195 1718 1281 1751 ultro
1307 1717 1455 1761 citroque
1475 1717 1515 1750 ad
1536 1717 1686 1751 invicem·
1701 1719 1749 1751 vel

1007 1772 1084 1805 alias
1110 1771 1356 1816 quomodolibet
1385 1776 1488 1804 motas
1509 1777 1537 1804 ct
1561 1771 1746 1813 movendas,

1007 1837 1043 1859 ac
1064 1825 1160 1858 etiam
1182 1836 1238 1869 per
1256 1824 1529 1869 appellationem,
1556 1830 1586 1858 et
1614 1824 1647 1857 in
1665 1836 1747 1869 qua—

1008 1890 1147 1924 cumque
1167 1879 1328 1920 instantia‚
1350 1889 1460 1912 coram
1483 1878 1649 1922 quibusvis
1666 1878 1750 1912 iudi-

1008 1934 1098 1967 cibus
1112 1933 1321 1975 introductas,
1334 1932 1503 1974 indecisas,
1513 1943 1549 1965 ac
1564 1933 1750 1976 pendentes,

1008 1987 1104 2020 etiam
1126 1986 1196 2019 illas
1217 1986 1256 2019 ab
1277 1985 1355 2030 ipsis
1383 1985 1544 2019 iudicibus
1572 1988 1748 2025 avocando,

1008 2051 1065 2085 per
1091 2051 1125 2074 se
1151 2040 1199 2073 vel
1229 2039 1296 2073 eius
1331 2039 1663 2084 vice-protectorem,
1698 2046 1753 2073 aut

1008 2094 1119 2135 alium,
1140 2104 1195 2127 seu
1214 2093 1305 2135 alios,
1323 2103 1404 2137 quos
1421 2093 1461 2127 ad
1482 2093 1543 2127 hoc
1557 2093 1684 2127 duxerit
1698 2094 1752 2127 de-

1008 2149 1170 2193 putandos
1183 2176 1190 2189 ,
1223 2148 1319 2182 etiam
1340 2147 1538 2189 summarie,
1562 2147 1753 2192 simpliciter

1008 2202 1092 2235 etde
1106 2202 1214 2245 plano,
1232 2207 1262 2234 et
1280 2201 1348 2234 sine
1368 2201 1505 2245 strepitu
1527 2211 1563 2234 ac
1583 2200 1686 2244 figura
1705 2201 1752 2233 iu-

1009 2255 1095 2296 dicii,
1119 2255 1175 2288 sed
1199 2256 1266 2288 sola
1291 2255 1365 2289 sacti
1384 2255 1516 2289 veritate
1537 2255 1691 2299 inspecta,
1715 2265 1751 2288 ac

1009 2309 1105 2342 etiam
1129 2319 1225 2342 manu
1247 2309 1346 2351 regia,
1368 2319 1441 2342 cum
1461 2308 1612 2342 omnibus
1633 2314 1663 2341 et
1680 2308 1748 2341 sin-

1009 2363 1092 2406 gulis
1116 2363 1181 2397 suis
1213 2363 1449 2404 incidentibus,
1480 2362 1748 2407 dependentibus,

1009 2418 1259 2461 emergentibus,
1285 2417 1416 2451 annexis
1434 2423 1463 2451 et
1483 2416 1645 2456 connexis,
1670 2422 1751 2450 toto-

1009 2481 1071 2515 que
1096 2471 1226 2514 negotio
1247 2471 1430 2516 principali,
1459 2471 1554 2504 ctiam
1583 2470 1748 2514 privative,

1009 2526 1116 2570 quoad
1131 2536 1243 2560 omnes
1258 2532 1287 2560 et
1305 2526 1449 2569 singulos
1467 2525 1546 2558 alios
1561 2524 1682 2558 iudices
1700 2534 1752 2557 01·-

1009 2579 1152 2613 dinarios
1185 2585 1215 2613 et
1248 2580 1410 2621 delegatos
1441 2588 1621 2622 eorumque
1645 2577 1751 2611 curias

1009 2639 1038 2667 et
1058 2633 1231 2668 tribunalia
1251 2633 1465 2668 ecclesiastica
1485 2633 1533 2667 vcl
1553 2632 1749 2674 saecularia,

1672 215 1713 248 97
1761 226 1810 253 Au.
1828 225 1856 251 c.
1881 224 1949 252 1604

1780 1403 1860 1423 Canza<
1871 1404 1896 1423 ad

1780 1438 1803 1449 ¹¹¹!
1815 1437 1826 1449 ιι
1899 1437 1902 1440 ’

1765 1447 1920 1481 ῐῡέσυμιιοιευυ
