2227 3241
72 215 123 243 An.
135 214 164 243 C.
186 214 254 243 1603

897 217 1044 241 CLEMENS
1065 218 1122 241 VIII
1144 218 1191 240 PP.

270 270 388 298 narunt
402 265 526 298 litterae
538 265 627 299 vobis
637 266 783 299 directae
804 266 925 299 tenoris
937 266 1013 299 sub-

270 318 443 363 sequentis,
457 319 615 353 videlicet:
637 331 657 352 a
676 324 772 363 terqo,
791 320 919 353 Dilectis
940 320 1013 353 fitiis

269 374 407 407 antianis
420 385 456 407 ae
470 374 692 408 communitati
714 380 744 407 et
762 374 948 408 hominibus
962 375 1009 408 ci-

269 428 373 460 vitatis
398 434 526 461 nostrae
550 428 779 461 Anconitanae:
808 429 898 460 intus
922 439 1008 467 vero,

269 480 374 514 Sixtus
399 481 485 524 Papa
509 480 542 513 V.
571 481 682 514 Dilecti
715 481 788 520 filii,
821 482 954 514 salutem
982 488 1010 514 et

269 534 479 577 apostolicam
500 534 770 567 benedictionem.
794 534 882 567 Fidei
902 546 937 567 ac
959 535 1012 568 de-

268 587 405 620 votionis
431 594 552 621 vestrae
576 588 762 629 sinceritas,
798 600 860 632 qua
885 599 1013 632 semper

267 640 351 674 hanc
375 642 592 685 Apostolicam
617 641 731 675 Sedem
758 642 910 683 coluistis,
939 653 1011 686 pro-

268 702 428 738 meretur,
457 703 491 729 ut
517 707 552 730 ea
582 708 664 741 quae
696 697 838 740 legitime
865 698 905 731 ad
936 709 1008 739 vos,

268 757 472 795 vestramque
497 752 762 785 communitatem
789 758 949 796 spectant,
982 758 1012 786 et

268 804 453 848 aliquando,
477 811 660 850 temporum
682 806 810 847 iniuria,
835 812 962 850 praeter
982 812 1013 840 et

269 865 381 892 contra
412 859 575 893 libertates
605 861 921 905 consuetudinesque
959 871 1013 895 ve-

267 917 348 946 stras
372 913 498 946 sublata
523 914 666 955 fuerunt,
700 914 789 947 vobis
814 914 948 954 restitui,
977 925 1013 948 ac

268 966 300 1000 in
326 966 449 1001 iuribus
475 974 506 1001 et
530 968 732 1001 libertatibus
761 968 850 1002 vobis
875 980 1008 1012 compe-

270 1019 419 1061 tentibus,
440 1026 471 1053 et
490 1031 548 1064 per
569 1021 686 1054 dictam
708 1022 821 1055 Sedem
836 1023 1011 1066 respective

269 1073 439 1115 concessis,
457 1075 659 1108 manuteneri
673 1086 709 1108 ac
727 1076 867 1114 defendi,
884 1087 1010 1109 necnon

268 1126 301 1160 in
322 1127 384 1161 illis
401 1128 592 1171 reintegrari
606 1140 766 1162 curemus.
788 1130 1010 1174 Sane,perdi-

268 1180 368 1214 lectos
389 1181 472 1215 filios
490 1182 641 1216 comitem
663 1184 814 1216 Ioannem
836 1184 1009 1228 Baptistam

269 1235 433 1279 quondam
458 1236 644 1281 Hieronymi
662 1238 701 1271 de
721 1238 871 1272 Ferrettis
893 1239 1012 1272 utrius-

270 1299 333 1332 que
364 1289 441 1323 iuris
477 1290 663 1331 doctorem,
692 1302 728 1324 ac
753 1292 900 1334 egregios
925 1293 1011 1327 viros

269 1342 474 1376 Franciscum
509 1344 667 1377 Todinum
704 1352 734 1378 et
768 1346 884 1378 Iulium
913 1347 1008 1380 etiam

269 1396 308 1428 de
328 1396 480 1429 Ferrettis
500 1397 583 1430 cives
608 1403 638 1431 et
659 1405 803 1433 oratores
828 1406 949 1434 vestros
970 1402 1009 1434 ad

267 1459 326 1482 nos
358 1449 543 1493 dictamque
560 1451 675 1484 Sedem
701 1453 888 1494 destinatos,
916 1455 1009 1488 nobis

267 1502 382 1546 exponi
408 1502 538 1545 fecistis,
567 1505 655 1549 quod
681 1506 720 1539 ab
756 1507 1008 1541 immemorabili

267 1562 413 1601 tempore
431 1557 573 1592 officium
593 1560 738 1594 sanitatis
756 1561 859 1595 dictae
879 1568 1008 1596 nostrae

266 1610 401 1644 civitatis
429 1622 488 1655 per
512 1611 598 1646 illius
623 1613 706 1647 cives
735 1614 944 1657 originarios,
972 1626 1009 1650 ac

266 1663 419 1698 officiales
444 1675 517 1699 suos
543 1666 596 1710 (ad
622 1666 683 1700 hoc
712 1678 769 1711 per
794 1679 848 1701 eos
872 1679 931 1712 pro
956 1680 1008 1702 ar-

265 1716 362 1751 bitrio
392 1718 483 1761 eligi,
518 1719 665 1764 deputari
695 1727 726 1754 et
754 1722 896 1755 amoveri
926 1733 1005 1756 con-

264 1772 384 1814 suetos)
409 1772 477 1815 regi
503 1779 533 1806 et
557 1774 751 1817 gubernari,
776 1786 835 1809 nec
866 1787 930 1810 non
953 1778 1009 1810 ad-

264 1824 440 1859 ministrari
465 1833 685 1868 consueverat,
714 1834 754 1869 et,
778 1839 838 1873 pro
863 1830 1007 1864 eiusdem

264 1878 362 1912 officii
391 1879 494 1914 libero
527 1887 557 1914 et
588 1883 803 1916 commodiori
840 1885 1005 1926 exercitio,

263 1943 318 1966 vos
343 1935 675 1980 communitatemque
694 1942 831 1970 vestram
852 1938 916 1971 duo
938 1939 1008 1972 loca

264 1986 296 2019 in
322 1988 459 2021 arsenali
484 1995 598 2032 portus
623 1990 726 2023 dictae
752 1991 897 2032 civitatis,
926 1992 1008 2026 duae

264 2039 420 2075 Navettae
444 2044 678 2087 nuncupatae¹,
706 2045 762 2078 ubi
786 2056 883 2079 naves
907 2047 1008 2080 collo-

265 2104 357 2136 care,
391 2105 579 2140 mercesque
607 2103 774 2132 extraneas
805 2099 843 2132 de
873 2100 1008 2133 sanitate

264 2154 428 2192 suspectas
471 2155 615 2193 tempore
655 2151 764 2185 debito
804 2163 983 2197 expurgare
998 2181 1005 2195 ,

264 2201 384 2236 habere
410 2208 441 2236 ct
465 2204 631 2246 possidere
656 2207 905 2248 consueveratis,
927 2218 1009 2250 quae

264 2256 356 2289 annis
380 2257 569 2298 retroactis,
606 2258 682 2291 dum
708 2270 767 2302 pro
796 2260 1009 2294 subventione

264 2308 407 2343 eiusdem
438 2310 528 2344 Sedis
558 2317 685 2345 scutum
714 2323 814 2345 unum
848 2324 907 2357 pro
934 2325 1008 2347 cen-

265 2362 388 2396 tenario
408 2374 505 2407 super
522 2365 616 2398 datiis
634 2365 801 2406 mercium,
826 2372 856 2399 et
873 2367 1007 2400 aliarum

264 2426 373 2449 rerum
412 2417 516 2451 dictae
548 2418 683 2452 civitatis
716 2419 958 2463 imponeretur,
993 2432 1010 2455 a

264 2469 353 2503 vobis
377 2473 546 2516 vestraque
568 2473 801 2506 communitate
822 2473 1010 2508 huiusmodi

265 2523 304 2558 de
328 2525 412 2559 sacto
435 2526 562 2560 sublata
592 2528 739 2567 suerunt;
766 2528 1010 2573 supplicarique

1050 266 1143 298 nobis
1161 266 1306 307 curastis,
1326 271 1362 299 ut
1382 266 1421 299 de
1442 271 1629 310 opportuno
1650 266 1797 300 remedio

1049 321 1221 363 providere
1246 321 1285 354 de
1311 321 1512 364 benignitate
1538 321 1717 365 apostolica
1742 321 1794 354 di-

1049 384 1234 415 gnaremur.
1262 375 1326 408 Nos
1352 375 1452 417 igitur
1477 375 1508 408 in
1534 375 1593 408 hac
1619 378 1730 408 nostra
1755 375 1797 409 ad

1048 428 1167 460 summi
1191 430 1391 471 apostolatus
1423 429 1547 473 apicem
1574 428 1797 472 assumptione

1049 482 1287 524 perpendentes
1313 482 1494 516 civitatibus
1530 482 1667 523 nostris,
1695 481 1796 525 potis-

1048 534 1165 567 simum
1187 535 1367 575 maritimis,
1384 547 1442 579 pro
1461 537 1588 569 illarum
1611 536 1796 579 civiumque

1047 597 1181 620 suorum
1201 589 1456 625 conservatione,
1479 590 1564 622 eirca
1585 589 1729 622 sanitatis
1747 599 1797 622 re-

1048 640 1156 682 gimen
1169 642 1345 685 praecipue
1361 643 1595 685 providendum
1610 654 1688 684 esse,
1699 643 1796 687 idque

1049 695 1254 728 commodius
1279 702 1309 729 et
1330 696 1503 737 salubrius,
1528 708 1625 741 quam
1647 708 1706 741 per
1726 697 1796 730 itta·

1049 755 1191 783 rummet
1216 750 1312 791 cives,
1341 750 1413 784 fieri
1438 762 1504 784 non
1523 762 1629 795 posse,
1658 758 1688 785 et
1712 761 1792 795 pro-

1048 809 1171 847 pterea,
1199 804 1326 837 sublato
1352 804 1414 837 iam
1440 816 1499 849 per
1522 816 1581 839 nos
1607 805 1692 839 dicto
1717 806 1795 839 sub-

1047 857 1130 890 sidio
1161 858 1258 891 unius
1290 858 1370 891 scuti
1401 869 1461 903 pro
1486 859 1690 900 centenario,
1719 870 1791 901 vos,

1048 917 1253 955 vestramque
1278 913 1546 946 communitatem
1580 913 1795 957 amplioribus

1048 965 1159 1007 gratiis
1174 966 1341 1005 decorare,
1359 972 1389 999 et
1402 966 1489 1010 quod
1504 978 1598 1000 suum
1615 972 1661 1000 est
1678 967 1796 1011 cuique

1049 1020 1202 1060 tribuere,
1231 1031 1358 1053 necnon
1384 1031 1467 1064 quae
1493 1021 1532 1054 de
1557 1020 1640 1053 sacto
1665 1032 1796 1064 proces—

1047 1078 1177 1113 serunt,
1207 1075 1246 1106 ad
1272 1073 1447 1118 pristinum
1479 1079 1598 1107 statum
1625 1074 1795 1108 restituere

1047 1128 1203 1168 volentes,
1215 1128 1336 1161 dictum
1349 1128 1496 1161 sanitatis
1506 1128 1650 1161 osticium
1663 1128 1694 1161 in
1706 1139 1796 1162 eum·

1048 1182 1121 1214 dem
1143 1187 1275 1223 statum,
1301 1181 1333 1214 in
1359 1192 1424 1225 quo
1450 1187 1524 1215 ante
1552 1181 1794 1226 impositionem

1047 1235 1246 1278 praedictam
1269 1235 1521 1279 quomodolibet
1545 1241 1625 1276 erat,
1649 1236 1795 1280 plenarie

1048 1289 1285 1331 reintegramus
1307 1295 1338 1323 et
1358 1290 1559 1333 reponimus,
1584 1289 1737 1334 illiusque
1758 1290 1796 1323 li-

1046 1343 1159 1376 berum
1186 1343 1376 1376 exercitium
1402 1354 1461 1386 per
1484 1354 1540 1376 vos
1565 1349 1596 1376 et
1628 1344 1795 1378 ministros

1046 1403 1167 1430 vestros
1180 1398 1377 1441 praedictOS,
1392 1397 1479 1431 iuxta
1493 1404 1685 1431 consuetum
1701 1409 1794 1431 usum

1045 1451 1226 1495 antiquum,
1253 1452 1451 1493 faciendum,
1466 1453 1531 1485 una
1546 1463 1618 1485 cum
1642 1453 1794 1486 omnibus

1045 1510 1075 1537 et
1095 1504 1233 1547 singulis
1257 1504 1449 1545 honoribus,
1478 1505 1644 1546 oneribus,
1669 1506 1795 1538 emolu-

1045 1558 1173 1599 mentis,
1201 1558 1297 1592 etiam
1320 1558 1379 1592 ad¹
1402 1558 1521 1592 dictam
1548 1558 1794 1603 impositionem

1044 1612 1158 1646 baberi
1184 1619 1215 1647 et
1239 1612 1401 1657 possideri
1434 1623 1472 1646 ac
1498 1613 1544 1646 uti
1567 1614 1740 1654 consuetis,
1764 1620 1795 1647 et

1044 1666 1076 1699 in
1101 1667 1210 1711 specie
1235 1667 1319 1700 dieta
1345 1668 1409 1700 duo
1434 1668 1517 1708 loca,
1545 1678 1601 1701 seu
1627 1668 1706 1701 duas
1730 1679 1791 1702 na-

1043 1726 1227 1764 vettas‚pro
1246 1720 1390 1754 eiusdem
1410 1720 1509 1753 officii
1529 1721 1661 1754 servitio
1675 1727 1704 1754 et
1719 1732 1791 1762 usu,

1043 1774 1133 1807 vobis
1154 1780 1186 1807 et
1205 1774 1434 1807 communitati
1452 1780 1577 1808 vestrae
1591 1774 1790 1816 huiusmodi,

1044 1838 1102 1871 pro
1132 1827 1211 1861 dicti
1236 1828 1334 1861 oflicii
1359 1838 1419 1872 pro
1445 1834 1591 1872 tempore
1610 1828 1791 1872 praesectis,

1044 1887 1141 1925 prout
1165 1888 1240 1915 sunt
1265 1888 1296 1915 et
1321 1892 1354 1915 se
1378 1882 1511 1921 liabent,
1540 1888 1595 1915 aut
1619 1892 1688 1915 esse
1709 1887 1794 1916 etse

1044 1936 1165 1969 habere
1200 1942 1335 1980 possunt
1371 1942 1401 1969 et
1434 1936 1591 1969 hactenus
1620 1946 1795 1970 consueve-

1045 1996 1131 2030 runt,
1156 1990 1366 2024 concedimus
1387 1995 1419 2024 et
1440 1990 1653 2032 assignamus,
1674 2001 1794 2034 vosque

1045 2050 1075 2078 ct
1095 2044 1363 2078 communitatem
1389 2050 1527 2078 vestram
1553 2044 1740 2078 huiusmodi
1761 2045 1794 2078 in

1045 2102 1150 2132 vestra
1180 2098 1315 2142 antiquit
1348 2098 1553 2142 possessione
1583 2098 1790 2142 reponimus,

1047 2152 1247 2186 restituimus
1289 2158 1319 2185 et
1354 2152 1503 2196 plenarie
1540 2151 1789 2195 reintegremus⁴

1045 2206 1162 2250 Sicque
1196 2212 1227 2239 et
1257 2216 1323 2239 non
1353 2206 1446 2239 aliter
1477 2216 1536 2250 per
1568 2216 1793 2250 quoscumque

1045 2259 1167 2293 iudices
1193 2265 1224 2292 et
1248 2259 1500 2300 commissarios,
1525 2259 1622 2292 ctiam
1644 2259 1673 2292 S.
1696 2259 1731 2292 R.
1755 2259 1789 2292 E.

1045 2313 1238 2353 cardinales,
1266 2314 1392 2350 sublata
1410 2313 1454 2346 eis
1476 2319 1506 2346 et
1526 2323 1638 2346 eorum
1661 2312 1793 2346 cuilibet

1044 2367 1156 2411 quavis
1190 2368 1284 2401 aliter
1309 2367 1475 2400 iudicandi
1502 2372 1532 2400 et
1556 2366 1792 2410 interpretandi

1045 2422 1195 2454 facultate
1216 2428 1247 2454 et
1267 2421 1472 2462 auctoritate,
1499 2420 1637 2453 indicari
1664 2426 1691 2453 et
1714 2419 1793 2453 dest-

1045 2474 1105 2507 niri
1132 2475 1263 2517 dehere,
1287 2486 1323 2508 ac
1342 2474 1502 2519 quidquid
1521 2484 1612 2507 secus
1629 2484 1726 2517 super
1743 2473 1792 2507 liis

1045 2538 1062 2561 a
1087 2538 1265 2573 quoquam,
1286 2528 1398 2573 quavis
1419 2527 1622 2568 auctoritate,
1652 2527 1792 2560 scienter

299 2641 311 2668 1
329 2641 374 2669 Sic
386 2641 448 2672 edit.
460 2641 551 2679 Mein,
563 2643 656 2672 forsan
667 2644 774 2680 legend.
786 2645 857 2673 duas
869 2645 1007 2679 etc.(n.T).
1026 2620 1030 2672 i
1081 2646 1091 2670 t
1112 2644 1237 2673 Fortasse
1255 2645 1400 2682 tegendum
1410 2647 1488 2679 ante,
1503 2644 1543 2673 vel
1554 2644 1692 2680 usquead
1705 2644 1740 2680 (tt.
1753 2643 1792 2678 τ.)

1719 206 1756 241 51
1808 216 1860 244 An.
1875 217 1904 245 c.
1926 217 1995 245 1603
