2227 3241
91 239 139 266 Αη.
160 239 190 266 C.
203 239 272 267 1610

124 619 210 641 Sanctio
225 625 277 647 poe-

91 647 151 668 nans.

129 2061 210 2082 Exortis
226 2065 274 2081 con·

89 2088 198 2109 troversiis
207 2093 270 2113 super

89 2114 223 2135 observantia
233 2113 274 2140 pri-

90 2141 214 2165 viteaiorum
234 2142 273 2160 An-

88 2168 275 2188 conitanismerca·

89 2193 172 2214 toribu³
187 2199 274 2215 conces-

88 2225 165 2242 sorum*

932 241 1051 265 PAULUS
1077 241 1095 264 V
1114 242 1159 263 ΡΡ.

292 287 442 321 omnibus
463 293 493 322 et
513 288 647 331 singulis
661 316 668 329 ,
692 298 803 322 eorum
834 289 977 322 omnium
1005 295 1035 322 et

290 341 492 384 singulorum
504 347 630 376 tenores
639 342 860 386 praesentibus
869 352 929 386 pro
941 342 1034 386 plene

292 400 323 428 et
342 395 540 430 sufficienter
557 396 712 440 expressis
732 402 762 430 et
775 396 814 429 ad
837 395 968 429 verbum
988 395 1035 428 in-

291 448 383 482 sertis
407 449 574 490 habentes,
595 449 653 483 hac
675 449 742 483 vice
767 449 932 482 dumtaxat
956 460 1034 493 spe—

293 501 416 535 cialiter
439 507 470 535 et
490 513 638 546 expresse
658 503 864 545 derogamus,
885 502 1034 535 eaeteris-

293 565 355 598 que
375 555 544 589 contrariis
562 555 830 600 quibuscumque.

337 609 354 650 ἓ
375 607 405 641 6.
433 609 518 642 Nulli
543 620 620 652 ergo
645 609 778 643 omnino
802 609 970 642 hominum
997 609 1034 641 li-

293 666 363 694 ceat
379 661 462 696 hanc
479 662 630 706 paginam
647 669 832 696 nostrorum
849 662 1032 703 sanctionis,

291 715 412 757 statuti,
432 716 655 757 ordinationis,
678 716 854 760 praecepti,
877 716 1030 756 mandati,

293 768 512 811 iniunctionis‚
536 769 747 811 onerationis,
768 770 952 810 voluntatis,
977 770 1032 803 de-

292 823 369 856 creti
395 829 425 857 et
451 823 671 867 derogationis
704 823 902 866 infringere,
931 824 978 857 vel
1004 824 1031 857 ei

291 886 370 910 ausu
393 877 564 911 temerario
586 877 757 910 contraire.
781 877 811 911 Si
834 877 904 921 quis
925 883 1031 911 antem

291 929 351 963 hoc
372 936 529 964 attentare
550 931 812 975 praesumpserit,
837 931 1032 973 indignatio-

290 994 363 1016 nem
378 984 610 1028 omnipotentis
624 984 690 1023 Dei,
708 995 744 1018 ae
762 984 929 1017 beatorum
948 985 1032 1018 Petri

290 1029 328 1069 et‘
340 1037 430 1070 Pauli
452 1038 674 1082 apostolorum
693 1038 771 1079 eius,
788 1049 820 1071 se
842 1038 962 1071 noverit
987 1038 1034 1070 in-

290 1101 472 1124 cursurum.

333 1145 446 1178 Datum
466 1145 586 1178 Romae
607 1146 692 1189 apud
713 1152 858 1179 sanctum
878 1146 1030 1186 Marcum,

289 1207 374 1231 anno
392 1199 625 1232 incarnationis
645 1199 831 1233 Dominicae
852 1210 948 1239 nnex,
969 1199 1034 1242 pri-

289 1251 340 1285 die
365 1252 518 1286 kalendas
543 1253 684 1295 augusti,
710 1253 916 1296 pontificatus
935 1253 1033 1285 nostri

291 1316 374 1339 anno
397 1317 438 1340 vi.

325 1369 384 1395 Dat.
408 1369 451 1395 die
472 1369 501 1396 3l
526 1369 582 1396 iulii
605 1369 680 1403 1610,
699 1370 890 1405 pontit'aii.x·1.

611 1530 704 1563 CLVI.

289 1626 534 1669 Confirmanlur
566 1627 800 1660 declarationes
832 1631 1030 1660 statutor-zon

333 1680 559 1713 universitatis
576 1685 789 1713 mercatorum
806 1680 948 1713 civitatis
961 1680 1030 1713 An—

332 1744 428 1766 conae
444 1744 504 1777 per
524 1734 768 1766 thesaurarium
787 1733 968 1777 qeneralem
984 1744 1030 1766 rc-

332 1786 487 1820 verendae
506 1787 657 1821 Gamerae
671 1788 695 1821 A
701 1787 875 1832 poseolz'cae
895 1786 1025 1831 factae¹.

525 1903 634 1930 Paulus
651 1903 729 1938 Papa
743 1903 778 1935 V¹

410 1957 446 1984 ad
466 1960 642 1991 perpetuam
662 1958 706 1985 rei
726 1957 907 1985 memoriam.

335 2056 351 2096 ξ
369 2053 398 2087 ’1.
416 2054 504 2095 Cum,
518 2054 599 2087 sicut
616 2054 709 2087 nobis
727 2064 830 2098 nuper
848 2055 1026 2098 expositum

291 2107 350 2141 suit
381 2107 510 2141 nomine
543 2107 732 2141 dilectorum
762 2108 902 2147 filiorum
934 2119 1024 2141 eom-

292 2161 454 2194 munitatis
483 2161 616 2194 civitatis
643 2167 770 2194 nostrae
799 2164 970 2201 Anconae,
999 2168 1027 2196 et

290 2215 481 2255 consulum,
510 2220 540 2247 et
564 2214 778 2248 universitatis
811 2222 1025 2249 mercatorum

289 2268 431 2302 eiusdem
459 2268 612 2307 civitam,
638 2270 720 2302 inter
746 2269 831 2312 ipsos
852 2271 1025 2303 nonnullae

288 2322 523 2354 controversiae
549 2327 579 2354 et
599 2321 797 2355 differentiae
817 2334 913 2366 super
929 2330 1026 2357 statu-

289 2374 338 2415 tis,
356 2375 472 2418 quibus
490 2375 574 2408 dicta
598 2376 786 2409 universitas
810 2383 1024 2410 mercatorum

288 2436 317 2460 et
346 2428 473 2461 illorum
505 2429 735 2462 commercium
762 2430 884 2472 regitur
908 2436 938 2463 et
963 2442 1023 2473 gn-

288 2480 462 2522 bernatur‚
497 2492 556 2515 nec
588 2492 651 2515 non
677 2493 774 2526 super
799 2484 1022 2523 lacunalibus,

289 2533 411 2567 iuribus
436 2541 467 2568 et
494 2534 668 2579 privilegiis
693 2536 812 2569 eisdem
841 2538 1026 2570 mereatori-

288 2587 347 2620 bus
371 2599 428 2632 per
454 2589 554 2622 felicis
574 2589 806 2623 recordationis
828 2590 1023 2624 Clementem

327 2652 336 2677 1
361 2650 397 2677 Ex
419 2650 523 2686 Regest
547 2652 571 2678 in
593 2652 696 2679 Secret.
716 2653 793 2679 Brer⁴

1710 230 1772 264 627

1067 289 1184 332 Papam
1206 288 1292 329 VIII,
1320 298 1376 322 seu
1402 288 1480 322 alios
1506 289 1669 322 Romanos
1695 289 1806 322 Ponti-

1068 341 1143 375 fices
1173 342 1435 386 praedecessores
1465 349 1601 383 nostros,
1634 342 1809 376 eoncessis¹

1068 401 1098 428 et
1119 407 1176 440 per
1193 406 1251 429 nos
1268 397 1362 429 etiam
1383 396 1582 430 confirmatis
1604 402 1634 429 et
1652 397 1811 441 approba-

1069 449 1117 489 tis,
1147 455 1175 482 et
1204 460 1301 493 super
1333 450 1461 484 illorum
1489 450 1754 494 interpretatione
1780 457 1810 483 et

1068 502 1291 544 obseriantia,
1327 509 1414 537 ortae
1446 504 1563 537 suerint
1600 510 1629 537 et
1663 504 1811 537 oriantur

1059 555 1099 588 ·in
1119 556 1196 597 dies,
1221 557 1370 601 dietaque
1393 557 1607 591 communitas
1628 558 1749 601 pluries
1770 559 1809 591 ad

1067 619 1124 643 nos
1145 620 1311 644 recursum
1334 611 1503 644 habuerit:

1112 665 1127 705 ξ
1158 664 1187 696 ’2.
1220 665 1304 705 Nos,
1337 671 1400 698 tam
1434 665 1537 698 (lictae
1568 665 1808 699 communitatis

1067 727 1162 761 quam
1189 718 1372 761 praedictae
1396 719 1612 754 universitatis
1641 726 1804 752 mercato-

1068 781 1137 803 rum
1165 772 1263 815 quieti
1289 772 1480 811 eonsulere,
1510 783 1546 807 ac
1571 783 1684 806 omnes
1711 773 1804 806 diffe-

1066 825 1185 858 rentias
1213 831 1243 858 et
1269 826 1501 860 controversias
1532 827 1643 859 tollere
1674 827 1807 870 cupien-

1068 884 1122 920 tes,
1141 879 1305 921 negotium
1325 879 1509 913 huiusmodi
1529 880 1644 913 dilecto
1661 880 1725 913 lilio
1747 891 1807 913 ma-

1066 932 1164 974 gistro
1190 932 1305 966 Iacobo
1326 933 1440 973 Serra,
1469 939 1578 967 nostro
1601 940 1628 966 et
1655 934 1807 967 Gamerae

1067 986 1267 1029 Apostolicae
1292 986 1502 1028 thesaurario,
1520 987 1660 1029 generali
1683 988 1805 1020 exami-

1066 1039 1222 1080 nandum,
1241 1040 1479 1074 terminandum
1499 1047 1526 1074 et
1546 1042 1807 1085 componendum

1067 1093 1303 1126 commissimus
1325 1100 1355 1127 et
1377 1094 1608 1127 mandarimus.

1112 1148 1127 1188 ξ
1145 1145 1174 1178 3.
1193 1146 1251 1186 Qui
1271 1149 1356 1181 (cum
1377 1147 1555 1181 interventu
1577 1148 1692 1184 nuntii.
1714 1159 1809 1191 agen-

1068 1200 1122 1239 tis,
1147 1206 1172 1232 et
1197 1201 1416 1244 procuratoris
1437 1202 1539 1234 dictae
1565 1202 1710 1239 civitatis,
1735 1213 1807 1235 nec·
1823 1207 1835 1227 Ρ

1067 1264 1130 1286 nou
1164 1254 1385 1297 procuratoris
1415 1255 1575 1288 dictorum
1608 1256 1804 1292 consulum,

1068 1314 1097 1340 et
1130 1308 1343 1341 universitatis
1377 1315 1617 1347 mercatorum,
1656 1309 1808 1342 adhibitis

1067 1361 1161 1394 etiam
1185 1362 1310 1395 duobus
1329 1363 1560 1395 mercatoribus
1580 1362 1672 1395 Urbis
1695 1362 1725 1395 in
1747 1362 1807 1395 bu-

1068 1415 1205 1448 iusmodi
1239 1415 1376 1458 negotiis
1407 1416 1554 1459 apprime
1586 1416 1738 1455 versatis,
1768 1417 1806 1449 de

1067 1469 1232 1501 communi
1262 1468 1448 1502 earumdem
1482 1468 1622 1512 partium
1650 1479 1807 1502 consensu

1066 1522 1217 1555 omnibus
1242 1522 1385 1561 statutis,
1409 1522 1600 1565 privilegiis,
1630 1522 1753 1565 iuribus
1778 1528 1807 1555 et

1066 1575 1341 1618 exemptionibus,
1365 1585 1424 1608 nee
1449 1586 1513 1608 non
1539 1576 1690 1609 omnibus
1715 1576 1806 1609 diffe-

1067 1628 1178 1661 rentiis
1199 1635 1229 1661 ct
1249 1629 1529 1672 praetensionibus
1550 1629 1623 1661 hinc
1646 1629 1718 1661 inde
1739 1639 1807 1662 ver-

1067 1681 1204 1714 tentibus
1222 1683 1316 1726 plene
1335 1688 1364 1715 et
1382 1689 1507 1715 mature
1525 1682 1807 1725 (lisrussis)omnia

1065 1735 1149 1768 dicta
1175 1735 1314 1779 capitula
1341 1742 1367 1768 et
1396 1741 1512 1769 statuta
1538 1736 1640 1769 (lictae
1671 1736 1802 1769 univer-

1064 1789 1163 1822 sitatis
1190 1795 1418 1829 mercatorum‚
1443 1789 1560 1832 quibus
1581 1799 1692 1822 eorum
1719 1799 1806 1822 com-

1065 1843 1220 1875 mercium
1265 1842 1386 1884 regitur
1426 1849 1456 1875 et
1493 1843 1713 1884 gubernatur,
1747 1853 1805 1875 nec

1064 1907 1127 1929 non
1154 1896 1263 1929 omnia
1289 1896 1379 1935 iura,
1408 1896 1626 1940 exemptiones
1647 1901 1677 1929 et
1701 1896 1801 1939 privi-

1064 1950 1146 1992 legia
1171 1950 1274 1982 cidem
1301 1949 1499 1986 universitati
1521 1960 1683 1989 concessa,
1702 1950 1731 1981 in
1746 1959 1804 1982 suo

1062 2004 1179 2037 robore
1205 2009 1235 2036 et
1259 2003 1460 2037 observantia
1482 2003 1566 2036 iuxta
1588 2004 1723 2036 sormam
1746 2003 1804 2035 lit-

1064 2063 1203 2090 tcrnrum
1223 2056 1472 2100 apostolicarum
1492 2057 1629 2100 desuper
1646 2056 1805 2100 expedita-

1062 2121 1133 2143 rum
1157 2110 1305 2143 inviolata
1327 2110 1509 2153 persistere,
1534 2120 1570 2143 ae
1591 2110 1630 2142 ab
1651 2110 1802 2142 omnibus

1062 2163 1223 2195 observari
1245 2163 1363 2196 debere
1385 2163 1525 2196 delinivit
1543 2191 1548 2200 ,
1570 2163 1751 2207 composuit
1773 2168 1802 2194 et

1063 2217 1262 2253 terminavit2
1287 2217 1482 2251 declarando
1509 2223 1615 2250 tamen
1642 2223 1671 2250 et
1695 2218 1798 2249 resor-

1063 2271 1179 2303 mando
1209 2271 1293 2304 «licta
1322 2276 1437 2304 statuta
1466 2271 1496 2303 in
1524 2270 1670 2314 capitulis
1698 2270 1797 2303 inl‘ra-

1060 2324 1197 2367 seriptis,
1222 2329 1249 2358 et
1273 2325 1368 2358 modo
1393 2325 1607 2368 infrascripto,
1629 2324 1795 2357 videlicet:

1106 2378 1165 2419 ξ-Ῑι.
1183 2378 1261 2417 Quia
1284 2379 1315 2411 in
1336 2379 1428 2412 dictis
1449 2379 1573 2411 statutis
1591 2378 1649 2411 sub
1671 2377 1799 2410 rubricat

1061 2432 1105 2463 Dc
1127 2433 1355 2465 terminatione
1374 2442 1563 2473 cansarum7
1585 2432 1688 2475 capite
1711 2441 1795 2471 mv,

1061 2485 1250 2528 disponitur,
1267 2487 1352 2529 quod
1367 2496 1480 2519 causae
1495 2485 1618 2529 primae
1633 2485 1799 2517 instantiae

1099 2567 1106 2591 t
1133 2565 1167 2593 De
1188 2566 1237 2593 bac
1258 2574 1287 2593 re
1308 2566 1366 2593 vide
1382 2566 1470 2593 Const.
1489 2566 1673 2592 LxxxnClem.
1693 2566 1750 2591 ΥΙΙΙ
1773 2566 1797 2591 in

1061 2613 1123 2636 tom.
1148 2618 1177 2644 x,
1200 2618 1260 2645 pag.
1279 2611 1327 2637 104
1351 2615 1375 2636 ct
1400 2614 1483 2637 const.
1510 2609 1629 2637 eiusdem
1646 2616 1713 2642 cxx,
1730 2609 1794 2636 ibid.

1059 2662 1118 2689 pag.
1139 2653 1191 2681 ‘235
1206 2655 1242 2689 (a.
1254 2656 1299 2687 τ.),

1821 240 1909 267 An.C.
1935 241 2000 268 1610

1856 663 1950 683 Pontifex
1966 664 2010 683 tlic-

1824 696 1920 710 saurarm
1947 696 2009 714 Rene·

1824 717 2012 738 ralieasdeciden-

1824 744 1861 764 das
1870 744 2011 765 commiserat.

1851 1148 1888 1171 Qui
1899 1146 2008 1167 confirma-

1825 1175 1850 1195 ti<
1893 1174 2008 1199 praedictis

1839 1202 1940 1226 rivilegns
1957 1206 2007 1220 non-

1823 1229 1890 1248 nullas
1926 1227 2008 1247 addidit

1824 1256 1986 1276 declarationes.

1878 2370 1999 2394 Sequuntur

1816 2396 1969 2416 nectat-anone-
