2227 3241
227 283 274 308 An.
293 282 321 308 c.
341 281 409 310 1610
455 273 518 307 632

219 344 254 365 dia
276 344 302 365 ad
327 345 401 365 decon-

217 377 272 391 nium
302 371 402 392 solvenda

217 403 262 418 esse
278 398 379 419 declarat.

276 1441 319 1462 Non
336 1444 402 1462 teneri

219 1474 267 1488 voro
280 1475 317 1494 pro
328 1475 403 1493 expen-

218 1501 246 1514 sis
255 1496 402 1516 camellariae.

241 1814 297 1835 Idem
308 1814 401 1834 deciara-

219 1843 252 1861 tur
267 1846 278 1860 a
294 1841 401 1862 Pontificci

419 331 491 363 nius
505 331 673 374 episcopus
688 332 908 373 ,anglone-usis,
921 337 995 364 tunc
1008 333 1092 376 apud
1107 332 1158 366 bo-

419 394 477 416 nae
500 383 673 416 momoriae
692 384 928 417 Ferdiuandum
944 384 1041 428 ipsius
1054 384 1157 418 Cosmi

422 436 526 478 magni
553 436 641 469 ducis
663 437 852 477 genitorem,
877 437 970 470 etiam
990 437 1157 470 lletruriae

418 489 476 521 sibi
516 489 676 522 subiectae
709 500 858 531 magnum
889 490 1003 523 ducem
1025 517 1032 529 ‚
1068 490 1158 524 Sedis

419 541 619 585 Apostolicae
639 542 786 584 nuncius,
799 543 1009 585 cognovisset,
1026 544 1157 577 faculta-

420 601 481 627 tem
515 595 670 628 laieorum
707 596 853 640 expensis
888 597 1076 630 necessariis
1101 609 1157 631 seu

420 648 550 680 utilibus
579 659 744 691 aggerum,
780 650 992 687 fossatorum,
1018 651 1154 693 viarum,

418 701 690 744 aquaeductuum,
704 708 730 734 et
745 713 900 746 aquarum
920 703 1157 745 diversionem',

419 764 475 796 per
496 754 648 787 officiales
671 765 725 788 seu
756 756 927 799 deputatos
952 757 991 790 ad
1017 756 1155 790 osticium

418 807 607 840 fossatorum
635 808 768 841 civitatis
787 809 920 842 Pisanae
948 809 978 842 in
1000 810 1158 852 districtu,

419 860 604 901 territorio,
634 872 670 894 ac
706 862 859 895 comitatu
890 863 993 897 dictae
1025 864 1158 898 civitatis

418 915 580 957 faciendis,
601 927 664 950 non
679 917 836 958 sufficere,
863 918 983 951 clerum
1007 925 1068 952 tam
1090 929 1158 953 sae-

418 968 558 1001 cularem
585 980 680 1013 quam
712 971 892 1013 regularem
908 998 916 1012 ,
940 982 1158 1016 personasque

419 1021 648 1055 ecclesiasticas
662 1029 835 1067 exemptas,
857 1030 886 1057 et
899 1024 1015 1058 milites
1029 1025 1158 1059 Militiae

419 1074 519 1108 sancti
541 1075 704 1119 Stephani,
722 1077 846 1110 ratione
862 1077 1021 1110 bonorum
1035 1088 1092 1122 per
1104 1088 1157 1112 eos

420 1127 449 1159 in
472 1127 645 1169 territorio,
669 1129 815 1162 districtu
834 1136 864 1163 et
889 1130 1042 1163 comitatu
1066 1142 1158 1174 prae-

419 1180 510 1213 dictis
530 1191 762 1224 possessorum,
787 1183 965 1216 subsidium
988 1183 1080 1216 dictis
1105 1195 1156 1217 ex-

419 1234 524 1277 pensis
537 1235 575 1267 ad
593 1236 783 1269 decennium
799 1242 873 1270 tune
886 1237 1067 1281 proximum
1084 1248 1159 1271 con-

420 1288 501 1321 ferre
526 1300 618 1332 posse
639 1295 670 1322 et
690 1290 819 1329 debere,
851 1291 1041 1324 auctoritaie
1067 1302 1159 1335 apos·

420 1342 513 1375 tolie-21
533 1343 605 1376 ‘sibi
643 1344 681 1376 ad
718 1344 747 1377 id
780 1344 963 1388 specialiter
991 1345 1158 1388 delegata,

419 1396 573 1429 concessit
597 1402 624 1429 et
647 1398 829 1431 declaravit.

463 1451 479 1491 ἓ
501 1449 530 1482 2.
555 1450 661 1483 Voluit
675 1457 779 1484 tamen
802 1458 832 1484 ct
853 1452 1001 1493 decrevit,
1026 1453 1159 1495 elerum,

418 1503 647 1537 ecclesiasticas
673 1515 836 1548 personas,
862 1511 891 1538 et
917 1506 1035 1540 milites
1059 1517 1156 1550 prae-

418 1556 519 1590 dit-,tos
543 1558 581 1590 ad
607 1558 730 1602 aliquas
756 1570 909 1603 expensas
936 1560 1157 1594 ministrorum

418 1610 492 1644 dicti
522 1611 635 1650 officii,
656 1623 806 1645 eorumve
832 1614 1053 1655 cancellariae,
1070 1615 1157 1648 ordi-

418 1664 521 1697 narias
547 1665 593 1697 vel
626 1666 916 1707 extraordinarias,
947 1668 1034 1700 nullo
1062 1669 1158 1701 modo

420 1717 532 1758 teneri,
554 1725 584 1751 ct
604 1716 691 1759 alias,
708 1726 803 1763 prout
829 1720 920 1753 latius
943 1720 971 1752 iu
994 1720 1080 1753 dicto
1101 1722 1156 1754 de-

418 1777 505 1804 creto
524 1771 639 1804 dicitur
656 1772 824 1805 contineri.

463 1826 480 1866 g
500 1823 530 1857 3.
548 1825 623 1857 Cum
644 1831 760 1867 autem,
778 1825 859 1859 sicui
877 1826 987 1859 eadem
1003 1828 1157 1872 expositio

418 1877 656 1920 subiungebat,
688 1879 927 1923 praedictorum
966 1880 1157 1914 fossatorum

419 1931 558 1964 officium
584 1937 716 1976 propter
741 1943 894 1976 expensas
915 1933 1109 1967 necessarias
1127 1940 1158 1968 et

419 1985 511 2018 utiles
531 1985 684 2019 hactenus
705 1986 802 2019 saetas
823 1997 917 2029 grave
941 1998 992 2020 aes
1017 1987 1156 2021 alienum

418 2038 456 2070 ad
478 2049 636 2071 summam
664 2051 715 2072 sex
747 2040 881 2072 millium
912 2047 1075 2074 scutorum
1107 2052 1156 2075 as-

419 2091 556 2123 cendens
582 2092 790 2134 contraxerit,
816 2103 978 2137 novasque
1004 2104 1157 2138 expensas

420 2144 449 2176 in
472 2144 539 2177 dies
565 2145 667 2177 sat-erc
700 2151 854 2187 cogatur,
878 2152 908 2179 et
935 2157 970 2179 ex
1002 2147 1157 2181 relatione

418 2198 608 2231 venerabilis
638 2199 742 2231 fratris
771 2200 897 2233 Salustii
923 2200 1156 2245 archiepiscopi

419 2251 561 2285 rismum
589 2253 844 2295 cognoverimus,
872 2264 934 2287 non
961 2255 1063 2287 solum
1091 2265 1157 2288 eas-

418 2304 489 2337 dem
512 2316 633 2345 causas,
658 2316 692 2338 ex
713 2306 830 2349 quibus
854 2306 1006 2340 Ascanius
1029 2307 1153 2351 episco-

418 2369 475 2401 pus
496 2364 523 2391 et
546 2358 682 2392 nuncius
696 2359 898 2402 praeedictus
915 2360 954 2393 ad
973 2361 1154 2394 conceden-

418 2411 492 2443 dum
514 2416 544 2443 et
562 2411 811 2452 decernendum,
830 2417 860 2444 ut
885 2413 1075 2456 praefertur,
1095 2424 1158 2446 mo-

419 2470 466 2496 tus
485 2464 554 2505 suit,
578 2465 632 2497 sed
654 2464 750 2498 etiam
774 2465 910 2498 maiores
931 2465 990 2499 hoc
1014 2472 1158 2510 tempore

419 2517 544 2559 vigere·⁷
567 2518 685 2551 idcireo
710 2518 996 2563 supplicationilms
1014 2520 1158 2554 eiusdem

1004 285 1098 309 BULLA
1106 285 1180 310 tuum
1208 286 1357 311 ROMANUM

1194 333 1300 366 clerus
1326 338 1400 376 tam,
1425 335 1598 369 saecularis
1633 347 1727 381 quam
1760 339 1926 381 regularis,

1192 396 1414 431 personaeque
1439 388 1672 422 ecclesiastieae
1698 390 1791 423 etiam
1824 402 1930 425 exem-

1192 445 1285 483 ptae,
1308 449 1345 473 ac
1366 440 1481 473 milites
1504 441 1603 475 sancti
1629 442 1793 486 Stephani,
1809 444 1932 478 ratione

1192 492 1350 526 bonorum
1372 503 1429 536 per
1449 503 1504 526 eos
1525 493 1556 527 in
1581 495 1762 538 territorio,
1777 496 1930 530 comitatu

1192 550 1223 578 et
1248 545 1391 579 districtu
1412 546 1514 580 dictae
1537 547 1670 581 civitatis
1694 559 1928 592 possessorum,

1191 598 1369 632 subsidium
1405 600 1443 633 ad
1477 600 1669 634 decennium
1704 602 1887 646 proximum
1914 613 1932 636 a

1192 651 1265 684 data
1278 652 1496 695 praesentium
1515 654 1768 697 computandum
1788 655 1885 688 modo
1902 660 1934 688 et

1193 704 1295 737 forma
1308 705 1339 737 in
1355 705 1483 738 decreto
1501 705 1576 739 dieti
1590 706 1714 739 Ascanii
1735 707 1876 752 episcopi
1902 714 1933 742 et

1192 758 1301 791 nuncii
1326 759 1532 803 praescriptis
1547 787 1554 800 ‚
1582 766 1612 793 et
1632 760 1717 794 iuxta
1738 760 1821 794 illius
1841 767 1932 795 teno-

1193 821 1272 852 rem,
1299 812 1465 853 conferre,
1489 823 1526 845 ac
1551 812 1703 847 officiales
1736 819 1767 847 et
1791 814 1933 858 deputati

1192 864 1346 908 praedicti
1360 865 1540 898 subsidium
1558 866 1755 909 huiusmodi,
1777 867 1861 901 dieto
1878 867 1934 901 de-

1193 917 1307 951 cennio
1327 918 1473 959 durante,
1501 919 1603 953 libere
1623 929 1659 954 ac
1682 922 1747 954 tuta
1769 921 1934 955 conscien-

1193 971 1234 1003 tia
1256 971 1383 1014 exigere
1405 972 1538 1016 possint,
1566 982 1743 1018 omnesque
1768 973 1807 1008 de
1831 974 1930 1016 clero,

1193 1030 1255 1056 tam
1277 1025 1431 1058 saeculari
1452 1036 1547 1069 quam
1568 1026 1707 1069 regulari
1729 1054 1736 1067 ‚
1756 1038 1932 1071 personae-

1192 1088 1255 1120 que
1272 1077 1502 1111 ecclesiasticae
1522 1084 1552 1112 et
1576 1086 1741 1124 exemptae
1755 1107 1762 1121 ,
1790 1091 1826 1114 ac
1851 1080 1934 1114 mili-

1193 1135 1239 1163 tes
1259 1130 1358 1164 saneti
1376 1131 1539 1175 Stephani,
1562 1132 1687 1166 ratione
1707 1132 1880 1175 bonorum,
1897 1140 1934 1168 ut

1192 1184 1383 1227 praefertur,
1407 1195 1464 1229 per
1484 1195 1538 1218 eos
1567 1191 1597 1219 et
1625 1195 1736 1220 eorum
1758 1186 1935 1231 quemlibet

1192 1247 1427 1280 possessorum,
1450 1239 1489 1272 ad
1508 1238 1699 1273 solutionem
1715 1239 1848 1273 subsidii
1862 1241 1932 1283 cogi

1193 1296 1224 1324 et
1251 1291 1401 1335 compelli
1426 1291 1549 1326 valeant
1565 1320 1572 1333 ,
1597 1293 1772 1337 apostolica
1796 1293 1934 1327 auctori-

1196 1350 1268 1385 tate,
1294 1351 1403 1378 tenore
1423 1346 1651 1389 praesentium,
1677 1347 1884 1380 concedimus
1904 1353 1935 1381 et

1194 1398 1407 1431 decernimus.
1425 1399 1579 1433 Volumus
1597 1401 1831 1444 autem,‚qu0d,
1849 1401 1934 1434 iuxta

1194 1451 1269 1485 dicti
1295 1452 1413 1485 decreti
1441 1457 1596 1494 tenorem,
1631 1454 1755 1494 clerus,
1779 1446 1930 1488 ccclesia-

1193 1504 1354 1548 stieaeque
1381 1515 1559 1549 personae,
1584 1516 1619 1539 ac
1637 1506 1752 1540 milites
1776 1507 1933 1550 praedicti

1193 1558 1232 1591 ad
1254 1558 1377 1602 aliquas
1394 1569 1546 1603 expensas
1560 1559 1713 1593 ministris
1727 1560 1802 1593 dieti
1820 1560 1929 1602 officii,

1194 1622 1344 1645 eorumve
1362 1613 1583 1653 cancellariae,
1611 1613 1790 1647 ordinarias
1807 1615 1854 1648 vel
1875 1625 1927 1648 ex-

1194 1665 1424 1698 traordinarias
1442 1666 1530 1699 millo
1548 1667 1644 1699 modo
1660 1673 1839 1707 teneantur;

1238 1718 1297 1760 gli.
1314 1719 1469 1763 Quodque
1486 1720 1608 1752 exactio
1626 1720 1758 1754 subsidii
1776 1721 1930 1764 praedicti

1192 1782 1250 1816 per
1283 1772 1435 1805 vicarium
1468 1782 1527 1816 pro
1569 1778 1713 1817 tempore
1746 1774 1929 1808 existentem

1193 1824 1425 1869 archiepiscopi
1459 1825 1562 1858 Pisani
1584 1853 1590 1866 ,
1625 1825 1773 1870 illiusque
1810 1827 1931 1860 curiam

1193 1882 1328 1915 tantum,
1353 1878 1529 1921 apostolica
1550 1878 1739 1912 auctoritate
1761 1879 1815 1912 fiat
1835 1885 1866 1912 et
1885 1880 1932 1913 di-

1192 1931 1250 1964 ctis
1277 1931 1466 1965 officialibus
1494 1942 1549 1965 seu
1579 1932 1738 1976 deputatis
1766 1933 1933 1976 consigne-

1193 1989 1258 2017 tur:
1284 1984 1336 2028 qui
1359 1985 1489 2029 quidem
1511 1985 1673 2025 officiales,
1697 1996 1752 2019 seu
1774 1986 1929 2030 deputati,

1192 2047 1370 2081 eorumque
1405 2038 1542 2071 ministri
1578 2038 1677 2071 libros
1709 2038 1870 2072 rationum
1902 2044 1933 2072 et

1191 2097 1417 2135 computorum
1444 2091 1531 2124 dicto
1562 2091 1680 2125 vicario
1711 2097 1741 2125 et
1770 2092 1932 2126 archidia-

1192 2155 1273 2177 cono
1292 2145 1444 2178 ecclesiae
1458 2145 1600 2185 risanae,
1617 2156 1742 2183 necnon
1757 2145 1857 2189 priori
1879 2146 1932 2179 do-

1193 2209 1262 2232 mus
1282 2198 1408 2232 Ordinis
1427 2199 1559 2231 fratrum
1581 2199 1737 2232 Minorum
1760 2200 1798 2232 de
1818 2199 1932 2233 Obser-

1193 2252 1295 2285 vantia
1309 2252 1441 2286 Pisanae
1455 2252 1610 2286 dioecesis
1623 2252 1816 2297 praedictae,
1828 2258 1859 2286 et
1872 2264 1932 2297 pro

1193 2312 1336 2350 tempore
1362 2306 1578 2347 existentibus,
1600 2317 1655 2340 seu
1673 2307 1783 2352 saltem
1806 2307 1932 2340 duobus

1192 2370 1228 2392 ex
1249 2359 1321 2400 illis,
1345 2369 1482 2404 quorum
1512 2360 1592 2393 alter
1620 2370 1747 2404 semper
1771 2359 1811 2393 sit
1830 2360 1932 2393 dictus

1192 2413 1292 2457 prior,
1316 2413 1464 2446 exhibere
1480 2418 1658 2453 teneantur,
1679 2423 1715 2445 ex
1729 2412 1844 2456 quibus
1861 2412 1932 2446 sub-

1192 2466 1329 2506 sidium,
1358 2477 1416 2510 per
1444 2466 1546 2499 dictos
1571 2466 1691 2499 clerum
1724 2470 1755 2498 et
1778 2464 1868 2505 alios,
1897 2470 1931 2498 ut

1193 2531 1300 2563 supra,
1313 2519 1595 2560 contribuendum,
1609 2518 1764 2561 dignosci,
1785 2527 1931 2561 compre-

1940 291 1988 318 An.
2007 292 2034 318 C.
2057 291 2129 320 1810

1979 1717 2065 1738 Exacuo
2080 1723 2117 1744 per

1959 1744 2114 1771 archiepiscopi

1962 1770 2069 1792 Vicat-ium
2096 1773 2118 1792 et

1961 1797 2007 1818 eius
2036 1797 2116 1818 curiam

1960 1823 2066 1845 facienda.

419 2570 520 2603 Cosmi
542 2571 648 2614 magni
674 2572 764 2606 ducis
796 2573 924 2606 nomine
952 2573 1044 2607 nobis
1063 2585 1160 2618 super
1194 2574 1355 2618 licndique
1372 2573 1472 2617 possit
1486 2583 1544 2617 pro
1563 2572 1725 2606 exactione
1742 2577 1853 2604 contra
1866 2581 1930 2613 eos,

419 2624 479 2656 hoe
504 2624 667 2658 humiliter
692 2626 847 2669 porrectis
874 2626 1038 2665 inclinati,
1071 2628 1158 2671 quod
1193 2633 1227 2661 ut
1244 2628 1434 2671 praefertur,
1459 2626 1613 2659 facienda.
1967 2668 2130 2692 Obmminw

457 2687 464 2711 t
490 2685 534 2711 Vel
547 2686 654 2720 legend.
667 2687 875 2722 dirersionum,
888 2688 927 2715 vel
938 2688 1034 2723 adpro
1044 2688 1156 2723 ct(n.'r).
1237 2682 1253 2723 ξ
1268 2679 1297 2713 5.
1314 2680 1382 2714 Non
1397 2679 1596 2713 obstantibus
1617 2677 1836 2712 Lalel'anenSiS
1853 2687 1929 2712 (ΣΟΠ-
1943 2695 1977 2717 lit.
