2227 3241
69 239 121 266 An.
140 238 169 265 C.
186 236 256 265 1603

97 513 193 534 Panna-1
204 518 254 533 nuu-

85 541 104 560 in
137 542 254 566 apostolica

71 567 191 588 huiusmodi

52 616 60 617 ἶ
71 594 153 618 gauium
162 596 255 614 comunt·

108 2430 200 2459 Damnat
215 2438 264 2453 con-

81 2460 159 2480 trariis.

877 234 1014 258 CLEMENs
1039 233 1096 258 vm
1121 235 1167 257 PP.

269 285 386 320 valoris
410 285 440 318 in
470 285 661 329 proprietate
686 283 772 317 mille
797 282 1010 316 ducentorum

270 339 482 383 quadraginta
501 338 696 372 florenorum
723 337 885 380 assignare
909 336 1012 369 inten-

271 393 357 432 dant,
380 393 403 424 si
426 398 607 436 opportuna
635 391 675 425 ad
702 391 763 424 hoc
780 391 825 424 eis
849 395 957 423 nostra
980 395 1010 422 et

270 446 471 489 Apostolicae
495 445 586 479 Sedis
606 444 734 478 licentia
754 444 955 487 suffragetur.

315 500 329 543 ἓ
354 499 384 532 ⁶2.
405 499 508 538 Quare
525 499 617 533 nobis
648 497 810 532 humiliter
837 496 1011 540 supplicari

219 574 255 586 m·-
270 554 423 593 fecerunt,
440 558 473 585 ut
489 553 520 585 in
539 550 722 596 praemissis
738 556 917 595 opportune
930 561 1008 594 pro—

271 606 379 640 videre
408 606 446 639 de
472 605 670 648 benignitate
694 604 867 649 apostolica
901 603 1011 647 digna-

270 671 390 694 remur.
423 660 486 693 Nos
512 659 612 702 igitur
638 669 747 692 eorum
781 658 942 692 desiderio
975 668 1011 691 ac

271 714 420 759 precibus
453 712 589 756 benigne
616 718 812 752 annuentem,
839 717 870 745 et
898 722 1010 746 eorum

272 766 449 811 quemlibet
474 777 492 798 a
515 765 679 811 quibusvis
706 765 1010 800 excommunicatio-

271 821 333 863 nis,
349 819 566 865 suspensionis
580 826 611 854 et
624 819 797 861 interdicti,
811 819 946 863 aliisque
960 829 1011 854 ec-

272 874 456 909 clesiasticis
473 874 650 914 sententiis,
665 873 810 907 censuris
826 879 857 907 et
869 874 980 918 poenis
994 884 1011 906 a

271 928 341 962 iure
366 928 410 966 vel
424 928 463 962 ab
483 928 612 961 homine
641 927 752 972 quavis
776 927 944 960 occasione
964 927 1011 960 vel

272 992 367 1015 causa
391 981 472 1022 latis,
489 981 514 1014 si
532 982 649 1025 quibus
662 980 905 1025 quomodolibet
920 981 1012 1014 inno-

273 1035 366 1069 datus
395 1035 518 1075 existit,
548 1034 587 1068 ad
622 1035 770 1069 effectum
795 1034 1011 1079 praesentium

273 1088 438 1122 dumtaxat
466 1088 731 1132 consequendum
749 1116 756 1129 ,
788 1089 903 1122 harum
932 1088 1012 1121 serie

273 1142 472 1176 absolventes
496 1147 527 1175 et
542 1141 723 1176 absolutum
741 1143 807 1175 fore
833 1148 1009 1183 censenteS,

273 1195 457 1230 huiusmodi
475 1195 762 1240 supplicationibus
780 1196 936 1237 inclinati,
952 1196 1013 1229 fra-

274 1249 413 1283 ternitati
431 1254 502 1282 tuae
515 1259 570 1293 per
586 1254 770 1294 praesentes
783 1249 1014 1283 committimus

275 1309 306 1337 et
319 1303 508 1337 mandamus
525 1309 694 1348 quatenuS,
706 1302 788 1336 veris
805 1302 1014 1337 existentibus

275 1356 501 1400 praenarratis,
519 1361 550 1389 et
575 1356 745 1390 accedente
769 1357 899 1400 parochi
916 1362 947 1390 et
971 1357 1014 1389 al-

275 1408 373 1442 terius
398 1409 630 1452 cuiuscumque
650 1408 682 1441 in
711 1409 895 1452 praemissis
928 1409 1011 1442 inte-

275 1472 360 1496 resse
380 1462 526 1496 habentis
546 1472 715 1503 consensu,
735 1467 766 1495 et
786 1462 868 1495 sacta
887 1472 945 1506 per
969 1462 1015 1495 di-

274 1520 341 1549 ctos
360 1514 601 1549 universitatem
627 1520 658 1548 et
675 1515 821 1549 homines
838 1522 894 1549 aut
922 1515 1012 1556 alios,

275 1579 412 1612 quorum
437 1568 593 1610 intererit,
613 1568 828 1612 assignatione
848 1569 924 1602 dicti
944 1569 1014 1602 red-

275 1622 360 1656 ditus
381 1616 479 1656 annui
497 1628 660 1657 scutorum
677 1623 807 1667 triginta
831 1624 939 1664 unius,
961 1630 1016 1658 aut

274 1677 385 1711 solutis
402 1688 460 1721 per
472 1688 526 1711 eos
539 1676 667 1710 florenis
681 1677 767 1710 mille
781 1677 926 1711 ducentis
939 1688 1016 1721 qua-

274 1730 421 1774 draginta
445 1730 573 1764 illarum
602 1730 756 1774 partium,
778 1743 861 1775 quae
889 1732 920 1765 in
952 1743 1017 1765 em·

275 1785 418 1829 ptionem
437 1785 550 1819 similis
568 1796 694 1826 census,
710 1792 763 1818 aut
782 1785 926 1819 redditus
944 1797 1016 1830 per-

275 1839 377 1883 petui,
392 1839 439 1873 vel
452 1840 610 1873 bonorum
624 1838 786 1872 stabilium
804 1839 907 1873 eidem
925 1850 1018 1884 paro-

276 1893 369 1928 chiali
387 1893 541 1928 ecclesiae
560 1893 699 1933 utilium,
712 1893 842 1926 arbitrio
854 1898 908 1927 tuo
922 1893 1017 1927 unico

277 1954 427 1983 contextu
447 1953 684 1988 convertantur,
703 1949 867 1981 universos
892 1953 923 1982 et
946 1948 1015 1981 sin-

277 2003 368 2046 gulos
388 2002 530 2035 eiusdem
549 2001 740 2046 parochialis
759 2001 911 2035 ecclesiae
924 2011 1018 2045 paro-

277 2055 410 2089 chianos
435 2066 451 2088 a
465 2055 624 2089 solutione
639 2055 836 2089 decimarum
851 2055 1019 2089 occasione

277 2109 441 2143 fructuum
462 2108 627 2150 arborum,
647 2119 809 2153 raparum,
839 2109 967 2152 canapis
989 2114 1019 2142 et

277 2162 333 2196 lini
356 2168 385 2196 ct
399 2161 563 2203 similium,
583 2162 773 2196 auctoritate
801 2168 911 2195 nostra
935 2173 1016 2206 apo-

277 2216 400 2256 stolica,
422 2220 575 2260 perpetuo
600 2215 715 2249 liberes
732 2222 763 2249 et
784 2215 914 2255 eximas,
931 2226 965 2248 ac
983 2216 1020 2248 li-

277 2269 372 2304 beros
390 2276 420 2303 et
436 2275 600 2314 exemptos
610 2269 760 2313 deinceps
771 2270 836 2303 fore
851 2269 1016 2311 decernas,

279 2324 321 2358 ita
342 2323 428 2368 quod
447 2324 495 2357 ius
514 2323 657 2367 exigendi
676 2323 858 2356 huiusmodi
880 2322 1020 2357 decimas

280 2377 311 2411 in
328 2377 426 2411 laicos
442 2378 625 2410 nullatenus
643 2378 866 2410 transferatur.

324 2431 385 2474 §3
415 2431 482 2465 Non
508 2430 721 2469 obstantibus,
750 2436 908 2474 quatenus
941 2440 1020 2473 opus

279 2485 330 2526 sit,
357 2484 455 2518 felicis
484 2483 716 2518 recordationis
742 2483 829 2516 Pauli
863 2483 1019 2525 Secundi,

280 2544 312 2572 et
331 2538 467 2572 aliorum
488 2539 706 2572 Romanorum
727 2537 918 2571 Pontificum
936 2548 1021 2581 prae-

282 2591 486 2626 decessorum
511 2598 694 2626 nostrorum
725 2591 764 2624 de
790 2591 883 2624 rebus
908 2591 1018 2624 Eccle-

282 2646 348 2680 siae
364 2656 429 2680 non
445 2646 632 2688 alienandis,
655 2645 787 2690 aliisque
812 2644 1022 2680 constitutio-

1707 221 1745 254 “21
1796 231 1845 257 An.
1862 229 1892 257 C.
1914 229 1982 257 ¹603

1045 282 1140 315 nibus
1172 287 1203 315 et
1235 281 1493 315 ordinationibus
1522 279 1715 324 apostolicis,
1749 290 1785 313 ac

1046 335 1149 369 dictae
1166 335 1329 375 ecclesiae,
1347 335 1440 368 etiam
1460 334 1653 374 iuramento,
1668 333 1784 366 confir-

1047 388 1185 421 matione
1210 388 1397 432 apostolica,
1432 389 1478 421 vel
1504 387 1615 430 quavis
1636 387 1784 420 firmitate

1045 442 1105 475 alia
1123 441 1423 482 roboratis‚sta1utis
1438 448 1465 475 et
1482 440 1783 480 consuetudinibus,

1046 494 1244 538 caeterisque
1262 495 1430 528 contrariis
1447 494 1716 539 quibuscumque.

1089 549 1204 582 Datum
1238 549 1358 583 Romae
1386 549 1470 593 apud
1502 549 1532 585 S,
1550 550 1701 590 Marcum,
1726 548 1786 582 sub

1046 602 1165 635 annulo
1194 602 1374 638 Piscatoris‚
1404 602 1454 635 die
1471 611 1549 635 xvnt
1579 602 1645 635 iulii
1668 611 1784 643 unctu,

1045 656 1250 700 pontificatus
1271 656 1370 689 nostri
1393 667 1477 689 anno
1497 666 1551 689 ΧΠ.

1081 718 1139 746 Dat.
1157 718 1202 746 die
1220 719 1251 746 18
1271 718 1326 745 iulii
1345 718 1425 753 1603,
1443 723 1517 754 pont.
1538 727 1581 746 au.
1599 725 1646 746 xn.

1349 899 1482 933 CCCXX.

1049 1005 1186 1046 Quando
1212 1005 1355 1039 Iocorum
1380 1005 1556 1040 ordinarii
1578 1006 1789 1049 regularibus

1093 1069 1260 1102 licentiam
1271 1069 1397 1112 possint
1411 1069 1579 1112 impertiri
1597 1080 1694 1102 novos
1715 1079 1789 1102 cou-

1092 1137 1205 1164 ventus
1225 1131 1433 1165 construendi
1449 1137 1467 1164 ¹.

1257 1221 1392 1248 Clemens
1409 1208 1488 1255 Papa
1499 1221 1579 1254 vm,

1197 1275 1234 1302 ad
1248 1276 1383 1303 futuram
1397 1275 1443 1303 rei
1462 1275 1646 1303 memoriam.

1837 1363 1918 1383 (jamne
1930 1363 1990 1382 buin—

1093 1356 1250 1395 Quoniam
1272 1355 1310 1388 ad
1331 1356 1510 1390 institutam
1532 1356 1726 1400 regularium
1745 1356 1792 1390 lo·
1864 1390 1990 1410 mmm·

1050 1419 1161 1443 corum
1177 1416 1207 1442 et
1220 1419 1430 1454 personarum
1445 1409 1703 1443 reformationem
1717 1421 1791 1453 pro·
1805 1405 1845 1437 his·
1897 1403 1916 1409 ”
1937 1404 1942 1409 ⁴

1050 1463 1239 1497 movendam
1257 1470 1289 1497 et
1301 1463 1554 1498 conservandam
1574 1463 1711 1496 maxime
1725 1475 1792 1508 per-

1048 1517 1137 1557 tinet,
1161 1521 1196 1550 ut
1213 1517 1246 1550 in
1260 1517 1442 1560 quibusque
1463 1517 1612 1550 domibus
1630 1522 1660 1550 et
1680 1527 1791 1550 mona-

1048 1569 1151 1604 steriis
1176 1569 1202 1603 is
1219 1575 1344 1604 tantum
1365 1580 1520 1604 numerus
1538 1570 1789 1614 Religiosorum,

1049 1623 1103 1668 qni
1134 1623 1303 1658 commode
1328 1623 1447 1657 ibidem
1474 1624 1512 1656 ali
1536 1624 1647 1668 possit,
1684 1624 1790 1658 conti-

1048 1683 1175 1717 neatur,
1194 1688 1230 1710 ac
1258 1687 1294 1711 eo
1319 1677 1440 1721 pariter
1468 1683 1590 1721 spectat
1613 1677 1697 1710 utin
1722 1677 1793 1721 qui-

1048 1731 1174 1775 busque
1198 1731 1380 1765 civitatibus
1399 1736 1430 1765 et
1446 1731 1525 1765 locis
1549 1741 1649 1764 novae
1677 1731 1793 1765 domus

1049 1791 1080 1819 et
1097 1785 1303 1825 monasteria,
1319 1785 1505 1829 pracsertim
1521 1784 1790 1826 mendicantium,

1050 1850 1114 1873 non
1132 1839 1308 1883 erigantur,
1332 1839 1392 1872 nisi
1411 1839 1442 1872 in
1460 1838 1582 1872 eisdem
1611 1838 1792 1872 civitatibus

1050 1900 1081 1928 et
1097 1892 1188 1934 locis,
1216 1893 1350 1926 aliarum
1376 1893 1544 1926 domorum
1578 1898 1609 1925 et
1633 1898 1793 1925 monaste-

1050 1948 1171 1981 riorum
1194 1948 1224 1980 in
1243 1946 1288 1980 eis
1306 1946 1509 1979 existentium
1529 1945 1636 1979 habita
1655 1946 1791 1985 ratione,

1050 2000 1219 2035 commode
1237 1999 1407 2034 sustentari
1427 2010 1518 2043 posse
1537 1999 1760 2043 dignoscatur:

1096 2055 1110 2098 ξ
1130 2054 1160 2086 1.
1182 2054 1248 2088 Hac
1268 2054 1366 2098 igitur
1383 2064 1439 2087 nos
1465 2053 1722 2087 consideratione
1736 2053 1792 2086 du·
1816 2091 1819 2095 Ι
1849 2058 1993 2097 mimmii.-

1809 2088 1900 2105 truttam
1925 2085 1994 2109 llngu-

1052 2108 1106 2148 cti,
1125 2114 1155 2141 ct
1174 2107 1205 2140 in
1232 2107 1416 2151 praemissis
1440 2118 1498 2151 pro
1515 2112 1625 2141 nostro
1643 2107 1792 2151 pastorali
1809 2112 1840 2157 Ἢ

1052 2171 1186 2194 munere
1222 2166 1402 2205 opportune
1438 2160 1604 2203 providere
1634 2161 1932 2217 V⁰¹e¹¹¹es’1..·q⁵uemn.
1953 2191 1993 2210 ΠΜ

1052 2220 1140 2248 motu
1165 2214 1310 2258 proprio,
1338 2219 1368 2247 ct
1395 2225 1430 2247 ex
1449 2220 1535 2247 certa
1559 2219 1668 2246 nostra
1693 2213 1793 2246 scien·
1808 2220 1994 2265 {3323513-3250533

1053 2268 1095 2300 tia
1112 2279 1148 2300 ac
1166 2273 1290 2301 matura
1321 2267 1562 2306 deliberatione,
1592 2266 1695 2310 deque
1719 2276 1794 2310 apo·
1809 2251 1833 2291 'ri-

1052 2321 1180 2354 stolicae
1215 2320 1380 2364 potestatis
1410 2320 1630 2364 plenitudine,
1658 2330 1694 2353 ex
1721 2325 1793 2353 voto

1052 2375 1147 2408 etiam
1181 2374 1410 2409 venerabilium
1443 2375 1575 2407 fratrum
1608 2378 1792 2406 nostrorum

1052 2428 1188 2462 Sanctae
1206 2429 1371 2462 Romanae
1397 2427 1557 2461 Ecclesiae
1583 2426 1792 2459 cardinalium

1843 2112 1888 2131 ibus
1899 2114 1993 2131 constru-

1090 2518 1100 2544 1
1120 2517 1193 2544 Hanc
1209 2517 1374 2551 facultatem,
1391 2516 1454 2543 Sedi
1470 2515 1642 2551 Apostolicae
1657 2518 1734 2542 antea
1749 2522 1794 2541 rc-

1053 2566 1186 2589 servatam
1206 2570 1222 2588 a
1241 2562 1376 2590 Bonifacio
1392 2561 1449 2587 VIII
1467 2561 1491 2587 in
1509 2569 1567 2595 cap.
1586 2568 1593 2586 1
1611 2559 1644 2587 de
1660 2559 1793 2587 excessib.

1054 2607 1171 2633 Praelat.
1192 2607 1218 2632 in
1244 2607 1270 2640 6,
1292 2605 1439 2632 ordinariis
1460 2608 1551 2640 postca
1568 2604 1701 2632 concessit
1725 2604 1795 2632 Con-

1054 2652 1144 2680 cilium
1159 2652 1281 2680 Trident.
1299 2659 1365 2679 sess.
1382 2658 1442 2685 xxv,
1459 2657 1518 2686 cap.
1535 2656 1574 2677 111.
