2227 3241
276 270 324 295 An.
341 270 371 295 c.
395 268 461 295 1604
508 259 573 293 158

277 332 370 353 mensem
383 331 462 351 emis.
477 317 657 350 nitudinem
679 316 804 349 divinae
825 315 1044 358 dispositionis
1062 321 1216 359 operante

278 363 299 378 w
316 364 335 377 ιιι
351 358 462 383 ¹archiepi-

277 387 394 410 scopatum.

371 863 458 883 Exuvias

276 891 323 911 inde
339 893 459 910 controv-ei-

276 917 317 936 sias
327 916 421 937 eruin-wis
432 916 458 936 ad

276 949 297 963 se
323 944 360 963 adv
360 949 389 961 *****
393 945 414 962 at
439 945 457 962 ot

275 970 383 995 extinguit.

477 370 664 409 clementia,
697 368 819 401 meritis
846 368 920 401 licet
941 368 1139 412 imparibus,
1165 379 1215 402 as-

476 423 606 466 sumpti,
624 421 757 466 provide
775 421 1026 462 considerantes,
1044 433 1080 455 ae
1095 432 1216 455 memo-

477 476 522 508 ria
536 482 565 508 ct
583 476 692 508 animo
707 475 904 508 revolventes
925 475 1011 518 quod
1026 475 1102 509 alias
1116 475 1215 509 felicis

477 529 708 562 recordationis
728 529 901 571 Gregorius
922 529 1006 573 Papa
1027 529 1095 562 XIII
1124 539 1216 573 prae-

477 582 624 615 decessor
655 588 774 624 noster,
807 582 914 616 multis
949 583 1139 627 magnisque
1164 594 1215 616 ec-

476 635 590 668 clesiae
616 636 827 669 Bononiensis
848 647 924 679 erga
947 637 1060 670 Sedeni
1083 638 1215 680 Aposto-

476 689 570 722 licam
593 690 714 723 meritis
736 690 902 731 adductus,
925 696 983 724 etc¹
1010 688 1215 734 (Omittitur¹

475 744 648 776 narrativa
677 744 925 789 liuius-bullae,
953 744 1117 787 siquidem
1145 754 1213 776 eam

475 797 631 829 habemns
645 797 710 830 Ioco
724 798 820 830 citato
834 798 870 830 in
884 798 960 830 nott?
971 797 1013 830 acl
1024 797 1216 840 rubricam).

519 852 535 892 g
556 850 586 882 02.
608 851 681 884 Post
701 850 824 883 obitum
839 856 946 884 autem
965 850 1107 892 eiusdem
1126 862 1217 894 prac-

475 904 662 943 decessoris,
685 904 788 937 bonae
814 904 990 938 memoriae
1010 905 1213 947 Christopho-

477 968 530 990 rus
556 958 632 991 olim
658 958 942 1002 archiepiscopus,
970 964 1001 992 et
1025 969 1082 991 seu
1108 958 1214 992 dilecti

474 1011 530 1044 filii
546 1012 650 1045 clerus
665 1022 700 1044 ac
714 1012 928 1045 communitas
946 1018 976 1045 et
990 1012 1137 1045 homines
1154 1013 1215 1045 Ra-

475 1071 683 1099 vennatenses
693 1066 834 1110 (sumpta
847 1066 1027 1106 occasione,
1040 1067 1127 1110 quod
1143 1072 1217 1099 tem-

474 1129 552 1162 pore
573 1119 664 1152 datae
683 1119 842 1152 dictarum
856 1120 1048 1161 litterarum,
1066 1126 1096 1153 et
1109 1125 1213 1161 antea,

475 1173 542 1216 ipsa
557 1174 691 1206 ecclesia
706 1173 915 1206 Bononiensis
927 1173 1081 1207 ecclesiae
1099 1174 1217 1206 Raven-

474 1226 610 1266 natensi,
628 1226 778 1270 illiusque
799 1226 1042 1270 archiepiscopo
1061 1237 1120 1270 pro
1137 1233 1216 1260 tem-

477 1289 555 1322 pore
577 1279 742 1320 existenti,
771 1280 1011 1323 metropolitico
1037 1280 1128 1319 iure,
1153 1291 1216 1313 non

475 1338 583 1365 autem
602 1332 704 1365 dictae
717 1332 788 1365 Sedi
804 1332 1006 1376 Apostolicae
1022 1333 1218 1370 immediate,

475 1385 619 1418 subiecta
644 1385 812 1426 existeret,
841 1392 871 1419 et
896 1387 954 1419 sub
989 1386 1123 1420 diversis
1148 1387 1218 1420 aliis

476 1439 706 1483 praetextibus)
735 1440 773 1472 ad
799 1440 870 1484 piae
896 1440 1070 1473 memoriae
1095 1440 1217 1474 Sixtum

476 1493 595 1536 Papam
629 1494 671 1533 V,
711 1493 807 1526 etiam
839 1494 1121 1537 praedecessorem
1153 1504 1214 1527 no-

478 1552 598 1585 strum,
627 1557 794 1579 recursum
826 1546 1017 1589 habuerint,
1052 1548 1218 1591 dictasque

479 1600 598 1632 litteras
613 1600 790 1643 (tamquam
805 1601 1011 1644 subreptitias
1030 1606 1059 1633 et
1078 1600 1219 1644 obrepti-

479 1653 547 1694 tias,
573 1664 609 1686 ac
634 1660 762 1697 praeter
787 1660 927 1687 mentem
955 1660 986 1687 et
1006 1654 1217 1688 intentionem

478 1706 555 1740 dicti
583 1708 729 1750 Gregorii
750 1708 1027 1751 praedecessoris,
1061 1719 1119 1741 nec
1151 1708 1219 1741 eius

480 1766 568 1794 motu
583 1761 727 1804 proprio,
742 1762 797 1794 scd
815 1762 853 1794 ad
867 1761 1022 1794 Gabrielis
1036 1761 1219 1800 cardinalis,

479 1824 621 1847 necnon
647 1814 812 1856 regiminis
837 1820 867 1847 ct
888 1815 1024 1848 aliorum
1051 1815 1218 1857 magistra-

480 1874 568 1900 tuum
582 1868 824 1911 praedictorum
839 1879 962 1912 preces,
972 1868 1008 1901 ιἰι
1021 1868 1220 1911 graveiuris-

479 1920 639 1961 dictionis,
664 1922 939 1965 praeeminentiae
965 1928 994 1955 et
1019 1922 1219 1955 auctoritatis

480 1974 583 2008 dictae
616 1975 769 2009 ecclesiae
800 1976 1049 2009 Ravennatensis
1070 1986 1106 2008 ac
1134 1975 1220 2009 illius

479 2038 538 2071 pro
558 2034 702 2072 tempore
728 2029 889 2062 existentis
915 2029 1072 2072 praesulis
1092 2029 1220 2072 praeiu-

481 2081 600 2114 dicium
623 2086 800 2127 cmanatas)
820 2083 1022 2126 impugnare,
1043 2088 1073 2115 et
1100 2083 1220 2115 irritari

481 2141 511 2168 et
532 2136 697 2168 retractari
711 2136 815 2169 facere
830 2136 1032 2173 tentaveri1113
1054 2136 1220 2180 dictusque

480 2189 585 2222 Sixtus
599 2190 828 2233 praedecessor
848 2190 1018 2232 negocium
1036 2189 1220 2222 huiusmodi

480 2244 645 2277 nonnullis
679 2255 714 2277 ex
747 2243 846 2288 ipsius
871 2244 1034 2277 Romanae
1060 2243 1221 2277 Ecclesiae

481 2297 714 2337 cardinalibus,
747 2297 785 2330 de
814 2307 953 2340 quorum
981 2307 1118 2329 numero
1148 2302 1222 2329 tunc

481 2360 618 2390 eramus,
637 2356 664 2383 et
685 2351 790 2383 forsan
809 2349 1056 2392 Congregationi
1077 2347 1221 2393 ipsorum

481 2403 695 2436 cardinalium
717 2414 813 2447 super
833 2414 989 2436 novarum
1012 2403 1221 2436 ecclesiarum

481 2456 714 2491 cathedralium
741 2463 770 2490 et
792 2456 1112 2501 metropolitanarum
1136 2467 1223 2490 erec-

516 2594 529 2620 t
552 2592 616 2620 lleie
641 2593 706 2621 edit.
737 2593 820 2620 Main.
842 2592 940 2620 habet:
970 2592 1132 2626 Omittilur,
1159 2594 1222 2623 etc.;

483 2638 529 2665 sed
551 2639 608 2665 vide
624 2638 705 2666 etiam
721 2638 810 2665 Const.
827 2646 908 2673 supra
923 2637 1035 2665 relatam
1051 2645 1110 2672 pag.
1130 2636 1180 2663 146
1196 2635 1222 2662 Il.

484 2682 546 2709 tomi
561 2684 599 2716 (a.
616 2684 651 2713 τῇ

1052 268 1233 292 BULLARIUM
1258 267 1411 292 ROMANUM

1252 316 1404 357 tionibus,
1421 326 1457 349 ac
1475 316 1559 349 inter
1576 326 1629 349 eas
1643 321 1674 349 et
1694 316 1759 349 iam
1780 321 1855 349 tunc
1869 321 1990 350 erectas

1250 369 1400 403 ecclesias
1422 369 1636 403 incidentibus
1650 370 1876 404 controversiis
1889 371 1990 414 depu-

1252 427 1402 463 tatorum,
1424 422 1608 455 tumeliam
1629 422 1661 455 in
1682 422 1793 456 Palatii
1813 423 1990 467 Apostolici

1250 475 1412 508 auditorio
1432 475 1605 518 diligenter
1626 476 1886 517 examinandum,
1906 476 1987 509 sibi·

1250 539 1313 572 que
1339 530 1391 572 (ad
1413 529 1474 562 hoc
1500 535 1535 562 ut
1560 530 1718 573 desuper,
1751 530 1838 574 quod
1871 530 1989 563 iustum

1250 584 1342 623 foret,
1366 582 1599 626 statueretur¹)
1621 584 1825 617 referendum
1849 584 1987 617 commi-

1250 637 1338 678 serit,
1363 647 1421 673 nec
1442 637 1522 670 illud
1543 637 1698 671 hactenus
1718 637 1862 671 decisum
1883 643 1914 671 et
1933 648 1988 671 re-

1249 690 1390 723 solutum
1420 691 1530 724 fuerit:
1556 691 1726 734 quodque²
1747 691 1832 724 idem
1860 690 1988 724 arehie-

1250 744 1400 788 piscopus
1433 744 1684 777 Ravennatensis
1713 744 1809 778 etiam
1842 744 1991 778 ecclesias

1250 797 1486 830 Ariminensem
1513 803 1544 830 et
1568 797 1806 830 Ferrariensem
1835 798 1894 831 sub
1923 797 1991 831 eius

1250 850 1414 893 provincia
1426 850 1668 894 comprehendi,
1678 850 1803 894 sibique
1816 850 1865 884 ius
1877 855 1992 884 metro-

1250 903 1418 946 politicum
1441 903 1475 936 in
1494 903 1539 936 illi
1560 903 1754 947 santiquitus
1774 903 1988 948 competiisse;

1250 957 1420 1001 episcopus
1440 968 1515 991 vero
1535 957 1758 998 Ariminensis,
1776 957 1808 990 in
1827 957 1889 990 vim
1907 957 1991 991 litte-

1251 1020 1360 1042 rarum
1385 1021 1403 1043 a
1427 1011 1617 1044 recolendae
1643 1010 1820 1044 memoriae
1844 1010 1941 1044 Lucio
1966 1011 1992 1044 ΙΙ

1251 1069 1281 1096 et
1306 1064 1491 1097 Innocentio
1520 1063 1575 1105 III,
1606 1064 1760 1097 Romanis
1784 1063 1993 1097 Pontificibus

1250 1116 1398 1150 similiter
1422 1117 1725 1161 praedecessoribus
1751 1117 1885 1158 nostris,
1907 1127 1993 1151 ema-

1251 1176 1410 1211 natarum,
1439 1176 1470 1203 et
1497 1181 1554 1215 per
1574 1171 1747 1204 nonnullos
1773 1171 1852 1204 alios
1877 1172 1994 1204 Roma-

1251 1234 1309 1257 nos
1329 1224 1499 1257 Pontifices
1517 1224 1637 1268 pariter
1654 1224 1918 1268 praedecessores
1935 1235 1993 1258 no-

1251 1283 1332 1310 stros
1373 1278 1639 1311 confirmatarum
1674 1283 1705 1311 et
1740 1277 1964 1311 innovatarum
1981 1305 1988 1318 ,

1253 1331 1372 1364 dictam
1394 1331 1561 1365 ecclesiam
1587 1331 1821 1365 Ariminensem
1844 1331 1924 1364 nulli
1945 1332 1991 1365 al-

1253 1384 1311 1416 teri
1343 1384 1536 1428 metropoli,
1568 1383 1629 1417 nisi
1656 1389 1781 1417 tantum
1809 1383 1994 1427 praedictae

1251 1442 1380 1470 sanctae
1409 1438 1573 1471 Romanae
1597 1437 1756 1471 Ecclesiae
1779 1437 1920 1478 subesse,
1943 1437 1993 1470 vel

1252 1490 1348 1523 etiam
1364 1491 1395 1523 in
1412 1490 1578 1534 provincia
1597 1493 1732 1524 romana
1748 1490 1990 1534 comprehendi,

1252 1543 1402 1587 illiusque
1419 1544 1594 1587 praesules,
1614 1554 1674 1588 pro
1696 1549 1842 1588 tempore
1859 1543 1996 1577 existen-

1255 1602 1319 1637 tes,
1350 1608 1368 1629 a
1396 1597 1485 1629 nullo
1510 1607 1607 1640 quarn
1634 1607 1652 1630 a
1672 1597 1816 1630 Romano
1837 1595 1992 1630 Pontifice

1253 1661 1311 1694 pro
1327 1656 1471 1694 tempore
1486 1651 1707 1692 existente,vel
1723 1651 1761 1684 de
1776 1650 1843 1684 eius
1856 1650 1995 1691 licentia,

1253 1703 1435 1737 consecrari
1461 1704 1600 1744 debere,
1625 1710 1655 1737 et
1679 1704 1829 1737 similiter
1852 1703 1995 1748 episcopi

1254 1758 1472 1791 Ferrarienses
1486 1767 1544 1801 pro
1560 1762 1705 1801 tempore
1720 1757 1890 1791 existentes
1900 1767 1993 1802 prae-

1254 1811 1371 1844 dictam
1386 1811 1552 1844 ecclesiam
1567 1810 1818 1852 Ferrariensem,
1830 1810 1905 1844 licet
1918 1810 1996 1844 olim

1253 1865 1311 1898 sub
1325 1865 1622 1906 Ravennatensi‚vel
1636 1865 1743 1909 potius
1755 1865 1994 1907 Mediolanensi,

1254 1918 1427 1962 provinciis
1454 1919 1567 1959 ‚forsan
1596 1919 1830 1962 comprehensa
1859 1918 1992 1958 suisset,

1254 1971 1408 2015 temporis
1431 1978 1536 2005 tamen
1555 1982 1709 2016 processu
1726 1983 1743 2005 a
1761 1971 1994 2005 Ravennatensi

1254 2032 1285 2058 et
1298 2025 1526 2058 Mediolanensi
1547 2025 1720 2069 provinciis
1739 2024 1925 2059 huiusmodi
1948 2035 1998 2058 ex-

1255 2085 1407 2123 emptam,
1425 2079 1594 2122 dictaeque
1618 2078 1912 2123 SediApostolicae
1937 2078 1998 2111 im-

1256 2132 1392 2166 mediate
1406 2132 1585 2166 subiectam
1599 2132 1822 2176 praetendant,
1837 2131 1885 2165 vel
1900 2131 1996 2165 etiam

1255 2185 1318 2218 sint
1331 2186 1350 2225 ⁸,
1375 2191 1406 2219 et
1426 2186 1540 2219 exinde
1553 2196 1666 2228 graves
1680 2185 1750 2218 lites
1761 2184 1993 2225 etdiscordiae,

1256 2239 1316 2272 nisi
1346 2239 1408 2273 illis
1438 2249 1600 2282 congruae
1627 2238 1821 2283 provisionis
1850 2237 1996 2271 remedio

1256 2299 1456 2335 occurratur,
1479 2294 1652 2326 succedere
1672 2292 1811 2336 possint:
1836 2302 1872 2325 ac
1896 2301 1996 2336 prop·
2043 2328 2046 2330 ,

1260 2353 1348 2380 terea
1371 2347 1403 2380 in
1428 2346 1611 2391 praemissis
1632 2356 1691 2390 pro
1711 2346 1880 2390 pastoralis
1900 2344 1997 2378 officii

1257 2401 1357 2433 nostri
1378 2400 1488 2433 debito
1508 2399 1734 2444 providere,ac
1749 2404 1810 2432 tam
1832 2399 1998 2432 Ravenna-

1259 2454 1356 2487 tensis
1365 2464 1462 2498 quam
1474 2453 1685 2487 Bononiensis
1693 2452 1901 2486 ecclesiarum
1910 2461 2000 2496 prae·-

1294 2545 1304 2571 l
1328 2543 1437 2579 Uglielli
1452 2543 1529 2580 legit:
1551 2545 1689 2572 statueret
1707 2543 1746 2577 (a.
1762 2542 1810 2577 τ.).

1293 2589 1309 2616 2
1329 2589 1404 2616 Istud
1419 2589 1547 2624 quodque
1562 2587 1661 2624 pendet
1671 2596 1686 2615 a
1698 2587 1787 2614 verbis
1800 2587 1917 2622 provide
1932 2594 1999 2614 con-

1257 2634 1426 2662 siderantes.
1448 2633 1462 2669 §
1483 2635 1494 2660 t
1524 2634 1559 2668 (a.
1581 2634 1628 2666 T.).

1293 2680 1309 2707 3
1329 2680 1422 2716 Aptius
1438 2677 1542 2715 Ughelli
1562 2678 1613 2706 loe.
1635 2677 1680 2705 cit.
1698 2677 1763 2713 legit
1777 2678 1815 2706 sit
1829 2677 1870 2712 (n.
1886 2677 1936 2712 τ.).

2183 721 2221 1411 “szaeffl.m2:z-‘r⁴:·.=<g.:esaar-⁵2³²*&52:222
2188 443 2202 470 π·

2190 1416 2217 1475 4νέ

2203 1795 2205 1798 ,
2181 1709 2210 1786 δὲ’-,εκ
2183 1496 2215 1691 &effuxit-:22-
2183 1474 2206 1490 ²:

2178 1926 2203 1984 .·¹.·,n.v'-
2187 1870 2207 1915 ;·»JA,
2197 1851 2204 1858 ,
2189 1799 2202 1826 .·,

2186 2581 2191 2588 .
2180 2551 2203 2569 ²]
2175 2184 2209 2525 *‘'!⁴⁴«-ffiquffl¹aff9aeQ-'
2176 2147 2206 2170 με
2185 1991 2214 2139 53:⁴3⁴.
