2227 3241
60 243 109 270 An.
127 243 157 270 C.
175 240 244 269 1608

135 1852 243 1882 Clausulas

67 1881 237 1905 praeservativa<

60 1908 154 1932 apponit.

918 240 1035 264 PAULus
1055 241 1074 263 V
1094 240 1132 263 FP
1139 257 1144 262 .

259 299 315 323 seu
335 298 394 333 per
414 294 614 323 contractum
634 288 843 329 matrimonii,
867 298 921 322 seu
944 299 1000 332 per

259 343 434 386 bigamiam
456 353 706 387 quamcumque,
731 343 825 377 etiam
847 353 999 387 superve-

258 396 413 439 nientem,
437 403 491 431 aut
511 407 569 441 per
588 397 775 430 exercitium
797 395 947 435 militiae,
971 402 1001 429 et

259 461 482 496 quoscumque
499 458 588 485 actus
606 451 737 485 bellicos
758 450 882 484 clericis
902 456 932 484 et
949 460 1000 484 ec-

259 505 443 539 clesiasticis
463 505 609 549 personis
623 505 662 539 de
676 505 745 538 iure
767 511 797 538 et
816 515 874 548 per
893 514 1000 537 sacros

259 558 617 602 canones-prohibitos,
649 558 805 591 nimirum
842 557 1000 590 militares

259 612 334 655 (et¹
368 612 533 655 sanguinis
567 611 746 652 effusione,
774 611 998 644 membrorum

259 665 462 699 mutilatione
491 671 521 699 et
549 671 653 699 morte
681 665 862 699 infidelium
883 665 996 698 subse-

259 720 392 762 quuta),
416 718 551 753 minime
569 724 694 753 cessent
711 724 742 752 et
758 718 923 762 expirent,
945 724 1001 751 aut

259 778 401 807 cassatae
430 774 480 807 vel
509 774 666 808 extinctae
699 773 762 807 diei
791 779 845 806 aut
876 772 999 807 censeri

258 827 399 871 possint;
423 827 479 861 sed
500 827 560 871 ipsi
580 827 696 861 milites
715 827 944 867 nibilominus,
966 832 1017 860 ut*

258 880 366 924 prius,
389 881 560 926 pensiones
577 892 614 915 ac
634 881 775 922 fruetus,
800 881 944 915 redditus
970 887 1001 915 et

259 940 432 976 proventus
459 934 646 969 huiusmodi
674 935 842 979 percipere
872 941 902 968 et
930 934 996 968 exi-

258 996 334 1028 gere
351 988 473 1032 possint
493 994 523 1021 et
541 989 677 1029 raleant3
689 988 743 1029 εὖ,
761 989 1001 1022 dummodoba-

259 1040 360 1075 bitum
376 1042 548 1076 militarem
568 1044 683 1087 (vestes
703 1043 856 1076 nimirum
870 1043 1000 1077 laicales

259 1104 447 1129 communes
473 1107 545 1130 cum
573 1096 752 1139 insignibus
772 1097 875 1130 crucis
896 1097 1017 1138 dictae,

258 1147 386 1182 Militiae
404 1149 577 1190 consuetis,
597 1150 684 1184 iuxta
701 1150 779 1183 alias
797 1150 871 1183 dicti
887 1150 964 1183 Sixti
978 1151 999 1182 Y
1016 1144 1017 1165 ³

258 1202 515 1244 praedecessoris
532 1214 629 1247 super
646 1204 865 1237 declaratione
887 1204 999 1237 liuius-
1016 1200 1018 1234 ἶ

259 1256 346 1290 modi
365 1257 493 1291 habitus
511 1258 670 1295 militaris.
688 1258 746 1291 sub
761 1258 870 1291 datum
890 1258 1000 1291 videli-

259 1315 309 1343 cet
329 1310 431 1354 pridie
451 1312 602 1345 kalendas
621 1312 773 1345 februarii
795 1311 1000 1356 pontificatus

259 1363 306 1396 sui
328 1374 412 1397 anno
431 1374 472 1399 lv.
496 1375 579 1408 quae
600 1365 777 1409 incipiunt:
804 1365 998 1399 Pas-taralis.

259 1416 360 1450 editas
381 1417 517 1451 litteras³
537 1419 693 1459 defluant,
710 1419 821 1462 utique
841 1419 997 1451 constitu·
1016 1457 1019 1463 Ι

260 1470 350 1503 tioni‘
360 1471 502 1505 eiusdem
515 1472 591 1505 Sixti
603 1473 624 1505 Y
636 1473 894 1516 praedecessoris
906 1473 1000 1516 plene

257 1523 441 1558 satisfacere
456 1525 677 1568 intelligamur
690 1531 720 1559 et
737 1530 940 1566 censeantur]
950 1536 1001 1559 au·
1017 1524 1018 1566 ζ

259 1577 406 1611 ctoritate
426 1579 614 1623 apostolica,
636 1585 746 1613 tenore
765 1579 997 1623 praesentium,
1016 1569 1018 1609 i

258 1631 459 1666 extendimus
486 1639 516 1666 et
538 1633 741 1677 ampliamus,
766 1639 813 1673 et,
841 1638 1000 1677 quatenus

259 1694 339 1729 opus
356 1685 406 1726 sit,
427 1697 528 1730 usque
549 1687 588 1719 ad
606 1686 724 1720 dictam
746 1697 906 1720 summam
926 1678 1018 1731 qua-}

258 1738 505 1782 dringentorum
531 1740 721 1774 ducatorum
748 1740 933 1774 huiusmodi
961 1732 1018 1783 de]

258 1802 342 1826 novo
367 1793 585 1828 concedimus
1016 1786 1018 1819 l

303 1847 331 1887 ἕ.
353 1846 383 1880 G.
405 1847 619 1881 Deeernentes
638 1848 821 1882 facultatem
845 1854 872 1882 et
896 1848 1018 1883 indul-³

260 1904 327 1932 tum
342 1899 538 1942 huiusmodi,
554 1908 581 1935 et
597 1901 717 1936 litteras
731 1902 776 1935 Pii
792 1902 828 1936 IV
843 1908 872 1936 et
890 1902 966 1935 Sixti
978 1873 1018 1934 Vi

259 1954 544 1997 praedecessorum
563 1956 751 1989 eorumdem
774 1956 913 1999 desuper
933 1951 1018 2015 ⁶³³³ss

258 2012 324 2048 tas,
356 2018 392 2041 ex
422 2018 507 2042 nunc
532 2014 691 2053 perpetuo
717 2015 862 2043 extensas
883 2014 913 2042 et
934 2019 1018 2059 ain-i

258 2060 372 2104 pliatas
403 2072 471 2095 esse
499 2067 529 2095 et
557 2063 643 2102 fore;
672 2072 731 2096 nec
760 2062 937 2106 praemissa
964 2063 1018 2108 ac}

257 2121 441 2158 praesentes
454 2115 576 2149 litteras
594 2116 632 2150 de
649 2116 879 2160 subreptionis,
903 2116 999 2149 ebre-
1016 2111 1017 2129 ³

257 2167 377 2211 ptionis
398 2174 428 2202 et
447 2169 603 2202 nullitatis
626 2170 711 2207 vitio,
736 2180 790 2202 seu
813 2158 1017 2202 intentionis*

257 2226 388 2255 nostrae
416 2223 463 2255 vel
486 2223 597 2266 quovis
622 2223 685 2255 alio
714 2223 855 2262 defertu,
880 2223 995 2259 notari,
1016 2248 1017 2252 ,

259 2273 458 2318 impugnari,
488 2275 673 2316 invalidari,
703 2281 758 2309 aut
784 2277 824 2309 ad
857 2276 939 2309 viam
971 2282 997 2309 et

260 2328 414 2362 terminos
436 2328 514 2362 iuris
532 2329 659 2368 reduci,
682 2339 738 2362 seu
759 2329 910 2362 adversus
932 2329 1000 2362 illas

259 2381 491 2426 quodcumque
512 2382 610 2420 iuris,
631 2382 770 2425 gratiam
788 2382 835 2415 vel
857 2383 928 2414 faeti
954 2378 1018 2415 re-'

296 2480 305 2506 1
319 2479 419 2515 Nempe
429 2480 744 2516 etiavnmttegssurtoni.
758 2486 781 2507 ix
792 2489 817 2516 p.
832 2480 879 2507 ¹93
891 2480 905 2506 b
934 2487 999 2511 na).

294 2522 310 2550 2
330 2524 493 2552 Particulam
510 2527 536 2552 el
558 2532 606 2552 nos
632 2524 754 2551 addimus
770 2532 800 2551 ex
818 2524 861 2551 rit*
881 2525 939 2551 loro
956 2532 1001 2559 pa·
1018 2520 1019 2535 ³

262 2567 355 2596 rallelo
376 2570 415 2603 (a.
431 2570 481 2603 τ.).

296 2612 312 2640 3
331 2614 401 2644 Quas
421 2614 481 2642 vide
502 2614 527 2641 in
548 2619 611 2643 tom.
630 2622 654 2642 1x
671 2623 731 2650 pag.
747 2616 781 2642 (39
797 2622 834 2649 pn.
847 2616 894 2648 'r.).

296 2658 310 2684 ⁴
332 2657 432 2695 Nempe
447 2659 561 2687 Constit.
578 2667 647 2688 cxii,
666 2659 730 2686 ibid.
748 2667 807 2695 pag.
820 2660 853 2686 08
869 2660 906 2694 (u.
918 2667 933 2688 1·
949 2662 965 2692 ).

1035 288 1177 321 medium
1212 286 1376 331 impetrari
1397 313 1404 327 ‚
1439 291 1492 319 aut
1525 285 1623 319 etiam
1656 291 1745 318 motu
1764 312 1770 325 ,

1033 341 1166 374 scientia
1194 347 1221 373 et
1244 340 1410 384 potestatis
1438 339 1639 384 plenitudine
1659 339 1774 373 simili-

1034 395 1092 428 bus
1117 395 1250 428 concedi
1276 405 1388 438 posse,
1423 400 1478 427 aut
1503 394 1641 435 debere,
1669 404 1775 438 neque

1033 448 1092 482 sub
1118 449 1282 492 quibusvis
1311 448 1464 482 similium
1490 448 1538 482 vel
1566 447 1774 481 dissimilium

1033 502 1210 544 gratiarum
1239 502 1524 546 suspensionibus,
1556 501 1776 536 revocationi-

1035 556 1115 596 bus,
1146 555 1412 595 limitationibus,
1440 556 1577 600 aliisque
1604 555 1776 589 contrariis

1034 609 1299 654 dispositionibus
1325 620 1342 642 a
1365 610 1458 643 nobis
1483 616 1515 644 et
1535 609 1776 644 successoribus

1034 663 1173 704 nostris,
1201 674 1237 696 ac
1262 664 1342 697 Sede
1364 663 1569 707 Apostolica,
1599 663 1711 707 quavis
1736 663 1777 697 de

1035 719 1130 751 causa
1146 745 1153 758 ,
1182 717 1390 761 quantumvis
1411 717 1493 751 iusta
1508 744 1515 758 ,
1545 728 1604 761 pro
1631 723 1776 761 tempore

1035 771 1192 805 emanatis
1210 777 1240 805 et
1258 771 1447 805 emanandis
1461 771 1704 816 comprehendi,
1720 771 1776 804 sed

1034 836 1162 870 semper
1182 826 1220 858 ab
1242 825 1304 858 illis
1323 832 1482 869 exceptas,
1507 831 1535 859 et
1557 825 1682 869 quoties
1703 825 1777 858 illae

1035 879 1248 919 emanabant,
1268 879 1359 913 toties
1372 879 1404 912 in
1420 879 1590 923 pristinum
1606 885 1633 913 et
1651 880 1778 913 validis-

1035 933 1151 966 simum
1169 938 1286 966 statum
1301 932 1473 973 restitutas,
1489 933 1645 977 repositas
1663 938 1695 966 et
1709 933 1777 977 ple-

1034 986 1123 1020 narie
1142 986 1366 1028 reintegratas,
1387 997 1423 1019 ac
1444 987 1483 1019 de
1504 996 1587 1019 novo
1604 987 1699 1020 etiam
1717 986 1776 1020 sub

1034 1050 1239 1084 quacumque
1260 1039 1430 1083 posteriori
1458 1040 1549 1077 data.
1571 1049 1629 1083 per
1654 1039 1775 1073 dictum

1035 1094 1272 1127 Ferdinandum
1305 1104 1457 1136 magnum
1486 1094 1600 1127 ducem
1627 1099 1657 1127 et
1677 1093 1777 1136 magi-

1034 1154 1147 1189 strum,
1169 1155 1199 1182 et
1218 1148 1335 1181 milites
1353 1148 1457 1181 dictae
1475 1148 1608 1181 militiae
1625 1157 1684 1192 pro
1703 1154 1778 1181 tem-

1036 1212 1112 1246 pore
1131 1202 1310 1239 existentes,
1329 1201 1601 1245 quandocumque
1615 1201 1775 1244 eligenda,

1036 1266 1203 1290 concessas
1231 1266 1298 1289 esse
1336 1262 1365 1289 et
1397 1256 1542 1291 censeri:
1577 1256 1687 1300 sicque
1718 1265 1777 1299 per

1036 1320 1258 1354 quoscumque
1277 1310 1409 1349 indices,
1426 1310 1522 1343 etiam
1537 1310 1778 1344 causarumPa·

1036 1364 1101 1397 latii
1120 1363 1294 1407 Apostolici
1317 1364 1496 1401 auditores,
1516 1374 1552 1397 ac
1569 1369 1696 1397 sanctae
1717 1363 1779 1396 no-

1037 1427 1150 1450 manae
1170 1417 1330 1451 Ecclesiae.
1347 1417 1539 1458 cardinales,
1560 1417 1657 1450 etiam
1676 1416 1716 1450 de
1733 1417 1778 1449 la-

1037 1476 1101 1503 tere
1123 1471 1244 1512 legatos
1265 1476 1294 1504 et
1315 1470 1516 1514 vicelegatos,
1541 1470 1708 1514 dictaeque
1728 1470 1779 1504 Se-

1035 1524 1083 1556 dis
1101 1524 1237 1557 nuncios
1251 1524 1388 1567 (sublata
1403 1524 1448 1558 eis
1469 1530 1499 1557 et
1521 1533 1633 1557 eorum
1647 1523 1779 1557 cuilibet

1035 1577 1145 1620 quavis
1174 1577 1267 1610 aliter
1299 1577 1462 1610 iudicandi
1488 1583 1519 1609 et
1546 1577 1778 1621 interpretandi

1036 1630 1187 1664 facultate
1212 1636 1240 1663 et
1268 1631 1472 1673 auctoritate)
1494 1630 1615 1675 ubique
1641 1631 1777 1664 iudicari

1036 1690 1066 1717 et
1083 1684 1211 1718 definiri
1236 1684 1355 1718 debere
1370 1712 1377 1725 ‚
1403 1684 1529 1718 irritum
1551 1695 1681 1729 quoque
1702 1691 1733 1718 et
1753 1685 1779 1718 i-

1036 1749 1128 1777 nane,
1145 1738 1170 1772 si
1188 1748 1279 1772 secus
1297 1748 1394 1782 super
1411 1738 1459 1771 his
1477 1748 1495 1771 a
1511 1748 1686 1783 quoquam,
1704 1749 1778 1783 qua-

1036 1793 1079 1826 vis
1106 1792 1318 1833 auctoritate,
1342 1792 1479 1826 scienter
1499 1793 1547 1826 vel
1566 1792 1754 1835 ignoranter
1767 1821 1774 1834 ,

1035 1846 1207 1886 contigerit
1226 1846 1386 1880 attentari.

1080 1901 1096 1941 ξ
1119 1899 1148 1931 7.
1177 1899 1333 1938 Quocirca
1360 1900 1598 1934 venerabilibus
1626 1901 1776 1935 fratribus

1035 1953 1151 1987 nostris
1177 1954 1362 1987 Florentino
1381 1960 1411 1987 et
1428 1954 1542 1988 Pisano
1560 1955 1777 1999 arehiepisco-

1035 2007 1093 2051 pis,
1121 2018 1157 2040 ac.
1178 2007 1295 2041 dilecto
1317 2007 1384 2041 titio
1407 2018 1576 2042 causarum
1599 2009 1707 2043 curiae
1721 2009 1776 2043 Ca-

1035 2071 1143 2094 merae
1162 2061 1364 2105 Apostolicae
1386 2062 1528 2104 generali
1553 2062 1693 2096 auditori
1718 2073 1777 2107 per

1035 2114 1210 2158 apostolica
1231 2115 1348 2159 scripta
1377 2116 1590 2157 mandamus,
1619 2122 1776 2161 quatenus

1035 2168 1116 2211 ipsi,
1140 2169 1186 2201 rel
1210 2169 1285 2208 duo,
1309 2175 1361 2202 aut
1385 2179 1467 2203 unus
1488 2179 1601 2203 eorum
1617 2197 1624 2210 ,
1653 2180 1710 2213 per
1728 2180 1772 2208 se,

1036 2222 1081 2254 vel
1103 2221 1214 2260 atium,
1237 2232 1293 2254 seu
1313 2222 1404 2263 alios,
1428 2229 1614 2266 praesentes
1640 2222 1772 2263 litteras,

1016 2270 1063 2309 {et
1091 2275 1121 2308 in
1149 2276 1194 2309 eis
1220 2282 1371 2310 contenta
1400 2286 1647 2321 quaecumque,
1670 2276 1726 2309 ubi
1747 2280 1777 2310 et

1017 2362 1018 2372 ἵ
1034 2329 1164 2372 quando
1182 2339 1263 2372 opus
1281 2329 1387 2369 fuerit,
1411 2340 1446 2362 ac
1463 2329 1589 2373 quoties
1610 2339 1668 2373 pro
1684 2334 1776 2373 parte

1035 2382 1228 2415 Ferdinandi
1250 2382 1357 2423 magni
1376 2382 1477 2423 ducis,
1498 2394 1534 2415 ae
1553 2388 1728 2416 conventus
1746 2387 1776 2415 et

1035 2436 1172 2469 militum
1199 2436 1460 2479 praedictorum,
1488 2447 1544 2469 seu
1569 2436 1702 2469 alicuius
1723 2446 1776 2469 eo-

1035 2500 1106 2523 rum
1130 2490 1245 2523 fuerint
1270 2490 1437 2534 requisiti,
1458 2490 1648 2524 solemniter
1667 2489 1776 2533 publi-

1017 2549 1154 2586 fcantes,
1176 2543 1285 2588 eisque
1303 2544 1334 2576 in
1355 2543 1701 2587 praemissisefficacis
1722 2543 1777 2577 de-

1018 2600 1019 2619 l
1038 2597 1188 2631 fensionis
1207 2597 1368 2641 praesidio
1383 2597 1575 2637 assistentes,
1593 2597 1709 2630 faciant
1726 2607 1777 2630 au-

1037 2651 1182 2684 ctoritate
1201 2653 1308 2684 nostra
1333 2661 1385 2684 ees·
1411 2656 1438 2684 et
1468 2660 1578 2683 eorum
1601 2650 1775 2694 quemlibet

1679 226 1742 259 507
1789 234 1839 261 An.
1861 233 1974 261 C.1608

1833 1896 1976 1922 stamnum-22

1791 1922 1886 1949 deputat.
