2227 3241
216 310 265 336 An.
283 310 311 337 C.
332 309 397 338 1608

261 1213 359 1236 Quintum
376 1218 407 1231 vo-

226 1242 269 1260 tnm
281 1239 305 1259 tle
318 1245 358 1259 nen
367 1245 409 1258 aim-

226 1266 308 1286 biendis
319 1266 408 1291 diguita-

225 1293 281 1313 mms
296 1292 372 1313 debent
388 1298 410 1313 ε-

226 1322 316 1340 mittere.

258 1649 311 1669 Huic
328 1653 413 1674 congre-

232 1675 415 1701 gationicomniis-

231 1703 300 1723 sarius
328 1708 415 1727 genera-

232 1730 256 1750 lis
272 1731 399 1755 praem-itur.

443 300 506 333 53ss

985 304 1168 331 BULLMUUM
1188 303 1342 329 ROMANUM

416 365 490 397 tur,
515 362 588 389 ante
609 354 717 389 onmia
739 354 885 387 volumus
906 359 936 386 et
954 352 1151 391 ordinamus
1189 351 1284 394 gendi
1302 356 1332 385 et
1351 352 1559 392 reformandi,
1574 358 1603 384 et
1621 352 1683 384 alia
1704 363 1926 396 quaecumque

415 418 447 444 ut
468 410 565 454 ipsius
591 406 869 450 (ἱοιηὲί-οὲςίιίίοηίδ11
897 406 1076 439 divinarum
1105 416 1155 438 re-
1190 405 1228 438 ad
1248 404 1390 447 regimen
1409 410 1440 438 et
1457 404 1767 438 administrationem
1785 405 1926 438 eiusdem

418 475 486 497 rum
514 461 777 505 contemplationi
809 466 836 493 et
868 459 1064 504 profectibus
1089 459 1156 492 ani-

417 527 541 549 marum
566 521 686 551 vacent,
709 515 750 547 ita
769 520 801 547 ut
820 525 855 547 ex
877 513 1061 547 caelestium
1081 524 1155 547 eon-

418 568 622 612 templatione
635 568 814 600 animarum
831 567 941 600 salutis
955 567 1051 607 zelus,
1066 567 1154 610 quasi

417 633 452 654 ex
472 620 715 654 ardentissimae
735 618 898 652 eharitatis
920 619 1016 659 sonte,
1034 619 1156 652 derive-

418 681 479 714 tur,
501 684 677 716 omnesque
699 672 850 716 deine-eps
862 672 1069 716 professionis
1081 683 1156 705 suae

419 735 574 770 tempore,
596 731 722 770 praeter
736 725 795 758 tria
809 736 891 769 quae
910 725 980 758 aliis
1000 724 1157 766 religiosis

419 788 490 814 sunt
524 778 707 813 eommunia
740 785 832 814 vota.
861 783 1012 821 quartum
1049 784 1155 811 votum

419 834 578 874 emittant,
605 832 749 865 videlieet
776 842 833 875 per
859 830 954 864 totius
980 830 1059 864 vitae
1079 841 1154 874 spa-

421 887 498 920 tium
521 892 551 920 et
575 885 754 919 ammarum
781 883 874 917 saluti
906 894 939 916 se
963 894 996 916 se
1026 893 1156 927 operarii

421 941 562 979 daturos
581 944 608 971 et
625 948 642 970 a
662 937 742 971 Sede
763 936 945 980 Apostolica
964 946 1020 969 seu
1035 945 1052 969 a
1073 946 1158 969 eom-

422 992 569 1026 missario
598 990 740 1034 generali
772 990 894 1030 missos,
918 990 957 1023 ad
983 989 1160 1033 quamlibet

423 1046 519 1080 totius
540 1044 627 1078 orbis
647 1044 811 1086 regionem
831 1054 888 1086 pro
908 1043 1089 1076 animarum
1110 1054 1159 1075 sa-

422 1101 488 1134 lute
520 1098 746 1143 procuranda,
783 1097 876 1130 etiam
910 1107 981 1129 eum
1017 1097 1161 1140 periculo

423 1153 516 1194 vitae,
540 1152 651 1184 ituros.

471 1208 486 1248 Ξ
508 1204 537 1238 3.
562 1205 752 1244 Praeterea,
774 1203 850 1247 quia
878 1202 1039 1245 Evangelii
1070 1202 1163 1235 mim-

425 1265 519 1299 stros,
548 1259 631 1291 inter
656 1257 749 1298 alias,
778 1256 968 1289 humilitatis
992 1257 1164 1300 praecipue

426 1313 574 1346 virtutem
587 1312 704 1344 babere
719 1316 856 1355 oportet,
868 1310 1076 1354 professionis
1089 1310 1166 1343 eius-

427 1367 499 1400 dem
521 1372 666 1410 tempore
688 1365 836 1408 quintum
856 1364 951 1397 etiam
972 1370 1079 1397 votum
1101 1375 1165 1398 non

426 1420 587 1454 ambiendi
601 1419 771 1462 dignitates
781 1425 811 1452 et
822 1418 1045 1462 praelationes,
1063 1429 1167 1463 neque

428 1475 548 1508 directe
570 1484 674 1517 neque
697 1473 861 1513 indirecte,
878 1483 979 1516 perse
993 1483 1097 1516 neque
1112 1484 1169 1517 per

428 1529 537 1568 alium,
556 1528 638 1561 intra
663 1527 815 1561 Ordinem
840 1537 944 1570 neque
971 1531 1058 1560 extra
1078 1526 1169 1560 Ordi—

429 1594 514 1623 nem,
534 1582 654 1626 pariter
675 1581 830 1614 emittant.

475 1641 490 1679 ξ
517 1636 542 1669 4.
575 1636 632 1675 Et,
667 1641 700 1668 ut
733 1635 876 1667 eiusdem
907 1634 1169 1676 Congregationis

430 1699 587 1734 prospero
606 1688 752 1731 regimini
772 1688 969 1728 consulatur,
985 1688 1169 1731 praedictae

431 1742 692 1786 (long-rogationis
710 1741 967 1774 commissarium
988 1742 1169 1782 generalem

432 1796 578 1830 eumdem
597 1796 751 1829 'l'liomam
768 1805 784 1827 a
799 1795 868 1827 lesu
887 1794 1029 1827 eiusdem
1044 1794 1171 1827 Ordinis

431 1851 544 1884 beatae
569 1849 683 1882 Mariae
710 1849 748 1881 de
773 1849 877 1881 Monte
901 1848 1046 1881 Carmelo
1071 1858 1171 1881 novae

432 1903 680 1938 Reformationis
697 1902 966 1936 Disrtaleeatorum
993 1902 1172 1945 Congrega-

433 1957 527 1991 tionis
559 1956 783 2000 Hispaniarum
817 1965 964 1999 expresse
995 1955 1172 1998 professum

434 2011 487 2053 (de
505 2009 594 2043 euius
615 2009 743 2052 pietate,
771 2007 950 2052 prudentia,
967 2007 1122 2049 doctrina,
1144 2013 1172 2041 et

434 2063 599 2106 religionis
616 2063 682 2095 zelo
701 2061 876 2106 plurimum
896 2061 926 2094 in
945 2061 1081 2094 Domino
1100 2071 1175 2094 con-

435 2117 578 2159 fidimus)
605 2121 692 2149 motu
717 2114 788 2158 pari
814 2114 1038 2147 constituimus
1063 2119 1093 2147 et
1119 2114 1174 2147 de-

434 2177 604 2215 putamus,
634 2169 754 2212 illique,
783 2179 818 2201 ae
848 2167 1086 2201 suecessoribus
1111 2166 1176 2200 suis

436 2224 550 2258 futuris
575 2234 632 2267 pro
660 2228 804 2266 tempore
830 2220 1058 2255 commissariis
1078 2231 1175 2263 gene-

436 2278 568 2317 ralibus,
590 2276 770 2310 universam
795 2275 899 2308 dietae
914 2274 1177 2317 Congregationis

436 2332 535 2365 saneti
550 2330 638 2364 Pauli
654 2340 762 2362 euram
778 2328 807 2361 in
824 2328 1043 2372 spiritualibus
1057 2333 1088 2361 et
1102 2332 1177 2361 tem-

436 2385 601 2430 poralibus
622 2383 764 2428 plenarie
787 2382 1030 2423 committimus,
1044 2393 1080 2415 ae
1097 2382 1177 2416 Con-

437 2439 655 2483 gregationem
678 2437 800 2481 ipsam,
825 2436 957 2479 eiusque
984 2435 1174 2480 provincias,

438 2494 573 2533 domos,
601 2490 797 2530 seminaria,
826 2500 908 2533 quae
940 2500 998 2533 pro
1033 2495 1178 2532 tempore

439 2547 566 2586 suerint,
591 2552 621 2579 et
643 2545 806 2587 regulares
830 2552 981 2587 personas
1002 2553 1179 2586 quascum-

440 2610 508 2643 que·
521 2598 664 2641 regendi,
681 2595 894 2639 gubernandi,
908 2595 1067 2635 visitandi,
1085 2595 1181 2628 eorri·

479 2672 486 2696 1
514 2670 577 2696 lleic
594 2669 693 2705 aliquid
711 2668 805 2695 deesse
823 2666 943 2699 videtur,
961 2674 1002 2693 ex.
1023 2674 1049 2702 g.
1066 2666 1182 2693 alimini

444 2715 483 2742 κε]
501 2715 640 2749 r'clt'gliost',
658 2715 698 2742 vel
715 2713 778 2749 quid
795 2712 880 2740 simile
898 2713 933 2747 (R.
946 2711 982 2746 T).

1191 458 1453 500 congregationis
1484 457 1586 490 saneti
1617 458 1704 490 Pauli
1737 458 1928 501 pertinentia

1191 511 1339 551 faciendi,
1361 517 1457 555 prout
1478 521 1589 544 omnes
1607 516 1637 544 et
1657 511 1773 553 singuli
1792 511 1928 545 aliorum

1190 564 1344 598 Ordinum
1360 564 1543 608 superiores
1557 564 1723 606 generales
1741 563 1772 596 in
1793 563 1859 597 suis
1875 564 1931 598 Or-

1192 617 1320 651 dinibus
1341 618 1379 650 de
1400 617 1468 650 iure
1490 617 1538 650 vel
1559 616 1734 660 privilegiis
1753 621 1782 649 et
1798 616 1930 650 indultis

1191 670 1374 714 apostolicis
1398 676 1553 714 possunt,
1582 669 1759 713 plenariam
1786 675 1817 702 et
1845 669 1927 703 libe-

1192 734 1257 757 ram
1281 723 1451 757 tribuimus
1475 724 1658 756 facultatem
1679 728 1710 756 et
1725 728 1927 767 potestatem.

1237 779 1252 819 ξ
1271 776 1300 810 ὓ.
1325 777 1430 821 Ipsum
1453 782 1558 810 autem
1587 777 1716 810 fratrem
1737 776 1893 810 Thomam
1914 787 1932 809 a

1192 831 1270 871 lesu,
1282 830 1537 863 conmiissarium
1549 829 1731 872 generalem
1746 827 1869 862 anobis
1882 828 1934 862 de-

1193 889 1350 927 putatum,
1378 883 1437 916 liae
1460 883 1564 927 prima
1589 883 1656 916 viee
1677 882 1820 916 officium
1838 892 1932 926 prae-

1194 936 1312 970 dietum
1341 936 1381 970 ad
1417 936 1604 970 sexennium
1641 936 1806 975 obtinere;
1842 935 1934 968 finito

1195 1000 1268 1023 vero
1288 989 1451 1030 sexennio,
1469 989 1726 1023 commissarium
1752 988 1935 1032 generalem

1195 1042 1378 1076 huiusmodi
1411 1043 1449 1075 de
1475 1042 1614 1076 triennio
1645 1042 1676 1075 in
1711 1041 1886 1075 triennium
1919 1052 1937 1074 a

1196 1095 1337 1140 capitulo
1357 1095 1498 1138 generali
1519 1095 1613 1138 eligi,
1636 1101 1667 1129 et
1688 1106 1773 1136 euin,
1797 1095 1851 1139 qui
1872 1105 1937 1128 uno

1198 1149 1335 1183 triennio
1356 1149 1567 1183 commissarii
1588 1149 1696 1183 ostieio
1720 1149 1847 1182 functus
1871 1148 1939 1182 sue-

1199 1202 1249 1242 rit,
1267 1201 1306 1235 ad
1324 1202 1403 1235 illud
1420 1202 1597 1236 successive
1615 1202 1727 1245 reeligi
1748 1212 1813 1235 non
1834 1212 1938 1246 posse,

1198 1256 1253 1290 sed
1279 1256 1365 1289 aliud
1391 1255 1565 1290 triennium
1591 1267 1714 1296 vacare,
1742 1255 1863 1300 pariter
1887 1266 1940 1288 vo-

1200 1310 1306 1343 lumus
1335 1315 1365 1342 et
1392 1309 1598 1342 ordinamus}
1623 1314 1832 1353 teneaturque
1854 1319 1941 1342 eom-

1202 1362 1364 1396 missarius
1382 1361 1538 1404 generalis
1550 1361 1745 1405 praedictus,
1763 1360 1940 1395 seeundum

1203 1416 1345 1459 regulam
1378 1415 1502 1450 Alberti
1532 1415 1726 1459 primitivam
1764 1421 1794 1448 et
1826 1415 1940 1449 consti-

1203 1471 1340 1504 tutiones
1360 1470 1408 1503 sui
1434 1469 1561 1503 Ordinis
1582 1470 1683 1513 (quas
1710 1469 1840 1513 quidem
1867 1479 1942 1503 eon-

1203 1523 1385 1557 stitutiones
1402 1523 1441 1556 ad
1461 1523 1695 1567 praescriptum
1722 1522 1817 1556 huius
1842 1533 1943 1556 novae

1203 1576 1465 1619 Congregationis
1483 1575 1618 1609 instituti
1645 1586 1680 1609 ex
1706 1580 1779 1609 voto
1805 1581 1944 1619 quatuor

1204 1630 1432 1670 definitorum,
1461 1639 1532 1661 eum
1555 1629 1694 1672 primum
1721 1628 1790 1661 sieri
1811 1628 1941 1672 poterit,

1204 1682 1320 1728 aptari⁴
1337 1683 1492 1721 volumus,
1508 1682 1549 1715 ita
1566 1686 1599 1715 ut
1612 1682 1732 1726 aptatio
1747 1682 1790 1715 sic
1801 1682 1947 1716 facienda

1207 1747 1305 1781 usque
1331 1737 1369 1769 ad
1396 1735 1571 1779 capitulum
1598 1735 1747 1777 generale
1774 1735 1942 1779 celebran-

1206 1791 1281 1824 dum
1297 1790 1414 1832 duret),
1428 1789 1716 1831 Congregatlonem
1732 1788 1878 1822 eamdem
1893 1798 1947 1831 gu-

1207 1844 1353 1877 bernare.

1251 1896 1315 1940 56.
1341 1897 1465 1930 Interea
1489 1905 1576 1937 vero,
1612 1896 1715 1929 donec
1741 1895 1844 1929 dietae
1869 1906 1945 1930 eon·
1961 1909 1997 1941 hm

1209 2005 1371 2039 missarius
1397 2004 1579 2048 praedictus
1610 2003 1719 2037 onmia
1751 2009 1781 2036 et
1808 2003 1945 2046 singula,

1209 2068 1290 2102 quae
1315 2057 1516 2102 praepositus
1537 2056 1694 2099 generalis
1711 2061 1742 2089 et
1761 2055 1949 2090 definitores

1210 2114 1313 2146 faeere
1331 2115 1475 2154 possunt,
1497 2108 1633 2143 faciendi
1651 2108 1875 2142 auctoritatem
1894 2108 1949 2141 ha-

1210 2166 1292 2199 beat.
1321 2163 1352 2198 Si
1377 2173 1452 2197 vero
1478 2162 1662 2206 praedictus
1688 2160 1947 2201 commissarius,

1210 2223 1381 2262 antequam
1418 2216 1577 2258 eligantur
1610 2214 1819 2255 definitores,
1848 2224 1865 2247 e
1888 2213 1953 2246 vita

1211 2269 1394 2310 deeesserit,
1422 2269 1585 2313 antiquior
1605 2279 1640 2301 ex
1662 2267 1812 2301 fratribus
1834 2266 1952 2311 praesi-

1212 2325 1296 2365 deat,
1316 2329 1357 2364 et,
1378 2322 1619 2367 quamprimum
1639 2321 1708 2354 sieri
1729 2320 1857 2364 poterit,
1878 2329 1951 2353 con-

1212 2377 1330 2412 vocatis
1354 2376 1506 2421 professis
1530 2374 1750 2410 sacerdotibus
1784 2372 1950 2413 omnibus,

1212 2443 1269 2477 per
1294 2437 1415 2466 secreta
1432 2436 1514 2471 vota,
1536 2435 1566 2463 et
1589 2427 1721 2462 servatis
1742 2427 1812 2460 aliis
1829 2427 1869 2460 ad
1888 2427 1952 2460 ele-

1213 2486 1351 2520 ctionem
1378 2483 1565 2518 eanonieam
1593 2493 1649 2527 per
1675 2481 1774 2514 dietas
1799 2479 1954 2513 constitu-

1215 2540 1316 2574 tiones
1333 2538 1506 2583 requisitis,
1523 2546 1624 2570 novus
1638 2533 1882 2569 Commissarius
1899 2532 1956 2567 eli-

1250 2620 1262 2646 1
1288 2619 1358 2646 Edit.
1377 2618 1456 2645 Main.
1474 2617 1538 2652 legit
1554 2615 1660 2651 optari,
1675 2619 1701 2642 et
1717 2614 1795 2649 paulo
1806 2617 1862 2647 post
1880 2610 1957 2648 opici-

1216 2665 1268 2697 tio‚·
1284 2664 1331 2691 sed
1347 2671 1378 2690 ex
1394 2662 1406 2697 ,ξ
1422 2670 1479 2697 seq.
1498 2660 1602 2696 legend.
1619 2659 1717 2694 aptari
1727 2662 1753 2686 et
1767 2658 1878 2693 aptatio
1894 2665 1956 2685 con·

1217 2712 1268 2736 stat
1282 2709 1320 2743 (a.
1337 2709 1385 2741 T.)-

1938 303 1988 330 Λη.
2006 303 2035 330 c.
2054 302 2123 339 16⁰8

1986 778 2024 801 Qui
2040 777 2131 798 triennio

1947 804 2043 830 qualibet
2068 804 2132 830 eliga-

2002 1891 2143 1914 Commissarii
2185 1887 2203 1920 J·

2000 1919 2082 1940 asmodi
2108 1924 2145 1939 au·
2196 1923 2200 1931 ’

1207 1951 1388 1985 stitutiones
1405 1956 1566 1994 aptentur,
1595 1949 1680 1983 idem
1705 1949 1842 1982 Thomas
1860 1959 1947 1983 com-
1962 1947 2056 1968 0²⁰¹¹²³³-
