2227 3241
250 274 299 300 An.
313 274 340 300 c.
366 273 433 301 1600
479 263 541 297 280

251 373 349 388 tornacus
377 368 427 387 setin

251 395 291 415 lam
315 394 411 414 Anthi-ss«

251 426 299 441 nam
315 421 334 440 in
349 420 437 444 constat.»

252 447 378 468 oblaturum.

452 429 558 472 sbyter
578 427 750 461 cardinalis
767 428 961 461 Borromeus
974 433 1187 472 nuncupatus,

452 481 612 515 Ecclesiae
629 481 875 515 Mediolanensis
893 492 929 514 cx
941 482 1147 516 concessione
1162 488 1192 515 et

453 535 691 582 dispensatione
724 534 899 578 apostolica
929 535 1076 579 praesul,
1105 535 1192 579 quod

453 599 524 622 cum
548 588 614 632 ipse
632 588 803 622 Federicus
817 588 987 622 cardinalis
1001 594 1031 622 et
1051 588 1188 632 praesul,

453 641 607 685 singulari
627 641 682 675 Dei
704 652 837 675 munere
852 647 882 675 et
897 641 1001 675 bonae
1016 641 1192 675 memoriae
1210 642 1211 692 J

453 695 558 729 Caroli
579 695 656 728 olim
683 701 811 729 sanctae
836 695 986 728 Praxcdis
1015 694 1191 740 presbyteri

454 802 662 837 concessione
690 808 721 835 et
745 802 984 846 dispensatione
1005 801 1192 835 huiusmodi

454 857 557 891 dictae
574 856 733 891 Ecclesiae
755 855 923 900 praesulis,
946 856 1098 900 pastorali
1117 857 1194 889 cura

454 917 484 944 et
499 909 673 954 vigilantia,
692 909 851 943 civitatem
869 908 1138 943 Mediolanensem
1154 909 1193 942 ad

454 964 650 999 iuventutem
678 963 710 996 in
738 963 896 997 bonaium
930 961 1045 996 artium
1082 961 1212 1002 studiis]

455 1018 676 1059 audiendam,
697 1027 756 1051 nec
776 1026 842 1050 non
862 1015 1075 1050 ecclesiastica
1101 1015 1212 1049 disci

454 1072 542 1117 plina
552 1072 711 1116 bonisque
725 1071 869 1104 mo1ibus
884 1070 1103 1111 imbuendam,
1117 1070 1213 1102 mul

456 1126 493 1159 tis
506 1125 649 1169 collegiis
669 1125 858 1159 instructam
877 1130 907 1157 et
927 1123 1154 1157 nobilitatam
1147 1133 1194 1156 in-

455 1179 602 1220 venisset,
625 1179 723 1223 idque
737 1179 818 1212 adeo
832 1176 966 1211 feliciter
980 1176 1144 1217 accidisse,
1162 1182 1195 1210 ut
1211 1191 1214 1232 1

454 1233 564 1278 plures
584 1232 659 1266 inde
675 1231 882 1276 prodiissent,
899 1230 953 1274 qui
971 1229 1195 1274 philosophiae
1212 1235 1214 1279 j

456 1286 703 1330 theologiaeque
721 1283 875 1319 confectis
892 1283 1013 1327 spatiis,
1039 1283 1069 1315 in
1090 1282 1195 1327 publi·
1213 1291 1214 1309 1

456 1340 500 1374 cis
512 1340 613 1384 iisque
627 1338 861 1373 celebrioribus
882 1337 1072 1371 accademiis
1091 1337 1197 1370 'docto-
1213 1359 1215 1363 .

456 1405 506 1428 res
524 1394 622 1428 creati
640 1393 783 1433 fuissent,
797 1398 826 1425 et
841 1403 877 1425 eo
891 1402 1020 1436 quoque
1043 1397 1196 1435 tempore,

457 1458 529 1482 curn
552 1449 668 1490 magna
688 1446 845 1480 clericalis
867 1445 990 1479 ordinis
1011 1444 1149 1477 utilitate
1167 1449 1197 1477 et
1214 1429 1216 1503 ῙΙ

458 1502 564 1542 laude,
580 1501 665 1534 haud
689 1500 789 1533 multo
817 1499 986 1558 paucioies
1011 1498 1194 1542 prodi1e1113

458 1555 716 1589 animadvertens
736 1559 839 1587 tamen
856 1553 887 1585 in
905 1552 972 1596 ipsa
987 1551 1112 1585 civitate
1126 1551 1198 1584 nul-

459 1610 521 1642 lam
543 1608 649 1642 adhuc
669 1607 811 1641 scholam
831 1612 950 1639 certam
977 1615 1044 1639 esse
1065 1605 1104 1638 ad
1126 1615 1197 1638 eum

459 1662 555 1695 finem
579 1661 778 1701 instructam,
791 1665 824 1692 ut
844 1659 873 1692 in
893 1658 1200 1703 eavelutpalaestia

459 1716 610 1761 quadam,
627 1720 698 1759 post
713 1719 856 1748 exactum
873 1713 1054 1746 studioium
1070 1722 1218 1745 61115111111

458 1775 669 1815 paratamque
686 1778 793 1801 terum
812 1767 1025 1811 plutimarum
1039 1765 1197 1806 notitiam,

459 1822 592 1856 seolsim
621 1832 654 1855 se
681 1820 780 1865 aliqui
813 1827 996 1854 exeicentcs
1024 1814 1219 1858 catholicae

459 1876 533 1910 fidei
551 1875 716 1910 veritatem
741 1874 891 1908 adveisus
916 1873 1032 1918 impios
1064 1872 1219 1906 haereti

460 1940 572 1964 corum
606 1934 739 1962 conatus
759 1927 885 1972 scriptis
907 1933 937 1961 et
961 1926 1197 1960 lucubrationi-

460 1984 519 2018 bus
539 1983 713 2028 aliquando
735 1983 816 2016 tueri
834 1988 975 2026 possent,
1000 1993 1035 2014 ac
1053 1981 1146 2015 certis
1167 1992 1200 2014 a·

460 2038 510 2071 liis
524 2038 563 2071 de
576 2037 679 2071 causis
700 2037 869 2077 adductus,
889 2036 919 2069 in
939 2036 1075 2079 collegio
1097 2045 1201 2069 sacer-

461 2093 570 2126 dotum
601 2091 788 2126 Oblatorum
815 2095 1075 2134 nuncupatorum
1101 2089 1200 2123 sancti

461 2145 621 2180 Ambrosii
643 2145 673 2178 in
692 2144 824 2178 aedibus
844 2144 944 2177 sancti
965 2143 1132 2187 Sepulchri
1153 2143 1201 2176 di-

461 2207 529 2234 ctae
550 2199 684 2233 civitatis
698 2210 755 2243 per
766 2199 915 2232 eumdem
937 2198 1084 2232 Carolum
1099 2197 1202 2231 cardi-

461 2254 566 2286 nalem
589 2258 619 2286 et
636 2252 816 2297 praesulem
836 2251 980 2284 instituto
1002 2256 1032 2284 et
1050 2256 1219 2295 0111101111-1

462 2318 502 2340 no
517 2306 651 2341 civitatis
668 2307 739 2339 loco
756 2305 826 2345 sito,
840 2305 878 2339 ad
896 2305 950 2339 Dei
973 2303 1202 2349 omnipotentis
1218 2318 1220 2343 ς

462 2360 590 2394 laudem
613 2366 642 2393 et
670 2359 729 2392 sub
750 2358 930 2403 patrocinio
954 2358 1066 2391 beatae
1087 2358 1202 2391 Mariae

463 2413 612 2457 Virginis,
637 2423 695 2446 nec
719 2423 783 2446 non
806 2412 868 2446 divi
890 2411 1049 2445 Ambrosii
1074 2411 1202 2456 patroni

463 2466 606 2511 auspicio
621 2471 649 2500 et
667 2465 743 2499 dicti
762 2465 865 2500 Caroli
881 2465 1052 2498 cardinalis
1066 2470 1096 2498 et
1114 2475 1202 2510 prae-

464 2520 551 2560 sulis,
566 2530 663 2553 unam
678 2519 819 2553 scholam
833 2518 1071 2552 ambrosianam
1088 2518 1198 2558 erexit,

464 2573 602 2606 instituit
629 2578 660 2606 et
686 2572 846 2612 fundavit,
871 2572 982 2616 illique
1007 2572 1051 2605 sic
1077 2577 1200 2605 erectae

464 2632 536 2659 octo
548 2625 632 2659 viros
646 2625 889 2666 ecclesiasticos,
907 2630 970 2658 tam
986 2635 1022 2658 ex
1037 2624 1199 2658 seminarii

465 2678 603 2713 alumnis
623 2689 718 2723 quam
742 2678 870 2713 aliunde
899 2678 1017 2713 accitos
1047 2678 1197 2722 (quorum

1034 272 1217 297 nummum
1237 271 1391 297 Romnum

251 341 365 362 ummah,
388 341 436 361 Bos.
453 322 587 356 dilectus
599 321 682 354 tilius
696 327 803 354 noster
825 321 996 354 Federicus
1017 320 1097 354 tituli
1112 331 1187 354 san-
1207 321 1208 324 ’

389 400 402 412 ,»
415 379 437 413 a]
453 381 521 408 ctae
542 374 659 408 Mariae
680 375 876 417 Angelorum
894 374 924 407 in
938 374 1095 416 Thermis,
1119 385 1191 418 pre·
1208 376 1210 415 ζ

1208 416 1210 433 ”
1228 426 1312 459 tibus
1326 426 1484 470 bonisque
1497 425 1619 460 artibus
1629 426 1832 470 praepositi),
1846 437 1864 460 a
1877 427 1962 460 dicto

1209 693 1327 747 §sancti
1349 693 1536 737 Sepulchri,
1560 694 1607 727 vel
1629 694 1703 727 alibi
1725 694 1764 727 sit
1790 705 1826 727 ex
1847 693 1965 728 Ordine

453 749 624 783 cardinalis
650 749 744 782 etiam
763 748 930 783 ΒΘΗ-011161
955 748 1142 793 nuncupati,
1157 760 1192 782 ex
1210 755 1211 763 ¹

1980 272 2029 298 An.
2043 271 2070 299 C.
2095 272 2160 300 ¹⁶06

1227 326 1290 354 tres
1311 320 1491 353 necessario
1512 329 1640 363 semper
1653 330 1761 353 sacrae
1783 320 1962 363 theologiae

1227 373 1346 407 addicti
1367 379 1482 414 essent,
1504 372 1619 416 reliqui
1637 383 1712 406 vero
1733 372 1803 407 aliis
1822 373 1958 407 faculta-

1228 479 1380 513 F'ederico
1401 479 1563 513 cardinale
1577 485 1606 513 et
1618 480 1777 523 praesule,
1794 481 1900 524 quoad
1917 480 1962 513 vi-

1230 539 1325 573 16101,
1350 532 1538 575 deligendos
1552 532 1655 566 adsci
1648 539 1721 576 ipsit
1739 538 1770 567 et
1790 533 1961 577 cooptaxit,
2014 545 2044 566 x
2046 545 2127 566 nunna.
2141 545 2161 567 in

1210 630 1211 636 1
1228 591 1323 630 atquc
1343 585 1375 618 111
1396 591 1430 618 111
1451 596 1487 619 ex
1510 596 1646 620 numero
1660 586 1756 619 etiam
1775 585 1964 621 Oblatorum
1980 578 2036 626 lez—⁵
2047 571 2162 620 532i232⁶³⁸
2193 590 2206 606 ¹

1228 646 1433 674 sumeientui
1458 640 1626 681 concessit,
1649 640 1673 673 si
1701 640 1746 674 vel
1780 641 1812 674 in
1834 640 1966 675 aedibus

1229 746 1399 791 quisquam
1425 746 1468 780 ita
1490 746 1660 789 insigniter
1687 747 1843 789 eruditus,
1870 753 1906 781 ut
1930 758 1967 781 eo

1210 815 1212 838 ς
1229 806 1322 834 coetu
1337 800 1460 843 'dignus
1479 805 1613 845 propter
1627 801 1808 834 doctrinam
1824 806 1855 835 et
1867 795 1969 835 scien:

1210 848 1212 886 't
1231 854 1305 888 tiam
1329 859 1525 894 censeretur,
1550 854 1590 887 ad
1607 853 1670 888 hoc
1687 861 1826 898 quatuor
1845 861 1969 899 praete-

1211 908 1283 955 }rea
1314 908 1412 942 laicos
1443 899 1631 942 liberalibus
1664 919 1765 952 aeque
1791 908 1970 953 disciplinis

1230 963 1371 995 excultos
1392 968 1422 995 et
1442 972 1459 994 a
1473 971 1505 995 se
1522 961 1644 1006 pariter
1657 961 1846 1004 deligendos
1857 961 1969 996 adiun—

1210 1015 1282 1065 xit,
1301 1015 1464 1049 utborum
1486 1014 1701 1048 aemulatione
1723 1015 1830 1049 clerici
1848 1015 1889 1049 ad
1906 1020 1970 1050 stu-

1230 1069 1357 1102 diorum
1382 1068 1508 1102 labores
1541 1068 1614 1102 sorti
1644 1068 1753 1102 animo
1783 1068 1970 1103 subeundos

1212 1123 1367 1156 alacrius
1392 1122 1615 1157 excitarentur.
1643 1122 1717 1156 Post
1746 1123 1813 1157 eius
1839 1134 1913 1158 vero
1934 1134 1970 1158 ex

1230 1177 1288 1210 hac
1300 1177 1363 1210 vita
1377 1177 1555 1217 decessum,
1571 1177 1596 1210 si
1609 1187 1704 1221 quem
1715 1187 1751 1211 ex
1765 1177 1850 1211 dicta
1861 1177 1970 1213 schola

1231 1231 1312 1264 mori
1334 1230 1546 1273 contingeret,
1559 1230 1674 1275 reliqui
1688 1241 1724 1265 ex
1737 1230 1849 1265 eadem
1863 1230 1971 1265 schola

1230 1283 1418 1328 superstites
1436 1283 1533 1317 alium
1556 1283 1586 1316 in
1601 1283 1763 1317 demortui
1777 1283 1883 1317 locum
1901 1294 1972 1328 pro-

1232 1337 1302 1381 prio
1323 1337 1393 1371 iure
1410 1337 1652 1377 substituerent,
1673 1337 1728 1381 qui
1744 1337 1839 1370 vitam
1855 1337 1888 1370 in
1902 1347 1973 1371 san-

1213 1384 1215 1424 l
1232 1389 1273 1423 cti
1287 1389 1455 1434 Sepulchri
1466 1390 1598 1424 aedibus
1612 1396 1643 1424 et
1657 1389 1792 1433 collegio
1806 1390 1970 1433 degerent,

1232 1449 1264 1477 et
1288 1443 1327 1476 ab
1348 1443 1494 1477 instituto
1516 1443 1630 1477 domus
1651 1443 1740 1477 nullo
1760 1443 1857 1477 modo
1877 1453 1969 1478 rece-

1214 1497 1574 1541 ideient3ac,praete1
1592 1497 1708 1530 vietum
1724 1502 1755 1530 et
1775 1496 1971 1540 stipendium

1215 1560 1269 1582 ex
1288 1560 1385 1583 censu
1403 1549 1672 1593 Congregationis
1684 1549 1871 1583 Oblatorum
1887 1549 1975 1584 exhi-

1215 1593 1302 1637 Ι11611
1320 1603 1462 1644 solitum,
1479 1603 1620 1646 singulas
1640 1603 1811 1648 pensiones
1828 1614 1845 1637 a
1864 1603 1973 1638 schola

1235 1653 1442 1700 assignandas
1455 1662 1744 1701 consequerentur,
1754 1666 1833 1701 quas
1843 1656 1973 1716 pensio-

1216 1744 1218 1769 t
1235 1722 1291 1745 nes
1306 1711 1381 1745 item
1397 1721 1415 1745 a
1428 1711 1537 1745 schola
1559 1721 1671 1745 omnes
1696 1710 1850 1755 consequi
1874 1710 1974 1745 voluit

1217 1771 1266 1798 61
1284 1764 1433 1806 116616111,
1450 1764 1627 1798 dummodo
1649 1763 1828 1798 institutum
1860 1764 1922 1798 hoc
1944 1769 1975 1797 et

1235 1819 1321 1861 leges
1341 1824 1508 1863 piaeterea
1529 1829 1565 1852 ac
1584 1824 1677 1863 pacta
1702 1817 1874 1862 separatim
1900 1828 1918 1851 a
1941 1828 1974 1852 se

1235 1872 1404 1906 condenda
1435 1872 1605 1915 diligenter
1630 1877 1797 1905 tuerentur
1813 1876 1843 1905 et
1862 1881 1971 1905 serva-
2164 1876 2178 1914 ’ξ
2204 1891 2207 1894 -

1236 1931 1327 1966 rent,
1357 1898 1511 1969 alioquid)
1525 1936 1596 1958 cum
1620 1924 1692 1969 ipsi,
1716 1929 1784 1958 tum
1810 1924 1883 1966 alii,
1911 1924 1975 1958 sive

1218 1979 1344 2028 iclerici
1371 1979 1435 2012 sive
1465 1978 1535 2013 laici
1563 1978 1756 2019 existerent,
1784 1978 1848 2012 sive
1873 1978 1973 2012 sancti

1235 2032 1414 2077 Sepulchri,
1432 2032 1496 2066 sive
1516 2032 1594 2066 alias
1619 2032 1745 2077 quasvis
1766 2032 1860 2066 aedes
1880 2031 1972 2066 inco-

1235 2086 1349 2127 lerent,
1367 2086 1471 2120 fructu
1484 2085 1671 2119 huiusmodi
1690 2091 1848 2126 carerent,
1871 2095 1976 2130 neque
2162 2083 2204 2126 3ζέ

1218 2140 1392 2187 3pecuniae
1406 2150 1565 2173 summam
1585 2150 1602 2173 a
1622 2139 1731 2173 schola
1752 2139 1974 2182 assignandam
2201 2131 2203 2138 ¹

1236 2195 1302 2228 ullo
1323 2194 1419 2227 modo
1440 2193 1654 2238 perciperent:
1677 2192 1753 2236 quin
1772 2192 1878 2236 potius
1898 2192 1976 2226 illud

1237 2247 1463 2290 intelligerent,
1487 2257 1615 2280 omnem
1638 2246 1683 2280 eis
1703 2246 1883 2280 facultatem
1909 2255 1977 2280 esse

1237 2302 1419 2346 ademptam
1433 2299 1691 2340 condonationis,
1714 2305 1768 2333 aut
1780 2298 1977 2333 remissionis

1236 2354 1457 2399 impetrandae
1489 2359 1544 2387 aut
1575 2354 1784 2398 impetratae,
1814 2352 1908 2386 etiam
1941 2363 1983 2386 ex·

1218 2411 1349 2442 {mutua
1378 2407 1542 2448 cessione,
1575 2406 1813 2450 concordiaque
1847 2405 1973 2444 utendi3
2156 2431 2164 2443 „
2192 2399 2215 2431 τ’*

1218 2462 1417 2506 sscit·entque
1442 2460 1521 2494 nihil
1547 2460 1698 2500 omnino,
1722 2460 1807 2504 quod
1834 2454 1974 2493 eiusdem
2154 2463 2156 2466 '

1218 2507 1381 2550 {Pedia-tei
1402 2514 1575 2549 cardinalis
1600 2518 1631 2547 et
1655 2512 1813 2558 praesulis
1833 2511 1973 2557 patenti--

1235 2570 1294 2603 bus
1316 2570 1453 2613 desuper
1474 2567 1628 2602 confectis
1650 2567 1765 2600 litteris
1786 2567 1972 2600 adversare-

2172 1671 2189 1707 ἡ
2158 1408 2196 1662 &Ubso'ssss’jk‘m'
2166 1334 2197 1400 *11*οΪ
2176 1301 2194 1327 Ϊὲ
2172 1244 2199 1291 (μῦ
2178 1209 2195 1236 ‘N
2183 1175 2196 1202 ,ἠι-
2186 1159 2187 1164 Α
2188 1147 2191 1149 1
2180 1119 2196 1126 ζ
2179 1081 2190 1092 ⁴»

1216 2634 1219 2678 ξ’
1236 2630 1296 2664 tur,
1309 2620 1702 2666 suffragaturum‚etiamsi
1716 2621 1811 2663 leges,
1825 2624 1857 2652 ut
1870 2630 1976 2664 supra.

1215 2676 1417 2715 ,condendas
1447 2675 1493 2709 vel
1521 2674 1551 2708 in
1572 2673 1816 2708 desuetudinem
1847 2672 1973 2712 abiisse,
