2227 3241
75 244 124 271 An.
142 243 169 270 C.
195 242 261 270 1609

101 517 182 539 Nullum
191 518 260 537 tamen

75 544 166 566 officium
173 544 193 564 in
199 543 245 564 uon,
249 548 261 564 o
297 558 303 563 .

75 573 180 593 exorceat.

104 837 130 858 Et
144 842 156 857 a
169 836 261 861 Congre-

77 864 162 890 ganono
189 863 261 889 pulsus

77 892 104 912 ab
120 890 215 911 ordinum
226 895 262 910 ex-

77 917 151 939 ert-itio
175 921 261 942 suspen-

77 950 113 965 sus
127 945 242 964 remaneat.

150 1212 262 1234 Clausulae

86 1239 214 1267 praeservati
219 1245 228 1259 1
231 1244 256 1260 ae

81 1269 102 1288 οι
115 1266 222 1287 decretum
235 1266 262 1286 ir-

79 1293 152 1315 tinans.

96 2170 267 2198 Quibuscumque

85 2198 269 2221 nonobstantibus.

923 241 1041 265 PAULUS
1059 241 1078 263 V
1095 242 1144 264 ΓΡ.

273 289 457 323 huiusmodi
476 289 622 332 tegulam
643 290 806 333 professus
832 288 953 331 suerit)
980 290 1034 321 li-

273 343 350 377 bere
363 349 394 377 et
406 343 492 377 licite
506 343 618 379 valeat
629 343 802 387 apostolica
816 353 872 375 au«
878 348 926 375 101
930 342 1017 382 itate,

275 402 388 430 tenoie
412 397 652 441 piaesentium‚
676 396 838 430 licentiam
861 395 1035 428 coneedi-

276 461 346 484 mus
367 456 397 484 et
415 450 630 494 indulgemus.

321 506 337 547 ἓ
359 504 389 538 3.
407 505 510 549 thue
535 504 580 538 sic
599 503 763 548 piemon,
788 503 912 536 nullum
939 501 1015 535 offi-

277 612 361 645 dicta
384 611 639 655 Congregalione
665 621 777 654 geiete
796 616 851 644 aul
869 620 1036 656 exetceic

275 665 411 709 possint,
433 665 487 698 sed
510 664 614 698 missis
636 664 839 698 celebrandis
857 674 893 697 ae
913 674 964 697 sav
969 674 1036 696 ia-

1050 294 1078 321 et
1100 288 1277 328 1010115110
1299 297 1371 320 eum
1394 286 1569 331 quibusvis,
1584 285 1679 319 etiam
1699 285 1792 318 dero-

1033 341 1247 398 ‘gatoiiaium
1283 340 1513 383 deiogatmiis,
1546 339 1681 384 aliisque
1717 338 1789 372 effi-

1033 381 1230 428 cacioiibus
1259 401 1289 429 et
1315 394 1449 428 insolitis
1470 393 1643 434 clausulis,
1664 404 1700 427 ae
1722 393 1793 425 itri-

1034 449 1193 491 lantibus
1213 455 1240 482 et
1268 448 1339 482 aliis
1359 448 1519 489 decretis,
1544 449 1575 480 in
1601 457 1719 490 ,5‘ene1e0
1743 447 1792 479 vet

1034 501 1083 534 111
1111 501 1237 546 specie,
1251 512 1291 535 ac
1309 501 1452 542 11115111
1475 501 1672 535 contiaiium
1694 510 1789 544 piae-

277 569 384 600 ctum,
405 568 544 599 munus,
564 563 619 591 aut
647 557 962 591 administrationem
986 556 1018 589 in
1034 545 1036 610 ’1
1053 556 1223 589 1111550111111
1246 555 1493 600 quomodolibet
1513 555 1688 595 concessis,
1715 564 1792 587 eon-

1035 598 1188 643 firmatis
1216 615 1245 644 et
1275 610 1471 654 appiobatis
1496 610 1617 648 Quibus
1642 608 1793 642 omnibus

1053 669 1082 696 et
1102 663 1257 707 singulis,
1289 674 1400 697 eorum
1427 670 1553 697 tenoies
1570 661 1793 706 praesentibus

276 718 394 752 mentis
420 718 640 752 ministrandis
662 718 887 751 tantummodo
906 727 1019 750 vacare
1035 716 1037 751 ’1
1051 728 1111 762 pro
1132 718 1226 762 plene
1247 725 1278 751 et
1302 718 1498 751 sufficienter
1518 716 1676 760 expressis
1697 726 1732 749 ac
1753 715 1793 748 ad

277 772 433 813 debeant,

321 827 338 868 ξ
356 826 386 859 Ji.
410 826 458 867 Et,
479 826 504 860 si
525 836 637 860 eorum
664 825 781 870 aliquis
805 825 871 858 suis
889 824 931 858 ita
952 824 1018 857 exi-

277 879 426 921 gentibus
446 879 612 913 demeritis
631 879 735 912 dictae
755 877 1019 921 Congregationis

276 931 386 965 habitu
405 938 515 976 postea
533 932 651 977 privari
678 931 859 975 contigerit,
885 932 953 976 ipso
976 932 1020 964 fa-

277 991 346 1027 cto,
367 991 397 1019 et
413 986 535 1030 absque
555 986 620 1020 ulla
638 986 857 1020 declaratione
875 985 914 1019 ab
932 985 1019 1018 ordi-

275 1050 352 1073 num
372 1040 559 1074 huiusmodi
582 1040 733 1074 exercitio
756 1040 862 1073 statim
887 1049 1019 1084 suspen-

276 1104 329 1127 sus
349 1094 387 1128 sit
406 1099 436 1128 et
453 1105 520 1129 esse
544 1100 722 1135 censeatur,
747 1094 858 1128 eadem
881 1093 1020 1127 auctori-

278 1154 340 1182 tate
365 1149 547 1182 statuimus.

322 1203 339 1244 ξ
365 1201 394 1234 5.
424 1202 658 1243 Deam-nentes,
687 1208 872 1245 praesentes
898 1201 1019 1234 litteras

278 1256 367 1289 nullo
392 1266 534 1300 unquam
555 1262 700 1299 tempore
722 1256 761 1289 de
778 1255 1015 1299 subreptionis,

278 1315 333 1343 aut
349 1310 505 1343 nullitatis
520 1310 606 1351 vitio,
619 1320 673 1343 seu
693 1309 878 1342 intentionis
891 1315 1020 1342 nostrae

278 1364 324 1396 vel
341 1363 402 1397 alio
417 1363 570 1408 quopiam
583 1363 718 1403 defectu,
737 1363 847 1407 quavis
861 1363 899 1396 de
914 1364 1019 1403 eausa,

278 1417 458 1458 occasione,
482 1422 534 1450 aut
557 1422 722 1460 praetextu
743 1416 867 1456 notari,
892 1417 939 1449 vel
962 1415 1019 1448 im-

279 1523 433 1563 tractari,
468 1529 523 1556 aut
548 1523 692 1556 revocari
718 1523 877 1555 ullatenus
902 1533 1016 1566 posse,

277 1576 333 1609 sed
357 1586 486 1620 semper
509 1576 648 1617 validas,
674 1576 782 1609 firmas
811 1582 841 1609 et
873 1576 1020 1610 efficaces

279 1630 412 1664 existere
433 1636 463 1663 et
485 1630 564 1671 fore,
587 1640 727 1674 suosque
747 1630 908 1673 plenarios
926 1635 956 1662 et
974 1624 1038 1662 iri-1

279 1689 386 1727 tegros
399 1683 530 1717 effectus
547 1683 654 1717 sortiri
669 1689 700 1716 et
718 1683 882 1724 obtinere;
900 1683 1021 1727 sicque,

279 1743 310 1770 et
329 1747 394 1771 non
415 1737 507 1770 aliter
523 1765 530 1778 ,
558 1748 615 1781 per
643 1747 865 1781 quoscumque
898 1736 1038 1779 iudices,

279 1790 461 1825 ordinarios
481 1796 511 1824 et
532 1790 708 1833 delegatos,
733 1790 828 1824 etiam
850 1801 1018 1824 causarum

279 1845 391 1879 Palatii
412 1844 586 1889 Apostolici
607 1845 771 1878 auditores
792 1844 940 1888 (sublata
961 1845 1018 1885 eis,

279 1904 310 1933 et
329 1909 441 1933 eorum
460 1898 592 1932 cuilibet
611 1898 723 1943 quavis
743 1899 836 1932 aliter
856 1898 1020 1932 iudicandi

280 1958 310 1986 et
335 1952 567 1997 interpretandi
592 1952 775 1994 facultate),
795 1952 918 1996 ubique
941 1952 1022 1985 iudi-

280 2006 346 2040 cari
367 2011 397 2039 et
418 2005 546 2039 definiri
567 2006 685 2039 debere
701 2033 708 2046 ‚
737 2016 773 2039 ac
800 2005 925 2038 irritum
948 2011 975 2038 et
999 2005 1022 2037 i-

280 2069 363 2092 nane
387 2058 593 2092 decernimus
607 2086 614 2097 ,
636 2058 793 2102 quidquid
815 2068 906 2091 secus
927 2068 1024 2102 super

281 2110 331 2144 his
349 2121 366 2143 a
391 2120 568 2154 quoquam,
593 2115 667 2149 eto,
691 2109 852 2142 attentari.

327 2163 388 2206 56.
406 2163 474 2197 Non
489 2163 689 2196 obstantibus
708 2163 883 2206 praedicta,
904 2173 940 2196 ac
957 2163 1025 2207 qui-

282 2217 390 2251 busvis
407 2217 477 2250 aliis
498 2216 780 2250 constitutionibus
799 2222 828 2249 et
846 2217 1022 2250 ordinatio-

282 2271 377 2304 nibus
404 2270 609 2315 apostolieis,
640 2281 676 2303 ae
706 2270 808 2303 dictae
837 2271 1020 2314 Congrega-

282 2324 400 2365 tionis,
428 2324 524 2358 etlam
551 2324 752 2362 iuramento,
777 2324 1023 2357 confirmatione

1035 836 1111 861 >suo
1144 825 1261 859 robore
1293 825 1534 869 permansuris,

1036 879 1197 914 ,omnium
1226 885 1254 912 et
1288 879 1490 921 singulorum
1517 877 1767 921 praemissorum
1784 905 1791 917 ,

1052 771 1185 805 verbum
1214 771 1340 805 insertis
1363 771 1539 811 habentes,
1569 769 1631 803 illis
1659 769 1736 802 alias
1762 769 1793 801 in

1570 825 1609 856 ad
1643 823 1793 856 effectum

1053 933 1112 966 liae
1133 933 1200 967 vice
1218 934 1380 966 dumtaxat
1400 932 1582 976 specialiter
1601 937 1626 964 et
1647 941 1794 975 expresse

1053 987 1268 1030 derogamus,
1296 986 1495 1031 caeterisque
1524 985 1695 1019 ‹enimi-iis
1724 984 1795 1029 qui-

1053 1041 1131 1075 busc
1135 1051 1265 1085 umque

1098 1096 1125 1137 ξ.
1148 1094 1176 1127 7.
1198 1095 1351 1128 Vsoluniu
1372 1100 1498 1134 autem
1520 1099 1552 1126 111
1574 1103 1667 1137 piaes
1655 1082 1793 1126 sentium

1053 1148 1275 1192 tiansumptis,
1296 1148 1393 1181 etiarn
1420 1147 1595 1191 111111105515,
1620 1156 1716 1179 manu
1738 1146 1795 1179 ali-

1035 1242 1037 1254 (
1053 1202 1143 1236 cuius
1161 1202 1277 1236 notarii
1296 1202 1417 1246 publici
1434 1201 1632 1245 subscriptis,
1648 1207 1678 1235 et
1691 1201 1795 1244 sigillo

1035 1255 1188 1290 'alicuius
1217 1266 1375 1301 personae
1404 1256 1435 1288 in
1462 1255 1616 1298 dignitate
1644 1255 1795 1289 ecclesia-

1053 1310 1131 1343 stica
1153 1310 1343 1344 constitutae
1365 1309 1507 1350 munitis,
1532 1309 1644 1343 eadem
1662 1319 1796 1353 prorsus

1036 1379 1037 1403 1
1054 1364 1133 1397 sides
1151 1364 1181 1397 in
1202 1364 1321 1397 iudicio
1341 1369 1371 1396 et
1395 1368 1482 1396 extra
1499 1363 1796 1406 adhibeatur,quae

1036 1419 1276 1465 ¹praesentibus
1294 1418 1514 1459 adhiberetur,
1539 1417 1563 1451 si
1585 1418 1685 1451 forent
1709 1417 1796 1450 exbi-

277 1470 426 1514 pugnari,
451 1470 592 1513 infringi,
616 1470 780 1513 suspendi,
805 1469 949 1509 limitari,
971 1468 1037 1502 re-¹

1054 1472 1138 1505 bitae
1160 1472 1208 1505 vel
1229 1478 1386 1505 ostensae.

1098 1525 1212 1558 Datum
1238 1525 1359 1558 Romae
1384 1524 1470 1568 apud
1495 1524 1524 1558 S.
1546 1524 1687 1558 Marcum
1703 1551 1710 1564 ,
1738 1523 1796 1557 sub

1054 1579 1174 1612 annulo
1191 1578 1362 1612 Piscatoris
1383 1578 1434 1612 die
1454 1588 1461 1611 1
1481 1578 1547 1612 111111
1566 1587 1675 1618 unclx,
1693 1577 1798 1622 ponti-

1054 1632 1168 1666 ficatus
1190 1633 1290 1666 nostri
1313 1643 1397 1666 anno
1418 1643 1447 1666 v.

1091 1694 1147 1721 liat.
1166 1694 1208 1722 «tte
1226 1696 1234 1721 l
1260 1695 1315 1722 iulii
1340 1695 1416 1731 1609,
1432 1695 1525 1731 pontif,
1541 1703 1583 1722 an.
1596 1701 1621 1721 v.

1343 1874 1503 1908 cxxxlv.

1058 1998 1150 2039 Quod
1166 1998 1398 2043 cuiuscumque
1411 1998 1556 2041 Ordinis,
1571 1999 1798 2042 6011911901ιό-

1100 2053 1153 2085 nis
1167 2057 1194 2086 et
1208 2052 1377 2087 Socz'etatis
1391 2053 1557 2096 reytclttres
1576 2063 1733 2097 personae
1755 2053 1798 2086 ad

1101 2116 1152 2139 eas
1172 2110 1301 2139 {metum
1319 2107 1401 2139 recti?
1418 2117 1450 2139 ,ee
1468 2108 1667 2149 transferant
1686 2106 1799 2140 India-

1103 2170 1175 2192 rum
1189 2164 1317 2203 parles,
1341 2160 1384 2192 ml
1401 2171 1484 2204 quas
1507 2161 1547 2193 ab
1569 2171 1677 2193 eorum
1700 2171 1795 2204 snpe-

1102 2213 1242 2246 riorilms
1273 2213 1315 2246 1111
1335 2214 1429 2256 fidem
1457 2214 1651 2247 catholicam
1667 2214 1798 2258 praedi-

1102 2267 1240 2300 camlam
1264 2268 1329 2301 sive
1353 2268 1567 2301 ecclesiastica
1595 2272 1797 2301 sacraemnta

1104 2321 1325 2355 ministranda
1345 2321 1549 2366 cleleqantur.

280 2378 475 2422 apostoliea,
497 2379 543 2412 vel
570 2378 681 2422 quavis
707 2378 859 2411 firmitate
884 2378 944 2411 alia
973 2389 1023 2411 ro-
1063 2399 1069 2405 ·

280 2431 414 2472 boratis,
437 2431 563 2465 statutis
583 2437 613 2465 et.
633 2431 937 2469 consuetudinibus,
959 2431 1024 2475 pri-

281 2485 404 2528 vilegiis
429 2496 579 2530 quoque,
603 2486 734 2518 indultis
755 2490 786 2517 et
806 2485 919 2518 litteris
945 2495 1021 2528 apo-

282 2537 419 2578 stolicis,
455 2539 560 2571 eidem
593 2537 840 2580 Congregationi
874 2537 1023 2581 illiusque

283 2591 505 2634 superioribus
521 2598 550 2625 et
563 2592 713 2625 fratribus
727 2602 762 2625 ac
777 2591 940 2635 quibusvis
955 2591 1023 2624 aliis

284 2645 452 2688 personis,
482 2646 540 2678 sub
570 2645 828 2689 quibuscumtpte
859 2644 1024 2677 tenoribus

1296 2414 1407 2441 Paulus
1428 2414 1506 2446 Papa
1526 2413 1557 2445 V,

1203 2460 1238 2486 ad
1259 2459 1390 2486 futuram
1409 2460 1454 2486 rei
1474 2457 1652 2486 memoriam.

1102 2539 1302 2582 Accepimus,
1320 2549 1381 2572 non
1397 2539 1463 2571 sine
1485 2538 1582 2571 animi
1604 2537 1703 2570 nostri
1732 2547 1799 2570 1110-

1058 2591 1170 2630 lestia,
1194 2592 1381 2633 religiosos,
1413 2592 1466 2636 qui
1496 2591 1660 2633 religionis
1685 2590 1796 2623 ratbo-

1058 2645 1136 2679 lieae
1163 2645 1390 2688 propaeandae
1420 2651 1446 2677 et
1479 2645 1555 2677 alias
1576 2644 1606 2677 in
1625 2644 1716 2677 vinea
1738 2644 1795 2677 Do—

1693 227 1751 261 571
1803 235 1850 261 An.
1872 235 1900 262 e.
1926 235 1992 262 1609

1846 1096 1996 1122 Tranawpto-

1810 1129 1855 1145 ruiu
1870 1123 1929 1145 fides.

1841 2546 1901 2572 Legi:
1910 2552 1995 2568 cumae.
