2227 3241
2157 95 2175 106 ‚e
2199 98 2205 111 3

2160 158 2193 223 ἕ

2153 223 2178 250 Γ*
2206 224 2208 248 i

277 297 325 324 An.
347 298 376 324 c.
395 297 462 326 1606
510 288 573 321 320
1049 295 1232 320 numinum
1259 294 1411 321 Romnum
1999 281 2178 332 An.c.1.J-a

341 621 461 643 Declaratio

276 649 346 675 quoad
385 654 462 668 causas

276 675 392 701 pendentes
427 679 461 693 co-

276 708 319 722 ram
341 701 388 721 aliis
410 701 462 721 iudi-

277 729 342 749 ribus

308 1287 406 1309 facultas
428 1288 458 1308 ‹li-

274 1317 354 1335 cturum
367 1314 458 1335 indu-um

275 1342 403 1367 prorogandi

275 1367 330 1388 talu.

301 1580 412 1601 Clausulae
426 1580 461 1601 «le-

275 1607 403 1631 rog-norim.

475 346 677 388 auctoritate)
697 345 831 378 iudicari
850 343 1016 377 etdesmiri
1038 343 1215 385 debere,ac
1237 352 1240 386 t

477 400 603 433 irritum
622 404 652 432 et
670 398 764 431 inane
777 398 931 442 quicquid
949 407 1040 431 secus
1057 407 1154 441 super
1172 397 1220 430 his

477 464 494 486 a
513 462 676 497 quoquam
690 479 697 493 ,
726 451 838 496 quavis
855 451 1058 493 auctoritate,
1082 451 1220 485 scienter

478 569 594 591 nimus.

523 614 540 654 ξ
559 611 587 644 7.
612 611 762 652 Ulterius,
780 611 819 644 ad
837 611 1071 644 consulendum
1093 611 1218 646 indem-

478 665 589 705 nitati,
615 670 680 698 tum
710 664 809 708 ipsius
837 664 1004 708 hospitalis
1026 670 1092 697 tum
1121 665 1215 698 etiam

476 773 594 816 pensis,
618 772 766 805 volumus
784 777 814 804 et
834 771 997 815 praedicta
1025 770 1216 805 auctoritate

477 825 692 865 decernimus,
725 825 812 869 quod
831 824 862 857 in
889 824 992 858 causis
1021 824 1082 857 iam
1105 834 1214 858 coram

475 879 545 913 aliis
566 879 726 913 iudicibus
755 877 929 919 instructis,
950 883 979 911 et
1001 888 1086 911 nunc
1107 877 1215 920 vigore

474 933 746 977 praeinsertarum
767 931 947 965 litterarum
966 931 1116 972 avocatis,
1139 942 1213 976 par·
1232 951 1233 955 =

476 994 520 1021 tes
541 987 628 1031 ipsae
646 991 715 1020 acta
735 985 946 1029 transportari
963 985 1067 1018 facere
1084 995 1148 1018 non
1170 990 1215 1018 te·
1231 998 1232 1009 π

473 1046 621 1081 neantur,
638 1040 693 1074 sed
715 1049 828 1073 causas
848 1039 976 1072 easdem
998 1048 1107 1072 corani
1129 1038 1213 1072 dicto

474 1094 592 1129 vicario
623 1105 679 1128 seu
712 1093 838 1128 clericis
869 1092 1146 1137 praesidentibus,
1181 1097 1213 1125 ut

473 1147 686 1193 praemissum
709 1152 766 1188 est,
788 1146 890 1179 firmis
908 1151 1015 1179 tamen
1037 1155 1209 1178 remanen·
1230 1151 1232 1173 t

474 1202 559 1236 tibus
576 1202 720 1243 notariis,
741 1201 893 1246 prosequi
914 1200 1014 1233 libere
1035 1200 1178 1240 valeant,

519 1258 535 1298 ξ
556 1255 586 1289 8.
607 1255 644 1289 Εῑ
668 1255 755 1299 quod
775 1254 931 1298 praedicti
953 1253 1073 1287 iudices
1094 1253 1233 1297 absquet

473 1311 555 1343 nova
587 1309 832 1355 commissione,
862 1308 953 1341 toties
981 1307 1108 1351 quoties
1134 1316 1233 1350 opusl

475 1362 579 1403 suerit,
603 1362 725 1406 possint
741 1371 916 1406 prorogare
931 1360 1047 1402 satalia,
1061 1366 1092 1392 et
1104 1359 1215 1393 adver·
1231 1377 1233 1412 ἑ

474 1426 527 1448 sus
545 1416 669 1459 lapsum
697 1415 876 1454 restituere,
901 1414 987 1447 iuxta
1008 1413 1173 1446 facultates
1197 1422 1214 1444 a
1232 1417 1233 1444 Ξ

474 1469 590 1502 nostris
610 1468 912 1513 praedecessoribus
931 1477 1096 1501 concessas
1118 1466 1210 1500 audi-
1231 1508 1233 1514 Δ

476 1522 599 1556 toribus
616 1522 716 1555 nostri
736 1521 847 1555 Palatii
869 1521 1056 1565 Apostolici.
1231 1520 1232 1528 ¹

520 1578 534 1620 ᾗ
555 1576 585 1609 9.
603 1577 672 1610 Non
691 1575 890 1609 obstantibus
903 1575 1003 1608 felicis
1019 1573 1214 1608 recordatio·
1231 1579 1232 1595 ³

474 1630 523 1663 nis
540 1629 629 1662 Pauli
650 1630 688 1662 Ill
710 1640 727 1662 a
746 1635 853 1671 tergo:
873 1628 995 1662 Diteezo
1013 1628 1081 1671 filio
1106 1631 1214 1660 nostro

476 1683 613 1716 inalmci
636 1682 716 1716 Urbe
739 1683 876 1722 vicario,
893 1686 965 1721 etc„
989 1682 1028 1714 de
1053 1680 1156 1714 causis
1183 1680 1213 1713 in

474 1736 604 1769 Camera
630 1735 824 1779 Apostolica,
848 1734 902 1767 ubi
930 1735 968 1767 de
993 1734 1146 1766 interesse
1171 1733 1210 1765 il-

474 1788 534 1821 lius
562 1788 691 1831 agitur,
725 1787 977 1831 cognoscendis,
1012 1792 1042 1820 et
1070 1786 1212 1820 eiusdem

473 1842 519 1875 Pii
539 1841 576 1875 IV
597 1842 635 1875 de
657 1841 766 1884 gratiis
787 1841 929 1874 eiusdem
956 1840 1106 1874 Gamerae
1127 1839 1210 1873 inte-

473 1905 560 1928 resse
588 1894 858 1928 concernentibus
886 1894 917 1927 in
946 1894 1058 1927 eadem
1080 1892 1214 1927 Camere

472 1948 714 1992 praesentandis
724 1953 754 1981 et
768 1947 986 1990 registrandis,
996 1947 1129 1991 aliisque
1143 1957 1215 1980 con·
1230 1958 1231 1975 1

473 2001 692 2035 stitutionibus
704 2007 734 2034 et
746 2000 1003 2034 ordinationibus
1016 2000 1210 2044 apostolicis,
1230 2034 1231 2039 ,

473 2066 508 2088 ac
530 2055 680 2089 omnibus
698 2055 770 2096 illis,
795 2065 876 2099 quae
895 2054 999 2088 dictus
1017 2054 1209 2099 praedeces-

472 2120 526 2143 sor
547 2109 576 2142 in
597 2109 802 2154 praeinsertis
820 2108 935 2142 litteris
956 2109 1054 2142 voluit
1075 2119 1138 2142 non
1157 2108 1214 2141 ob-

472 2169 566 2204 stare,
591 2163 789 2207 caeterisque
813 2162 980 2196 contrariis
1005 2161 1230 2206 quibuscum-i

473 2227 545 2260 que.

516 2271 629 2303 Datum
648 2270 767 2303 Romae
781 2269 865 2313 apud
879 2269 908 2302 S.
922 2269 1074 2310 Marcum,
1087 2268 1145 2302 sub
1158 2279 1213 2301 an-

473 2323 550 2356 nulo
567 2322 736 2356 piscatoris
757 2323 807 2356 die
826 2332 860 2356 111
886 2322 953 2355 iulii
975 2332 1082 2363 mccvi,
1103 2322 1210 2366 ponti·
1229 2319 1230 2331 ¹

476 2376 588 2409 stcalus
609 2376 708 2409 nostri
724 2387 808 2409 anno
834 2386 866 2409 11.

510 2439 567 2465 Dat.
589 2438 631 2466 die
652 2439 667 2466 3
688 2438 743 2466 iulii
766 2439 843 2473 1606,
865 2438 958 2474 pontis.
982 2446 1014 2465 an
1046 2444 1074 2465 11.

793 2571 894 2610 XLII.v

475 2641 588 2675 Carolo
602 2641 779 2675 Emanueli
789 2642 975 2675 Sabandz'ae
991 2643 1067 2675 duci
1081 2647 1141 2676 tres
1162 2643 1214 2676 de·
1229 2645 1230 2649 ’

517 2696 616 2727 cimae
635 2694 674 2727 ab
695 2694 916 2728 ecclesiasticis
928 2696 1019 2729 intra
1031 2696 1213 2730 triennium
1227 2683 1230 2742 ji

1296 343 1525 387 persolvendae
1548 344 1784 386 conceduntur,
1812 347 1860 379 ita
1885 351 1992 379 tamen

1299 402 1335 430 ut
1350 407 1515 430 summam
1536 397 1677 441 lre'yinta
1695 398 1807 432 millia
1825 403 1991 432 scutorum

1298 461 1364 484 non
1389 449 1570 484 excedaM‘.

478 506 524 538 vel
539 505 736 547 ignoranter,
754 504 925 547 contigerit
942 503 1091 538 attentari
1110 504 1219 538 decer·
1236 465 1239 549 ,i

1254 557 1423 585 Venerabili
1447 557 1536 585 fratri
1559 559 1645 586 Petro
1673 559 1830 588 Francisco
1855 560 1992 596 episcopo

1289 601 1435 629 Saonensi
1445 605 1549 630 nostro
1564 606 1595 630 et
1610 603 1799 638 Apostolicae
1815 603 1898 632 sedis
1915 606 1992 639 apud

1235 661 1237 669 ν
1289 647 1434 674 dilectum
1458 647 1554 673 filium
1587 648 1716 675 nobilem
1737 648 1835 675 virum
1858 649 1992 678 carolum

1234 708 1236 738 k
1288 691 1480 719 Bmanuelem
1500 691 1666 719 Sabaudiae
1683 692 1788 720 ducem
1801 693 1913 722 nuncio

478 718 616 752 aliorum
643 717 849 760 litigantium,
873 727 909 750 ac
934 717 1132 761 parcendum
1159 728 1213 751 ex·
1233 743 1236 776 3

1492 772 1602 800 Paulus
1622 773 1700 807 Papa
1719 774 1750 801 V.

1463 851 1648 879 Venerabilis
1664 853 1759 880 frater
1769 873 1776 887 ,

1293 896 1422 923 salutem
1437 898 1467 923 et
1482 896 1677 930 apostolicam
1691 897 1940 927 benedictionem.

1293 983 1489 1018 praestantia
1510 984 1616 1018 dilecti
1642 984 1700 1018 filii
1720 985 1837 1019 nobilis
1857 985 1916 1020 viri
1936 998 1988 1022 ca·
2038 997 2108 1028 caron
2122 987 2170 1031 ις(
2200 988 2203 1025 ζ’

1249 1038 1309 1071 roli
1330 1037 1512 1072 Emanuelis
1533 1038 1711 1072 Sabaudiae
1732 1039 1821 1072 ducis
1839 1045 1869 1073 et
1887 1040 1987 1075 Pede·
2000 1024 2202 1105 {gffiffginewi

1250 1091 1408 1125 montium
1429 1091 1585 1136 principis
1598 1092 1630 1125 in
1648 1102 1706 1126 nos
1727 1098 1757 1126 et
1770 1093 1985 1137 Apostolicam
2002 1103 2134 1126 defendendi.
2160 1112 2162 1114 -

1248 1144 1363 1179 Sedem
1394 1145 1507 1179 merita
1534 1151 1680 1189 poscunt,
1702 1152 1737 1180 ut
1764 1146 1821 1187 illi,
1849 1146 1903 1191 qui
1928 1158 1987 1192 pro

1248 1199 1404 1234 catholica
1417 1199 1572 1242 religione
1585 1200 1616 1232 in
1629 1200 1693 1233 suis
1708 1200 1859 1234 dominiis
1873 1202 1990 1236 tuenda

1249 1252 1444 1296 gravissimis
1471 1252 1597 1287 assidue
1621 1253 1801 1298 sumptibus
1820 1254 1988 1299 premitur,

1232 1305 1365 1350 ‘quibus
1385 1305 1629 1349 suppeditandis
1650 1306 1748 1350 ipsius
1769 1306 1913 1341 redditus
1932 1318 1988 1341 ne-

1249 1369 1412 1403 quaquam
1433 1358 1607 1400 sufficiunt,
1626 1359 1664 1392 de
1682 1359 1792 1404 aliquo
1806 1360 1987 1395 subventio-

1249 1411 1298 1445 nis
1318 1411 1435 1445 auxilio
1453 1423 1490 1445 ex
1506 1412 1708 1456 Apostolicae
1729 1412 1819 1447 Sedis
1835 1413 1986 1457 benigni-

1251 1471 1313 1499 tate
1338 1465 1476 1499 libenter
1500 1466 1745 1510 prospiciamus.

1294 1520 1310 1561 g
1329 1518 1358 1551 «1.
1379 1519 1465 1552 Motu
1490 1519 1588 1562 igitur
1611 1520 1764 1564 proprio,
1787 1531 1824 1554 ac
1845 1531 1880 1554 ex
1901 1524 1987 1556 certa

1248 1572 1392 1613 scicntia,
1414 1575 1602 1617 maturaque
1617 1573 1859 1616 deliberatione,
1884 1575 1987 1619 deque

1248 1626 1443 1670 apostolicae
1459 1626 1625 1671 potcstatis
1644 1627 1856 1671 plenitudine,
1877 1634 1988 1663 tenore

1247 1679 1476 1722 praesentium,
1487 1679 1659 1713 indicimus
1672 1686 1703 1713 et
1715 1680 1912 1724 imponimus
1926 1686 1988 1716 tres

1248 1731 1386 1774 integras
1404 1732 1555 1773 declinas,
1579 1732 1662 1766 intra
1685 1733 1857 1767 triennium
1875 1734 1915 1768 ab
1929 1734 1988 1768 ini-

1248 1786 1292 1822 tio
1313 1786 1470 1820 currentis
1500 1787 1573 1820 anni
1601 1797 1698 1821 nncvi
1725 1789 1960 1823 numerandum
1976 1817 1984 1831 ,

1247 1849 1344 1872 unam
1375 1839 1498 1873 scilicet
1527 1833 1672 1884 quolibet
1696 1851 1781 1875 anno
1812 1842 1987 1888 respective

1248 1892 1419 1935 exigendas
1449 1893 1594 1927 omnium
1625 1899 1656 1927 et
1684 1894 1884 1938 singulorum
1914 1896 1984 1930 sru-

1248 1950 1369 1987 omum,
1382 1946 1566 1980 reddituum
1581 1953 1845 1991 ctproventuum‚
1857 1948 1988 1991 iurium,

1248 1999 1477 2033 obventionum
1511 2006 1541 2034 et
1577 2001 1869 2035 emolumentorum
1901 2012 1984 2047 quo-

1230 2071 1231 2086 ;
1247 2063 1474 2098 rumcumque,
1494 2060 1554 2087 tam
1568 2060 1728 2088 certorum
1744 2065 1839 2099 quam
1853 2055 1989 2089 incerto-

1229 2116 1332 2148 :rum‚
1353 2108 1530 2141 secundum
1553 2118 1662 2142 verum
1681 2119 1823 2142 annuum
1845 2109 1985 2143 valorem

1247 2171 1526 2205 quarumcumque
1541 2161 1784 2203 cathedralium,
1808 2162 1903 2196 etiam
1925 2173 1988 2196 me-

1229 2237 1231 2249 «,
1248 2214 1514 2258 tropolitanarum
1531 2242 1538 2256 ,
1567 2215 1807 2258 collegiatarum
1835 2221 1865 2250 et
1884 2227 1983 2261 paro—

1247 2268 1410 2310 chialium,
1430 2268 1632 2312 aliarumque
1649 2269 1856 2303 ecclesiarum
1878 2276 1909 2303 et
1923 2280 1988 2304 mo-

1246 2321 1462 2355 nasteriorum
1499 2327 1530 2355 et
1561 2327 1797 2363 conventuum,
1829 2332 1865 2356 ac
1890 2322 1984 2356 etiam

1247 2385 1431 2408 mensarum
1460 2375 1797 2419 archiepiscopalium,
1821 2375 1986 2420 episcopa-

1247 2429 1336 2471 lium,
1345 2429 1565 2470 abbatialium,
1575 2428 1798 2473 capitularium
1810 2435 1841 2462 et
1854 2439 1987 2464 conven-

1229 2497 1231 2507 ν
1249 2482 1394 2523 tualium‚
1414 2482 1616 2526 prioratuum
1632 2492 1773 2526 quoque,
1789 2482 1987 2527 praepositu-

1229 2533 1231 2555 ²
1247 2546 1368 2576 rarum,
1384 2536 1694 2580 praeceptoriarum‚
1722 2536 1982 2577 canonicatuum,

1246 2588 1515 2632 praebendarum,
1527 2588 1729 2631 dignitatum,
1744 2594 1984 2633 personatuum,

1247 2641 1583 2682 administrationum,
1609 2642 1790 2676 officiorum
1806 2670 1813 2684 ‚
1842 2648 1984 2677 caetero-

1246 2706 1383 2740 rumque
1412 2695 1644 2729 benesiciorum
1667 2695 1956 2730 ecclesiasticorum
1972 2722 1979 2736 ‚

2029 1529 2081 1551 Tres
2090 1529 2128 1552 dee
2148 1531 2151 1533 “
2198 1551 2199 1554 ,

2003 1556 2022 1577 ei
2044 1555 2159 1581 ennead
2192 1571 2193 1574 ,

2003 1583 2057 1604 intra
2075 1583 2123 1604 irim
2134 1594 2137 1601 ι
2148 1585 2158 1601 ῖ<ῑ
2184 1592 2186 1603 ;
2198 1601 2199 1604 ,

2003 1609 2126 1636 exigendae.
2162 1628 2169 1630 s
2191 1614 2193 1618 ’
