<?xml version="1.0" encoding="UTF-8"?>
<!DOCTYPE html PUBLIC "-//W3C//DTD XHTML 1.0 Transitional//EN"
    "http://www.w3.org/TR/xhtml1/DTD/xhtml1-transitional.dtd">
<html xmlns="http://www.w3.org/1999/xhtml" xml:lang="en" lang="en">
 <head>
  <title>
</title>
<meta http-equiv="Content-Type" content="text/html;charset=utf-8" />
  <meta name='ocr-system' content='tesseract 3.04.00' />
  <meta name='ocr-capabilities' content='ocr_page ocr_carea ocr_par ocr_line ocrx_word'/>
</head>
<body>
  <div class='ocr_page' id='page_1' title='image "./bullarumdiplomat11cath_0360.png"; bbox 0 0 2227 3241; ppageno 0'>
   <div class='ocr_carea' id='block_1_1' title="bbox 239 287 2203 339">
    <p class='ocr_par' dir='ltr' id='par_1_1' title="bbox 239 287 2203 339">
     <span class='ocr_line' id='line_1_1' title="bbox 239 287 2203 339; baseline -0.005 -4"><span class='ocrx_word' id='word_1_1' title='bbox 239 310 287 336; x_wconf 70' lang='lat' dir='ltr'>An.</span> <span class='ocrx_word' id='word_1_2' title='bbox 310 310 336 335; x_wconf 63' lang='grc' dir='ltr'>α,</span> <span class='ocrx_word' id='word_1_3' title='bbox 359 309 423 336; x_wconf 68' lang='lat' dir='ltr'>inor.</span> <span class='ocrx_word' id='word_1_4' title='bbox 470 299 532 332; x_wconf 63' lang='lat'>5322</span> <span class='ocrx_word' id='word_1_5' title='bbox 982 307 1156 331; x_wconf 62' lang='lat' dir='ltr'>arcelaum</span> <span class='ocrx_word' id='word_1_6' title='bbox 1184 308 1333 331; x_wconf 11' lang='lat' dir='ltr'>nmis-ixian</span> <span class='ocrx_word' id='word_1_7' title='bbox 1963 308 2013 335; x_wconf 72' lang='lat' dir='ltr'>An.</span> <span class='ocrx_word' id='word_1_8' title='bbox 2035 291 2181 339; x_wconf 35' lang='lat' dir='ltr'>016⁰ssst</span> <span class='ocrx_word' id='word_1_9' title='bbox 2202 287 2203 293; x_wconf 43' lang='lat'>¹</span> 
     </span>
    </p>
   </div>
   <div class='ocr_carea' id='block_1_2' title="bbox 440 353 1954 612">
    <p class='ocr_par' dir='ltr' id='par_1_2' title="bbox 440 353 1954 612">
     <span class='ocr_line' id='line_1_2' title="bbox 440 353 1951 402; baseline -0.001 -11"><span class='ocrx_word' id='word_1_10' title='bbox 440 357 722 402; x_wconf 81' lang='lat' dir='ltr'>persolvendarum</span> <span class='ocrx_word' id='word_1_11' title='bbox 754 355 945 399; x_wconf 70' lang='lat' dir='ltr'>pensionum</span> <span class='ocrx_word' id='word_1_12' title='bbox 977 364 1046 387; x_wconf 85' lang='lat' dir='ltr'>eam</span> <span class='ocrx_word' id='word_1_13' title='bbox 1078 361 1178 388; x_wconf 85' lang='lat' dir='ltr'>ratam</span> <span class='ocrx_word' id='word_1_14' title='bbox 1216 354 1338 389; x_wconf 75' lang='lat' dir='ltr'>iuribus</span> <span class='ocrx_word' id='word_1_15' title='bbox 1368 354 1551 387; x_wconf 76' lang='lat' dir='ltr'>huiusmodi</span> <span class='ocrx_word' id='word_1_16' title='bbox 1580 353 1803 388; x_wconf 64' lang='lat' dir='ltr'>collectoribus</span> <span class='ocrx_word' id='word_1_17' title='bbox 1824 355 1863 388; x_wconf 90' lang='lat' dir='ltr'>de</span> <span class='ocrx_word' id='word_1_18' title='bbox 1883 355 1951 390; x_wconf 87' lang='lat' dir='ltr'>iure</span> 
     </span>
     <span class='ocr_line' id='line_1_3' title="bbox 440 406 1948 452; baseline -0.001 -8"><span class='ocrx_word' id='word_1_19' title='bbox 440 411 499 444; x_wconf 63' lang='lat' dir='ltr'>silvi</span> <span class='ocrx_word' id='word_1_20' title='bbox 515 409 725 444; x_wconf 86' lang='lat' dir='ltr'>retineantad</span> <span class='ocrx_word' id='word_1_21' title='bbox 744 409 900 442; x_wconf 91' lang='lat' dir='ltr'>rationem</span> <span class='ocrx_word' id='word_1_22' title='bbox 916 408 1024 442; x_wconf 87' lang='lat' dir='ltr'>decem</span> <span class='ocrx_word' id='word_1_23' title='bbox 1038 418 1098 452; x_wconf 88' lang='lat' dir='ltr'>pro</span> <span class='ocrx_word' id='word_1_24' title='bbox 1112 419 1181 442; x_wconf 88' lang='lat' dir='ltr'>cen·</span> <span class='ocrx_word' id='word_1_25' title='bbox 1215 409 1260 441; x_wconf 73' lang='lat' dir='ltr'>vel</span> <span class='ocrx_word' id='word_1_26' title='bbox 1287 407 1519 442; x_wconf 86' lang='lat' dir='ltr'>consuetudine</span> <span class='ocrx_word' id='word_1_27' title='bbox 1544 406 1787 451; x_wconf 77' lang='lat' dir='ltr'>quomodolibet</span> <span class='ocrx_word' id='word_1_28' title='bbox 1817 417 1948 452; x_wconf 88' lang='lat' dir='ltr'>compe-</span> 
     </span>
     <span class='ocr_line' id='line_1_4' title="bbox 443 460 1953 505; baseline 0 -9"><span class='ocrx_word' id='word_1_29' title='bbox 443 463 577 503; x_wconf 75' lang='lat' dir='ltr'>tonario,</span> <span class='ocrx_word' id='word_1_30' title='bbox 598 461 658 495; x_wconf 86' lang='lat' dir='ltr'>nisi</span> <span class='ocrx_word' id='word_1_31' title='bbox 678 461 821 495; x_wconf 83' lang='lat' dir='ltr'>eiusdem</span> <span class='ocrx_word' id='word_1_32' title='bbox 837 461 981 495; x_wconf 80' lang='lat' dir='ltr'>decimae</span> <span class='ocrx_word' id='word_1_33' title='bbox 995 461 1181 495; x_wconf 70' lang='lat' dir='ltr'>collectores</span> <span class='ocrx_word' id='word_1_34' title='bbox 1216 462 1374 503; x_wconf 86' lang='lat' dir='ltr'>tentibus,</span> <span class='ocrx_word' id='word_1_35' title='bbox 1402 461 1591 495; x_wconf 89' lang='lat' dir='ltr'>auctoritate</span> <span class='ocrx_word' id='word_1_36' title='bbox 1618 460 1815 505; x_wconf 78' lang='lat' dir='ltr'>apostolica,</span> <span class='ocrx_word' id='word_1_37' title='bbox 1842 466 1953 496; x_wconf 88' lang='lat' dir='ltr'>tenore</span> 
     </span>
     <span class='ocr_line' id='line_1_5' title="bbox 442 512 1954 559; baseline -0.001 -10"><span class='ocrx_word' id='word_1_38' title='bbox 442 522 492 549; x_wconf 90' lang='lat' dir='ltr'>aut</span> <span class='ocrx_word' id='word_1_39' title='bbox 511 515 760 549; x_wconf 83' lang='lat' dir='ltr'>subcollectores</span> <span class='ocrx_word' id='word_1_40' title='bbox 780 514 819 547; x_wconf 85' lang='lat' dir='ltr'>ab</span> <span class='ocrx_word' id='word_1_41' title='bbox 841 514 984 558; x_wconf 79' lang='lat' dir='ltr'>ipsismet</span> <span class='ocrx_word' id='word_1_42' title='bbox 1006 514 1178 559; x_wconf 88' lang='lat' dir='ltr'>pensiona-</span> <span class='ocrx_word' id='word_1_43' title='bbox 1217 514 1455 559; x_wconf 88' lang='lat' dir='ltr'>praesentium,</span> <span class='ocrx_word' id='word_1_44' title='bbox 1488 513 1642 556; x_wconf 78' lang='lat' dir='ltr'>iacimus,</span> <span class='ocrx_word' id='word_1_45' title='bbox 1673 512 1896 548; x_wconf 88' lang='lat' dir='ltr'>constituimus</span> <span class='ocrx_word' id='word_1_46' title='bbox 1922 519 1954 548; x_wconf 85' lang='lat' dir='ltr'>et</span> 
     </span>
     <span class='ocr_line' id='line_1_6' title="bbox 444 568 1421 612; baseline -0.001 -10"><span class='ocrx_word' id='word_1_47' title='bbox 444 569 498 602; x_wconf 89' lang='lat' dir='ltr'>riis</span> <span class='ocrx_word' id='word_1_48' title='bbox 523 578 593 602; x_wconf 89' lang='lat' dir='ltr'>eam</span> <span class='ocrx_word' id='word_1_49' title='bbox 612 568 736 611; x_wconf 76' lang='lat' dir='ltr'><strong>exigere</strong></span> <span class='ocrx_word' id='word_1_50' title='bbox 757 568 925 601; x_wconf 88' lang='lat' dir='ltr'>voluerint.</span> <span class='ocrx_word' id='word_1_51' title='bbox 1218 568 1421 612; x_wconf 83' lang='lat' dir='ltr'>deputamus.</span> 
     </span>
    </p>
   </div>
   <div class='ocr_carea' id='block_1_3' title="bbox 1263 619 2194 664">
    <p class='ocr_par' dir='ltr' id='par_1_3' title="bbox 1263 614 2201 664">
     <span class='ocr_line' id='line_1_7' title="bbox 1263 619 2194 664; baseline 0.003 -11"><span class='ocrx_word' id='word_1_52' title='bbox 1263 623 1279 664; x_wconf 62' lang='lat' dir='ltr'>g</span> <span class='ocrx_word' id='word_1_53' title='bbox 1301 620 1330 654; x_wconf 73' lang='lat'>5.</span> <span class='ocrx_word' id='word_1_54' title='bbox 1352 621 1535 654; x_wconf 73' lang='lat' dir='ltr'>Manet-antes</span> <span class='ocrx_word' id='word_1_55' title='bbox 1556 620 1614 654; x_wconf 80' lang='lat' dir='ltr'>tibi</span> <span class='ocrx_word' id='word_1_56' title='bbox 1640 626 1676 654; x_wconf 84' lang='lat' dir='ltr'>ut</span> <span class='ocrx_word' id='word_1_57' title='bbox 1694 619 1880 654; x_wconf 85' lang='lat' dir='ltr'>huiusmodi</span> <span class='ocrx_word' id='word_1_58' title='bbox 1900 620 1954 654; x_wconf 89' lang='lat' dir='ltr'>de·</span> <span class='ocrx_word' id='word_1_59' title='bbox 2013 634 2152 657; x_wconf 69' lang='lat' dir='ltr'>ramum-aa</span> <span class='ocrx_word' id='word_1_60' title='bbox 2192 639 2194 646; x_wconf 48' lang='grc' dir='ltr'><em>ν</em></span> 
     </span>
    </p>
   </div>
   <div class='ocr_carea' id='block_1_4' title="bbox 1219 660 2201 714">
    <p class='ocr_par' dir='ltr' id='par_1_4' title="bbox 1219 660 2201 714">
     <span class='ocr_line' id='line_1_8' title="bbox 1219 660 2201 714; baseline 0.001 -7"><span class='ocrx_word' id='word_1_61' title='bbox 1219 675 1328 714; x_wconf 82' lang='lat' dir='ltr'>cimas,</span> <span class='ocrx_word' id='word_1_62' title='bbox 1344 684 1359 706; x_wconf 87' lang='lat' dir='ltr'>a</span> <span class='ocrx_word' id='word_1_63' title='bbox 1381 680 1409 708; x_wconf 91' lang='lat' dir='ltr'>te</span> <span class='ocrx_word' id='word_1_64' title='bbox 1427 675 1474 707; x_wconf 90' lang='lat' dir='ltr'>vel</span> <span class='ocrx_word' id='word_1_65' title='bbox 1491 673 1779 707; x_wconf 86' lang='lat' dir='ltr'>subcollectoribus</span> <span class='ocrx_word' id='word_1_66' title='bbox 1792 672 1853 707; x_wconf 92' lang='lat' dir='ltr'>tuis</span> <span class='ocrx_word' id='word_1_67' title='bbox 1869 672 1955 707; x_wconf 88' lang='lat' dir='ltr'>iuxta</span> <span class='ocrx_word' id='word_1_68' title='bbox 1969 660 2082 709; x_wconf 57' lang='grc' dir='ltr'>ὲῖςςῖἓω</span> <span class='ocrx_word' id='word_1_69' title='bbox 2102 666 2167 704; x_wconf 63' lang='lat'>⁰⁰¹¹&#39;³‚</span> <span class='ocrx_word' id='word_1_70' title='bbox 2199 661 2201 666; x_wconf 41' lang='lat'><strong><em>¹</em></strong></span> 
     </span>
    </p>
   </div>
   <div class='ocr_carea' id='block_1_5' title="bbox 1219 722 2212 2749">
    <p class='ocr_par' dir='ltr' id='par_1_5' title="bbox 1219 722 2219 2590">
     <span class='ocr_line' id='line_1_9' title="bbox 1219 722 1956 768; baseline -0.003 -10"><span class='ocrx_word' id='word_1_71' title='bbox 1219 724 1452 758; x_wconf 77' lang='lat' dir='ltr'>declarationes</span> <span class='ocrx_word' id='word_1_72' title='bbox 1464 723 1683 767; x_wconf 82' lang='lat' dir='ltr'>infrascriptas</span> <span class='ocrx_word' id='word_1_73' title='bbox 1695 722 1888 768; x_wconf 80' lang='lat' dir='ltr'>deputandis</span> <span class='ocrx_word' id='word_1_74' title='bbox 1897 723 1956 757; x_wconf 84' lang='lat' dir='ltr'>exi-</span> 
     </span>
     <span class='ocr_line' id='line_1_10' title="bbox 1219 776 1955 820; baseline -0.001 -9"><span class='ocrx_word' id='word_1_75' title='bbox 1219 777 1351 820; x_wconf 80' lang='lat' dir='ltr'>gendas,</span> <span class='ocrx_word' id='word_1_76' title='bbox 1368 777 1473 811; x_wconf 86' lang='lat' dir='ltr'>eidem</span> <span class='ocrx_word' id='word_1_77' title='bbox 1492 776 1606 811; x_wconf 91' lang='lat' dir='ltr'>Carolo</span> <span class='ocrx_word' id='word_1_78' title='bbox 1626 776 1792 810; x_wconf 86' lang='lat' dir='ltr'>Emanueli</span> <span class='ocrx_word' id='word_1_79' title='bbox 1807 776 1892 817; x_wconf 91' lang='lat' dir='ltr'>duci,</span> <span class='ocrx_word' id='word_1_80' title='bbox 1908 777 1955 810; x_wconf 88' lang='lat' dir='ltr'>vel</span> 
     </span>
     <span class='ocr_line' id='line_1_11' title="bbox 1220 828 1975 874; baseline 0 -11"><span class='ocrx_word' id='word_1_81' title='bbox 1220 830 1259 863; x_wconf 80' lang='lat' dir='ltr'>ab</span> <span class='ocrx_word' id='word_1_82' title='bbox 1274 840 1311 864; x_wconf 92' lang='lat' dir='ltr'>eo</span> <span class='ocrx_word' id='word_1_83' title='bbox 1327 830 1492 874; x_wconf 86' lang='lat' dir='ltr'>deputato,</span> <span class='ocrx_word' id='word_1_84' title='bbox 1509 829 1632 872; x_wconf 82' lang='lat' dir='ltr'>integre</span> <span class='ocrx_word' id='word_1_85' title='bbox 1649 828 1831 872; x_wconf 86' lang='lat' dir='ltr'>consignari</span> <span class='ocrx_word' id='word_1_86' title='bbox 1848 838 1975 869; x_wconf 64' lang='lat' dir='ltr'>cures;-</span> 
     </span>
     <span class='ocr_line' id='line_1_12' title="bbox 1221 882 1959 927; baseline 0 -11"><span class='ocrx_word' id='word_1_87' title='bbox 1221 884 1333 917; x_wconf 88' lang='lat' dir='ltr'>dantes</span> <span class='ocrx_word' id='word_1_88' title='bbox 1351 883 1408 916; x_wconf 86' lang='lat' dir='ltr'>tibi</span> <span class='ocrx_word' id='word_1_89' title='bbox 1429 883 1568 927; x_wconf 83' lang='lat' dir='ltr'>plenam,</span> <span class='ocrx_word' id='word_1_90' title='bbox 1585 882 1719 917; x_wconf 85' lang='lat' dir='ltr'>liberam</span> <span class='ocrx_word' id='word_1_91' title='bbox 1737 888 1768 918; x_wconf 86' lang='lat' dir='ltr'>et</span> <span class='ocrx_word' id='word_1_92' title='bbox 1780 882 1959 917; x_wconf 79' lang='lat' dir='ltr'>absolutam</span> 
     </span>
     <span class='ocr_line' id='line_1_13' title="bbox 1222 935 1962 981; baseline -0.003 -9"><span class='ocrx_word' id='word_1_93' title='bbox 1222 943 1412 981; x_wconf 87' lang='lat' dir='ltr'>potestatem</span> <span class='ocrx_word' id='word_1_94' title='bbox 1441 943 1472 971; x_wconf 90' lang='lat' dir='ltr'>et</span> <span class='ocrx_word' id='word_1_95' title='bbox 1503 936 1728 971; x_wconf 90' lang='lat' dir='ltr'>auctoritatem</span> <span class='ocrx_word' id='word_1_96' title='bbox 1759 935 1962 981; x_wconf 88' lang='lat' dir='ltr'>supradictos</span> 
     </span>
     <span class='ocr_line' id='line_1_14' title="bbox 1222 987 1960 1034; baseline -0.004 -10"><span class='ocrx_word' id='word_1_97' title='bbox 1222 1000 1354 1031; x_wconf 88' lang='lat' dir='ltr'>ornnes,</span> <span class='ocrx_word' id='word_1_98' title='bbox 1379 996 1441 1024; x_wconf 88' lang='lat' dir='ltr'>tam</span> <span class='ocrx_word' id='word_1_99' title='bbox 1463 989 1660 1024; x_wconf 89' lang='lat' dir='ltr'>coniunctim</span> <span class='ocrx_word' id='word_1_100' title='bbox 1689 999 1786 1034; x_wconf 87' lang='lat' dir='ltr'>quam</span> <span class='ocrx_word' id='word_1_101' title='bbox 1811 987 1960 1030; x_wconf 85' lang='lat' dir='ltr'>divisim,</span> 
     </span>
     <span class='ocr_line' id='line_1_15' title="bbox 1224 1041 1962 1087; baseline 0 -10"><span class='ocrx_word' id='word_1_102' title='bbox 1224 1043 1264 1077; x_wconf 83' lang='lat' dir='ltr'>ad</span> <span class='ocrx_word' id='word_1_103' title='bbox 1281 1043 1441 1087; x_wconf 77' lang='lat' dir='ltr'>integram</span> <span class='ocrx_word' id='word_1_104' title='bbox 1459 1043 1647 1078; x_wconf 89' lang='lat' dir='ltr'>huiusmodi</span> <span class='ocrx_word' id='word_1_105' title='bbox 1668 1043 1812 1078; x_wconf 82' lang='lat' dir='ltr'>decimae</span> <span class='ocrx_word' id='word_1_106' title='bbox 1828 1041 1962 1078; x_wconf 89' lang='lat' dir='ltr'>solutio-</span> 
     </span>
     <span class='ocr_line' id='line_1_16' title="bbox 1224 1096 1964 1142; baseline 0.001 -12"><span class='ocrx_word' id='word_1_107' title='bbox 1224 1107 1298 1131; x_wconf 85' lang='lat' dir='ltr'>nem</span> <span class='ocrx_word' id='word_1_108' title='bbox 1315 1124 1322 1138; x_wconf 93' lang='lat'>,</span> <span class='ocrx_word' id='word_1_109' title='bbox 1346 1097 1442 1131; x_wconf 91' lang='lat' dir='ltr'>etiam</span> <span class='ocrx_word' id='word_1_110' title='bbox 1472 1107 1531 1142; x_wconf 88' lang='lat' dir='ltr'>per</span> <span class='ocrx_word' id='word_1_111' title='bbox 1551 1097 1691 1131; x_wconf 87' lang='lat' dir='ltr'>edictum</span> <span class='ocrx_word' id='word_1_112' title='bbox 1720 1096 1799 1131; x_wconf 91' lang='lat' dir='ltr'>locis</span> <span class='ocrx_word' id='word_1_113' title='bbox 1826 1096 1964 1142; x_wconf 87' lang='lat' dir='ltr'>publicis</span> 
     </span>
     <span class='ocr_line' id='line_1_17' title="bbox 1225 1151 1964 1196; baseline 0.003 -12"><span class='ocrx_word' id='word_1_114' title='bbox 1225 1151 1435 1194; x_wconf 82' lang='lat' dir='ltr'>affigendum,</span> <span class='ocrx_word' id='word_1_115' title='bbox 1456 1151 1552 1185; x_wconf 86' lang='lat' dir='ltr'>etiam</span> <span class='ocrx_word' id='word_1_116' title='bbox 1567 1151 1626 1186; x_wconf 88' lang='lat' dir='ltr'>sub</span> <span class='ocrx_word' id='word_1_117' title='bbox 1646 1151 1789 1186; x_wconf 83' lang='lat' dir='ltr'>censuris</span> <span class='ocrx_word' id='word_1_118' title='bbox 1802 1157 1833 1186; x_wconf 85' lang='lat' dir='ltr'>et</span> <span class='ocrx_word' id='word_1_119' title='bbox 1851 1151 1964 1196; x_wconf 89' lang='lat' dir='ltr'>poenis</span> 
     </span>
     <span class='ocr_line' id='line_1_18' title="bbox 1226 1205 1961 1250; baseline 0 -11"><span class='ocrx_word' id='word_1_120' title='bbox 1226 1205 1470 1247; x_wconf 85' lang='lat' dir='ltr'>ecclesiasticis,</span> <span class='ocrx_word' id='word_1_121' title='bbox 1505 1205 1658 1240; x_wconf 87' lang='lat' dir='ltr'>monendi</span> <span class='ocrx_word' id='word_1_122' title='bbox 1690 1210 1721 1239; x_wconf 88' lang='lat' dir='ltr'>et</span> <span class='ocrx_word' id='word_1_123' title='bbox 1751 1205 1961 1250; x_wconf 81' lang='lat' dir='ltr'>requirendi;</span> 
     </span>
     <span class='ocr_line' id='line_1_19' title="bbox 1227 1259 1965 1304; baseline 0 -11"><span class='ocrx_word' id='word_1_124' title='bbox 1227 1270 1290 1293; x_wconf 88' lang='lat' dir='ltr'>non</span> <span class='ocrx_word' id='word_1_125' title='bbox 1312 1265 1472 1304; x_wconf 85' lang='lat' dir='ltr'>parentes,</span> <span class='ocrx_word' id='word_1_126' title='bbox 1501 1264 1709 1294; x_wconf 87' lang='lat' dir='ltr'>contumaces</span> <span class='ocrx_word' id='word_1_127' title='bbox 1729 1264 1761 1293; x_wconf 80' lang='lat' dir='ltr'>et</span> <span class='ocrx_word' id='word_1_128' title='bbox 1779 1259 1965 1293; x_wconf 76' lang='lat' dir='ltr'>fraudantes</span> 
     </span>
     <span class='ocr_line' id='line_1_20' title="bbox 1227 1312 1962 1357; baseline 0.003 -11"><span class='ocrx_word' id='word_1_129' title='bbox 1227 1313 1259 1346; x_wconf 90' lang='lat' dir='ltr'>in</span> <span class='ocrx_word' id='word_1_130' title='bbox 1285 1323 1435 1347; x_wconf 89' lang='lat' dir='ltr'>censuras</span> <span class='ocrx_word' id='word_1_131' title='bbox 1463 1319 1494 1347; x_wconf 90' lang='lat' dir='ltr'>et</span> <span class='ocrx_word' id='word_1_132' title='bbox 1525 1323 1645 1357; x_wconf 87' lang='lat' dir='ltr'>poenas</span> <span class='ocrx_word' id='word_1_133' title='bbox 1676 1312 1826 1347; x_wconf 89' lang='lat' dir='ltr'>incidisse</span> <span class='ocrx_word' id='word_1_134' title='bbox 1852 1313 1962 1348; x_wconf 88' lang='lat' dir='ltr'>decla-</span> 
     </span>
     <span class='ocr_line' id='line_1_21' title="bbox 1230 1366 1968 1411; baseline 0.001 -11"><span class='ocrx_word' id='word_1_135' title='bbox 1230 1367 1333 1408; x_wconf 73' lang='lat' dir='ltr'>randi,</span> <span class='ocrx_word' id='word_1_136' title='bbox 1354 1366 1580 1411; x_wconf 86' lang='lat' dir='ltr'>proprietates,</span> <span class='ocrx_word' id='word_1_137' title='bbox 1603 1367 1737 1409; x_wconf 78' lang='lat' dir='ltr'>fruetus,</span> <span class='ocrx_word' id='word_1_138' title='bbox 1756 1377 1808 1401; x_wconf 89' lang='lat' dir='ltr'>res</span> <span class='ocrx_word' id='word_1_139' title='bbox 1832 1372 1863 1401; x_wconf 89' lang='lat' dir='ltr'>et</span> <span class='ocrx_word' id='word_1_140' title='bbox 1881 1367 1968 1401; x_wconf 87' lang='lat' dir='ltr'>hona</span> 
     </span>
     <span class='ocr_line' id='line_1_22' title="bbox 1228 1420 1967 1466; baseline 0 -10"><span class='ocrx_word' id='word_1_141' title='bbox 1228 1422 1235 1455; x_wconf 93' lang='lat' dir='ltr'>i</span> <span class='ocrx_word' id='word_1_142' title='bbox 1241 1431 1371 1466; x_wconf 83' lang='lat' dir='ltr'>psorum</span> <span class='ocrx_word' id='word_1_143' title='bbox 1387 1420 1651 1466; x_wconf 85' lang='lat' dir='ltr'>apprehendendi</span> <span class='ocrx_word' id='word_1_144' title='bbox 1665 1426 1695 1455; x_wconf 90' lang='lat' dir='ltr'>et</span> <span class='ocrx_word' id='word_1_145' title='bbox 1708 1431 1811 1466; x_wconf 88' lang='lat' dir='ltr'>usque</span> <span class='ocrx_word' id='word_1_146' title='bbox 1823 1421 1863 1456; x_wconf 90' lang='lat' dir='ltr'>ad</span> <span class='ocrx_word' id='word_1_147' title='bbox 1876 1421 1967 1456; x_wconf 86' lang='lat' dir='ltr'>satis-</span> 
     </span>
     <span class='ocr_line' id='line_1_23' title="bbox 1228 1474 1968 1520; baseline 0 -11"><span class='ocrx_word' id='word_1_148' title='bbox 1228 1475 1399 1509; x_wconf 76' lang='lat' dir='ltr'>factionem</span> <span class='ocrx_word' id='word_1_149' title='bbox 1419 1474 1598 1516; x_wconf 85' lang='lat' dir='ltr'>retinendi;</span> <span class='ocrx_word' id='word_1_150' title='bbox 1616 1474 1880 1517; x_wconf 49' lang='lat' dir='ltr'>contradictores</span> <span class='ocrx_word' id='word_1_151' title='bbox 1896 1485 1968 1520; x_wconf 86' lang='lat' dir='ltr'>per-</span> 
     </span>
     <span class='ocr_line' id='line_1_24' title="bbox 1230 1528 1970 1573; baseline 0.003 -11"><span class='ocrx_word' id='word_1_152' title='bbox 1230 1529 1423 1569; x_wconf 82' lang='lat' dir='ltr'>turbatores,</span> <span class='ocrx_word' id='word_1_153' title='bbox 1442 1529 1665 1562; x_wconf 81' lang='lat' dir='ltr'>molestatores</span> <span class='ocrx_word' id='word_1_154' title='bbox 1678 1533 1708 1562; x_wconf 90' lang='lat' dir='ltr'>et</span> <span class='ocrx_word' id='word_1_155' title='bbox 1725 1528 1861 1562; x_wconf 88' lang='lat' dir='ltr'>rebelles</span> <span class='ocrx_word' id='word_1_156' title='bbox 1873 1539 1970 1573; x_wconf 91' lang='lat' dir='ltr'>quos·</span> 
     </span>
     <span class='ocr_line' id='line_1_25' title="bbox 1229 1581 1969 1626; baseline 0.001 -10"><span class='ocrx_word' id='word_1_157' title='bbox 1229 1592 1380 1626; x_wconf 85' lang='lat' dir='ltr'>cumque,</span> <span class='ocrx_word' id='word_1_158' title='bbox 1403 1581 1514 1626; x_wconf 89' lang='lat' dir='ltr'>eisque</span> <span class='ocrx_word' id='word_1_159' title='bbox 1534 1581 1704 1623; x_wconf 84' lang='lat' dir='ltr'>auxilium,</span> <span class='ocrx_word' id='word_1_160' title='bbox 1728 1581 1897 1616; x_wconf 86' lang='lat' dir='ltr'>consilium</span> <span class='ocrx_word' id='word_1_161' title='bbox 1919 1583 1969 1617; x_wconf 89' lang='lat' dir='ltr'>vel</span> 
     </span>
     <span class='ocr_line' id='line_1_26' title="bbox 1230 1634 1970 1680; baseline 0.001 -11"><span class='ocrx_word' id='word_1_162' title='bbox 1230 1636 1382 1676; x_wconf 85' lang='lat' dir='ltr'>savorem,</span> <span class='ocrx_word' id='word_1_163' title='bbox 1395 1634 1522 1679; x_wconf 86' lang='lat' dir='ltr'>publice</span> <span class='ocrx_word' id='word_1_164' title='bbox 1535 1634 1583 1667; x_wconf 91' lang='lat' dir='ltr'>vel</span> <span class='ocrx_word' id='word_1_165' title='bbox 1597 1634 1734 1675; x_wconf 88' lang='lat' dir='ltr'>occulte,</span> <span class='ocrx_word' id='word_1_166' title='bbox 1750 1634 1863 1679; x_wconf 88' lang='lat' dir='ltr'>quovis</span> <span class='ocrx_word' id='word_1_167' title='bbox 1875 1645 1970 1680; x_wconf 88' lang='lat' dir='ltr'>quae-</span> 
     </span>
     <span class='ocr_line' id='line_1_27' title="bbox 1229 1688 1969 1733; baseline 0 -10"><span class='ocrx_word' id='word_1_168' title='bbox 1229 1689 1290 1723; x_wconf 87' lang='lat' dir='ltr'>sito</span> <span class='ocrx_word' id='word_1_169' title='bbox 1308 1689 1417 1723; x_wconf 89' lang='lat' dir='ltr'>colore</span> <span class='ocrx_word' id='word_1_170' title='bbox 1437 1694 1648 1733; x_wconf 83' lang='lat' dir='ltr'>praestantes,</span> <span class='ocrx_word' id='word_1_171' title='bbox 1672 1688 1905 1733; x_wconf 88' lang='lat' dir='ltr'>cuiuscumque</span> <span class='ocrx_word' id='word_1_172' title='bbox 1920 1688 1969 1723; x_wconf 91' lang='lat' dir='ltr'>di-</span> 
     </span>
     <span class='ocr_line' id='line_1_28' title="bbox 1230 1741 1971 1787; baseline 0.001 -11"><span class='ocrx_word' id='word_1_173' title='bbox 1230 1743 1370 1786; x_wconf 85' lang='lat' dir='ltr'>gnitatis,</span> <span class='ocrx_word' id='word_1_174' title='bbox 1394 1743 1513 1785; x_wconf 84' lang='lat' dir='ltr'>gradus</span> <span class='ocrx_word' id='word_1_175' title='bbox 1533 1747 1564 1776; x_wconf 89' lang='lat' dir='ltr'>et</span> <span class='ocrx_word' id='word_1_176' title='bbox 1583 1742 1705 1776; x_wconf 86' lang='lat' dir='ltr'>ordinis</span> <span class='ocrx_word' id='word_1_177' title='bbox 1725 1741 1856 1784; x_wconf 87' lang='lat' dir='ltr'>suerint,</span> <span class='ocrx_word' id='word_1_178' title='bbox 1878 1752 1971 1787; x_wconf 84' lang='lat' dir='ltr'>prae-</span> 
     </span>
     <span class='ocr_line' id='line_1_29' title="bbox 1232 1796 1968 1841; baseline 0.001 -11"><span class='ocrx_word' id='word_1_179' title='bbox 1232 1797 1323 1830; x_wconf 86' lang='lat' dir='ltr'>dictis</span> <span class='ocrx_word' id='word_1_180' title='bbox 1343 1796 1479 1841; x_wconf 86' lang='lat' dir='ltr'>aliisque</span> <span class='ocrx_word' id='word_1_181' title='bbox 1508 1796 1652 1830; x_wconf 83' lang='lat' dir='ltr'>censuris</span> <span class='ocrx_word' id='word_1_182' title='bbox 1681 1802 1712 1830; x_wconf 88' lang='lat' dir='ltr'>et</span> <span class='ocrx_word' id='word_1_183' title='bbox 1730 1796 1844 1841; x_wconf 89' lang='lat' dir='ltr'>poenis</span> <span class='ocrx_word' id='word_1_184' title='bbox 1863 1796 1968 1832; x_wconf 85' lang='lat' dir='ltr'>eccle-</span> 
     </span>
     <span class='ocr_line' id='line_1_30' title="bbox 1231 1849 1973 1895; baseline 0.001 -11"><span class='ocrx_word' id='word_1_185' title='bbox 1231 1850 1376 1892; x_wconf 87' lang='lat' dir='ltr'>siasticis‚</span> <span class='ocrx_word' id='word_1_186' title='bbox 1399 1860 1526 1884; x_wconf 89' lang='lat' dir='ltr'>necnon</span> <span class='ocrx_word' id='word_1_187' title='bbox 1543 1849 1750 1894; x_wconf 86' lang='lat' dir='ltr'>pecuniariis,</span> <span class='ocrx_word' id='word_1_188' title='bbox 1770 1849 1973 1895; x_wconf 80' lang='lat' dir='ltr'>caeterisque</span> 
     </span>
     <span class='ocr_line' id='line_1_31' title="bbox 1233 1903 1969 1948; baseline 0.001 -11"><span class='ocrx_word' id='word_1_189' title='bbox 1233 1904 1310 1938; x_wconf 90' lang='lat' dir='ltr'>iuris</span> <span class='ocrx_word' id='word_1_190' title='bbox 1331 1910 1361 1938; x_wconf 88' lang='lat' dir='ltr'>et</span> <span class='ocrx_word' id='word_1_191' title='bbox 1380 1904 1452 1938; x_wconf 82' lang='lat' dir='ltr'>sacti</span> <span class='ocrx_word' id='word_1_192' title='bbox 1473 1903 1626 1938; x_wconf 84' lang='lat' dir='ltr'>remediis</span> <span class='ocrx_word' id='word_1_193' title='bbox 1646 1903 1858 1948; x_wconf 88' lang='lat' dir='ltr'>opportunis,</span> <span class='ocrx_word' id='word_1_194' title='bbox 1877 1913 1969 1938; x_wconf 85' lang='lat' dir='ltr'>com-</span> 
     </span>
     <span class='ocr_line' id='line_1_32' title="bbox 1232 1956 1973 2002; baseline 0.001 -11"><span class='ocrx_word' id='word_1_195' title='bbox 1232 1957 1385 2002; x_wconf 87' lang='lat' dir='ltr'>pellendi,</span> <span class='ocrx_word' id='word_1_196' title='bbox 1413 1957 1548 2001; x_wconf 86' lang='lat' dir='ltr'>illasque</span> <span class='ocrx_word' id='word_1_197' title='bbox 1574 1957 1669 1991; x_wconf 89' lang='lat' dir='ltr'>etiam</span> <span class='ocrx_word' id='word_1_198' title='bbox 1699 1957 1821 1991; x_wconf 84' lang='lat' dir='ltr'>iteratis</span> <span class='ocrx_word' id='word_1_199' title='bbox 1847 1956 1973 1992; x_wconf 90' lang='lat' dir='ltr'>vicibus</span> 
     </span>
     <span class='ocr_line' id='line_1_33' title="bbox 1234 2010 1974 2055; baseline 0.001 -11"><span class='ocrx_word' id='word_1_200' title='bbox 1234 2011 1451 2055; x_wconf 71' lang='lat' dir='ltr'>agg-ravandi,</span> <span class='ocrx_word' id='word_1_201' title='bbox 1485 2010 1716 2054; x_wconf 85' lang='lat' dir='ltr'>dignitatibus,</span> <span class='ocrx_word' id='word_1_202' title='bbox 1750 2010 1918 2045; x_wconf 89' lang='lat' dir='ltr'>beneficiis</span> <span class='ocrx_word' id='word_1_203' title='bbox 1941 2016 1974 2045; x_wconf 85' lang='lat' dir='ltr'>et</span> 
     </span>
     <span class='ocr_line' id='line_1_34' title="bbox 1234 2064 1971 2109; baseline -0.001 -10"><span class='ocrx_word' id='word_1_204' title='bbox 1234 2064 1349 2099; x_wconf 81' lang='lat' dir='ltr'>officiis</span> <span class='ocrx_word' id='word_1_205' title='bbox 1373 2064 1522 2098; x_wconf 88' lang='lat' dir='ltr'>omnibus</span> <span class='ocrx_word' id='word_1_206' title='bbox 1546 2065 1693 2109; x_wconf 88' lang='lat' dir='ltr'>privandi</span> <span class='ocrx_word' id='word_1_207' title='bbox 1723 2070 1755 2098; x_wconf 85' lang='lat' dir='ltr'>et</span> <span class='ocrx_word' id='word_1_208' title='bbox 1781 2064 1971 2106; x_wconf 86' lang='lat' dir='ltr'>amovendi,</span> 
     </span>
     <span class='ocr_line' id='line_1_35' title="bbox 1236 2117 1971 2160; baseline -0.001 -7"><span class='ocrx_word' id='word_1_209' title='bbox 1236 2124 1267 2153; x_wconf 90' lang='lat' dir='ltr'>et</span> <span class='ocrx_word' id='word_1_210' title='bbox 1291 2119 1330 2153; x_wconf 86' lang='lat' dir='ltr'>ad</span> <span class='ocrx_word' id='word_1_211' title='bbox 1359 2118 1467 2152; x_wconf 87' lang='lat' dir='ltr'>sutura</span> <span class='ocrx_word' id='word_1_212' title='bbox 1503 2117 1660 2152; x_wconf 84' lang='lat' dir='ltr'>inhabiles</span> <span class='ocrx_word' id='word_1_213' title='bbox 1692 2117 1852 2160; x_wconf 81' lang='lat' dir='ltr'>faciendi,</span> <span class='ocrx_word' id='word_1_214' title='bbox 1870 2117 1971 2152; x_wconf 85' lang='lat' dir='ltr'>inter-</span> 
     </span>
     <span class='ocr_line' id='line_1_36' title="bbox 1236 2170 1975 2216; baseline -0.003 -10"><span class='ocrx_word' id='word_1_215' title='bbox 1236 2172 1356 2206; x_wconf 89' lang='lat' dir='ltr'>dictum</span> <span class='ocrx_word' id='word_1_216' title='bbox 1378 2170 1630 2205; x_wconf 82' lang='lat' dir='ltr'>ecclesiasticum</span> <span class='ocrx_word' id='word_1_217' title='bbox 1655 2171 1862 2216; x_wconf 88' lang='lat' dir='ltr'>apponendi,</span> <span class='ocrx_word' id='word_1_218' title='bbox 1885 2170 1975 2204; x_wconf 87' lang='lat' dir='ltr'>auxi-</span> 
     </span>
     <span class='ocr_line' id='line_1_37' title="bbox 1237 2224 1976 2269; baseline -0.003 -10"><span class='ocrx_word' id='word_1_219' title='bbox 1237 2225 1315 2259; x_wconf 89' lang='lat' dir='ltr'>lium</span> <span class='ocrx_word' id='word_1_220' title='bbox 1340 2225 1463 2259; x_wconf 84' lang='lat' dir='ltr'>brachii</span> <span class='ocrx_word' id='word_1_221' title='bbox 1489 2224 1681 2265; x_wconf 88' lang='lat' dir='ltr'>saecularis,</span> <span class='ocrx_word' id='word_1_222' title='bbox 1704 2224 1976 2269; x_wconf 87' lang='lat' dir='ltr'>quandocumque</span> 
     </span>
     <span class='ocr_line' id='line_1_38' title="bbox 1238 2276 1976 2324; baseline -0.003 -12"><span class='ocrx_word' id='word_1_223' title='bbox 1238 2289 1318 2324; x_wconf 92' lang='lat' dir='ltr'>opus</span> <span class='ocrx_word' id='word_1_224' title='bbox 1332 2278 1437 2320; x_wconf 83' lang='lat' dir='ltr'>suerit,</span> <span class='ocrx_word' id='word_1_225' title='bbox 1457 2277 1644 2319; x_wconf 80' lang='lat' dir='ltr'>invocandi3</span> <span class='ocrx_word' id='word_1_226' title='bbox 1663 2277 1703 2311; x_wconf 85' lang='lat' dir='ltr'>ad</span> <span class='ocrx_word' id='word_1_227' title='bbox 1717 2276 1886 2311; x_wconf 88' lang='lat' dir='ltr'>sanitatem</span> <span class='ocrx_word' id='word_1_228' title='bbox 1899 2286 1976 2311; x_wconf 89' lang='lat' dir='ltr'>vero</span> 
     </span>
     <span class='ocr_line' id='line_1_39' title="bbox 1237 2330 1977 2376; baseline -0.003 -10"><span class='ocrx_word' id='word_1_229' title='bbox 1237 2342 1392 2374; x_wconf 85' lang='lat' dir='ltr'>reversos,</span> <span class='ocrx_word' id='word_1_230' title='bbox 1416 2331 1470 2376; x_wconf 87' lang='lat' dir='ltr'>qui</span> <span class='ocrx_word' id='word_1_231' title='bbox 1491 2331 1598 2366; x_wconf 84' lang='lat' dir='ltr'>debite</span> <span class='ocrx_word' id='word_1_232' title='bbox 1610 2330 1831 2372; x_wconf 76' lang='lat' dir='ltr'>satisfecerint,</span> <span class='ocrx_word' id='word_1_233' title='bbox 1851 2330 1891 2364; x_wconf 79' lang='lat' dir='ltr'>al&gt;</span> <span class='ocrx_word' id='word_1_234' title='bbox 1907 2339 1977 2364; x_wconf 90' lang='lat' dir='ltr'>om·</span> 
     </span>
     <span class='ocr_line' id='line_1_40' title="bbox 1238 2383 2212 2429; baseline -0.005 -9"><span class='ocrx_word' id='word_1_235' title='bbox 1238 2386 1333 2420; x_wconf 84' lang='lat' dir='ltr'>nibus</span> <span class='ocrx_word' id='word_1_236' title='bbox 1357 2385 1500 2420; x_wconf 87' lang='lat' dir='ltr'>censuris</span> <span class='ocrx_word' id='word_1_237' title='bbox 1531 2391 1562 2419; x_wconf 86' lang='lat' dir='ltr'>et</span> <span class='ocrx_word' id='word_1_238' title='bbox 1588 2383 1701 2429; x_wconf 89' lang='lat' dir='ltr'>poenis</span> <span class='ocrx_word' id='word_1_239' title='bbox 1727 2383 1920 2428; x_wconf 84' lang='lat' dir='ltr'>supradictis</span> <span class='ocrx_word' id='word_1_240' title='bbox 1944 2384 1978 2418; x_wconf 88' lang='lat' dir='ltr'>in</span> <span class='ocrx_word' id='word_1_241' title='bbox 2137 2412 2141 2416; x_wconf 73' lang='grc'>,</span> <span class='ocrx_word' id='word_1_242' title='bbox 2204 2416 2212 2424; x_wconf 70' lang='grc'><strong><em>,</em></strong></span> 
     </span>
     <span class='ocr_line' id='line_1_41' title="bbox 1240 2430 2211 2482; baseline -0.001 -10"><span class='ocrx_word' id='word_1_243' title='bbox 1240 2439 1339 2473; x_wconf 78' lang='lat' dir='ltr'>forma</span> <span class='ocrx_word' id='word_1_244' title='bbox 1357 2437 1515 2472; x_wconf 82' lang='lat' dir='ltr'>Ecclesiae</span> <span class='ocrx_word' id='word_1_245' title='bbox 1536 2438 1689 2472; x_wconf 78' lang='lat' dir='ltr'>consueta</span> <span class='ocrx_word' id='word_1_246' title='bbox 1706 2436 1903 2478; x_wconf 89' lang='lat' dir='ltr'>absolvendi,</span> <span class='ocrx_word' id='word_1_247' title='bbox 1925 2446 1978 2472; x_wconf 91' lang='lat' dir='ltr'>su·</span> <span class='ocrx_word' id='word_1_248' title='bbox 2141 2430 2153 2458; x_wconf 47' lang='lat' dir='ltr'>i</span> <span class='ocrx_word' id='word_1_249' title='bbox 2170 2438 2178 2482; x_wconf 65' lang='grc'><em>3</em></span> <span class='ocrx_word' id='word_1_250' title='bbox 2199 2437 2211 2466; x_wconf 87' lang='grc'>·-“</span> 
     </span>
     <span class='ocr_line' id='line_1_42' title="bbox 1240 2483 2151 2538; baseline -0.001 -12"><span class='ocrx_word' id='word_1_251' title='bbox 1240 2503 1297 2538; x_wconf 89' lang='lat' dir='ltr'>per</span> <span class='ocrx_word' id='word_1_252' title='bbox 1315 2491 1551 2535; x_wconf 77' lang='lat' dir='ltr'>irregularitate</span> <span class='ocrx_word' id='word_1_253' title='bbox 1570 2491 1678 2525; x_wconf 75' lang='lat' dir='ltr'>forsan</span> <span class='ocrx_word' id='word_1_254' title='bbox 1703 2490 1832 2524; x_wconf 75' lang='lat' dir='ltr'>incursa</span> <span class='ocrx_word' id='word_1_255' title='bbox 1848 2489 1978 2535; x_wconf 82' lang='lat' dir='ltr'>dispen-</span> <span class='ocrx_word' id='word_1_256' title='bbox 2131 2483 2151 2496; x_wconf 70' lang='lat'>&#39;¹</span> 
     </span>
     <span class='ocr_line' id='line_1_43' title="bbox 1241 2543 1980 2590; baseline -0.004 -10"><span class='ocrx_word' id='word_1_257' title='bbox 1241 2546 1355 2588; x_wconf 88' lang='lat' dir='ltr'>sandi,</span> <span class='ocrx_word' id='word_1_258' title='bbox 1383 2551 1414 2580; x_wconf 89' lang='lat' dir='ltr'>et</span> <span class='ocrx_word' id='word_1_259' title='bbox 1441 2545 1481 2579; x_wconf 91' lang='lat' dir='ltr'>ad</span> <span class='ocrx_word' id='word_1_260' title='bbox 1508 2544 1679 2590; x_wconf 89' lang='lat' dir='ltr'>pristinum</span> <span class='ocrx_word' id='word_1_261' title='bbox 1703 2549 1822 2578; x_wconf 86' lang='lat' dir='ltr'>statum</span> <span class='ocrx_word' id='word_1_262' title='bbox 1847 2543 1980 2578; x_wconf 89' lang='lat' dir='ltr'>omnino</span> 
     </span>
    </p>

    <p class='ocr_par' dir='ltr' id='par_1_6' title="bbox 1242 2596 1980 2643">
     <span class='ocr_line' id='line_1_44' title="bbox 1242 2596 1980 2643; baseline -0.003 -10"><span class='ocrx_word' id='word_1_263' title='bbox 1242 2598 1429 2634; x_wconf 89' lang='lat' dir='ltr'>restituendi</span> <span class='ocrx_word' id='word_1_264' title='bbox 1443 2610 1451 2640; x_wconf 76' lang='lat'><em>3</em></span> <span class='ocrx_word' id='word_1_265' title='bbox 1474 2603 1641 2643; x_wconf 86' lang='lat' dir='ltr'>praeterea</span> <span class='ocrx_word' id='word_1_266' title='bbox 1654 2597 1842 2632; x_wconf 89' lang='lat' dir='ltr'>collectores</span> <span class='ocrx_word' id='word_1_267' title='bbox 1859 2602 1890 2631; x_wconf 89' lang='lat' dir='ltr'>et</span> <span class='ocrx_word' id='word_1_268' title='bbox 1905 2596 1980 2632; x_wconf 90' lang='lat' dir='ltr'>sub-</span> 
     </span>
    </p>

    <p class='ocr_par' dir='ltr' id='par_1_7' title="bbox 1242 2650 2033 2749">
     <span class='ocr_line' id='line_1_45' title="bbox 1242 2650 2033 2688; baseline -0.005 0"><span class='ocrx_word' id='word_1_269' title='bbox 1242 2654 1431 2688; x_wconf 88' lang='lat' dir='ltr'>collectores</span> <span class='ocrx_word' id='word_1_270' title='bbox 1449 2652 1512 2687; x_wconf 87' lang='lat' dir='ltr'>fide</span> <span class='ocrx_word' id='word_1_271' title='bbox 1529 2658 1559 2686; x_wconf 90' lang='lat' dir='ltr'>et</span> <span class='ocrx_word' id='word_1_272' title='bbox 1578 2650 1782 2685; x_wconf 85' lang='lat' dir='ltr'>facultatibus</span> <span class='ocrx_word' id='word_1_273' title='bbox 1795 2650 1929 2685; x_wconf 90' lang='lat' dir='ltr'>idoneos</span> <span class='ocrx_word' id='word_1_274' title='bbox 1946 2650 1979 2684; x_wconf 92' lang='lat' dir='ltr'>in</span> <span class='ocrx_word' id='word_1_275' title='bbox 2031 2662 2033 2664; x_wconf 65' lang='grc'>’</span> 
     </span>
     <span class='ocr_line' id='line_1_46' title="bbox 1242 2703 1981 2749; baseline -0.007 -7"><span class='ocrx_word' id='word_1_276' title='bbox 1242 2706 1392 2742; x_wconf 89' lang='lat' dir='ltr'>universo</span> <span class='ocrx_word' id='word_1_277' title='bbox 1413 2706 1531 2742; x_wconf 82' lang='lat' dir='ltr'>ducatu</span> <span class='ocrx_word' id='word_1_278' title='bbox 1551 2704 1730 2740; x_wconf 77' lang='lat' dir='ltr'>sabaudiae</span> <span class='ocrx_word' id='word_1_279' title='bbox 1750 2709 1781 2739; x_wconf 91' lang='lat' dir='ltr'>et</span> <span class='ocrx_word' id='word_1_280' title='bbox 1797 2703 1981 2749; x_wconf 83' lang='lat' dir='ltr'>principatu</span> 
     </span>
    </p>
   </div>
   <div class='ocr_carea' id='block_1_6' title="bbox 2124 0 2227 2294">
    <p class='ocr_par' dir='ltr' id='par_1_8' title="bbox 2124 0 2227 2294">
     <span class='ocr_line' id='line_1_47' title="bbox 2124 0 2227 668; baseline 0.456 -46"><span class='ocrx_word' id='word_1_281' title='bbox 2124 0 2227 668; x_wconf 95' lang='lat' dir='ltr'>   </span> 
     </span>
     <span class='ocr_line' id='line_1_48' title="bbox 2175 668 2227 2294; baseline 0 -963"><span class='ocrx_word' id='word_1_282' title='bbox 2175 668 2227 2294; x_wconf 95' lang='lat' dir='ltr'>  </span> 
     </span>
    </p>
   </div>
   <div class='ocr_carea' id='block_1_7' title="bbox 1195 568 1228 2365">
    <p class='ocr_par' dir='ltr' id='par_1_9' title="bbox 1195 568 1228 2365">
     <span class='ocr_line' id='line_1_49' title="bbox 1195 568 1208 651; baseline 0 0"><span class='ocrx_word' id='word_1_283' title='bbox 1195 568 1208 651; x_wconf 95' lang='lat' dir='ltr'>  </span> 
     </span>
     <span class='ocr_line' id='line_1_50' title="bbox 1196 651 1209 791; baseline 0 0"><span class='ocrx_word' id='word_1_284' title='bbox 1196 651 1209 791; x_wconf 95' lang='lat' dir='ltr'>  </span> 
     </span>
     <span class='ocr_line' id='line_1_51' title="bbox 1197 791 1211 897; baseline 0 0"><span class='ocrx_word' id='word_1_285' title='bbox 1197 791 1211 897; x_wconf 95' lang='lat' dir='ltr'>  </span> 
     </span>
     <span class='ocr_line' id='line_1_52' title="bbox 1198 897 1211 949; baseline 0 2292"><span class='ocrx_word' id='word_1_286' title='bbox 1198 897 1211 949; x_wconf 95' lang='lat' dir='ltr'> </span> 
     </span>
     <span class='ocr_line' id='line_1_53' title="bbox 1199 949 1213 1057; baseline 0 -53"><span class='ocrx_word' id='word_1_287' title='bbox 1199 949 1213 1057; x_wconf 95' lang='lat' dir='ltr'>  </span> 
     </span>
     <span class='ocr_line' id='line_1_54' title="bbox 1200 1057 1214 1110; baseline 0 2131"><span class='ocrx_word' id='word_1_288' title='bbox 1200 1057 1214 1110; x_wconf 95' lang='lat' dir='ltr'> </span> 
     </span>
     <span class='ocr_line' id='line_1_55' title="bbox 1201 1110 1214 1165; baseline 0 2076"><span class='ocrx_word' id='word_1_289' title='bbox 1201 1110 1214 1165; x_wconf 95' lang='lat' dir='ltr'> </span> 
     </span>
     <span class='ocr_line' id='line_1_56' title="bbox 1202 1165 1217 1397; baseline 0 -125"><span class='ocrx_word' id='word_1_290' title='bbox 1202 1165 1217 1397; x_wconf 95' lang='lat' dir='ltr'>     </span> 
     </span>
     <span class='ocr_line' id='line_1_57' title="bbox 1205 1397 1228 2365; baseline 0 -822"><span class='ocrx_word' id='word_1_291' title='bbox 1205 1397 1228 2365; x_wconf 95' lang='lat' dir='ltr'>   </span> 
     </span>
    </p>
   </div>
   <div class='ocr_carea' id='block_1_8' title="bbox 244 620 1205 2586">
    <p class='ocr_par' dir='ltr' id='par_1_10' title="bbox 244 620 1192 1520">
     <span class='ocr_line' id='line_1_58' title="bbox 269 620 1180 665; baseline -0.003 -8"><span class='ocrx_word' id='word_1_292' title='bbox 269 636 426 657; x_wconf 55' lang='lat' dir='ltr'>maiatum-1.-</span> <span class='ocrx_word' id='word_1_293' title='bbox 487 621 555 665; x_wconf 61' lang='grc' dir='ltr'>ξῖ.</span> <span class='ocrx_word' id='word_1_294' title='bbox 584 622 798 655; x_wconf 87' lang='lat' dir='ltr'>Decernentes</span> <span class='ocrx_word' id='word_1_295' title='bbox 826 620 931 655; x_wconf 87' lang='lat' dir='ltr'>nullas</span> <span class='ocrx_word' id='word_1_296' title='bbox 956 620 1088 655; x_wconf 87' lang='lat' dir='ltr'>omnino</span> <span class='ocrx_word' id='word_1_297' title='bbox 1118 621 1180 654; x_wconf 87' lang='lat' dir='ltr'>im-</span> 
     </span>
     <span class='ocr_line' id='line_1_59' title="bbox 244 662 1182 719; baseline -0.001 -10"><span class='ocrx_word' id='word_1_298' title='bbox 244 662 427 714; x_wconf 50' lang='lat' dir='ltr'>&#39;ts-³{Tx&#39;lss&#39;u&#39;21‘‚&#39;÷&#39;‚&#39;.33;t·&#39;.&#39;&#39;</span> <span class='ocrx_word' id='word_1_299' title='bbox 445 675 614 710; x_wconf 88' lang='lat' dir='ltr'>munitates</span> <span class='ocrx_word' id='word_1_300' title='bbox 635 680 665 709; x_wconf 85' lang='lat' dir='ltr'>et</span> <span class='ocrx_word' id='word_1_301' title='bbox 678 674 908 719; x_wconf 82' lang='lat' dir='ltr'>exemptiones,</span> <span class='ocrx_word' id='word_1_302' title='bbox 925 675 1020 708; x_wconf 91' lang='lat' dir='ltr'>etiam</span> <span class='ocrx_word' id='word_1_303' title='bbox 1036 685 1070 709; x_wconf 80' lang='lat' dir='ltr'>ex</span> <span class='ocrx_word' id='word_1_304' title='bbox 1090 677 1182 709; x_wconf 82' lang='lat' dir='ltr'>causa</span> 
     </span>
     <span class='ocr_line' id='line_1_60' title="bbox 444 727 1184 771; baseline -0.001 -8"><span class='ocrx_word' id='word_1_305' title='bbox 444 728 687 771; x_wconf 77' lang='lat' dir='ltr'>resignationis,</span> <span class='ocrx_word' id='word_1_306' title='bbox 719 727 873 762; x_wconf 82' lang='lat' dir='ltr'>cessionis</span> <span class='ocrx_word' id='word_1_307' title='bbox 897 727 1027 768; x_wconf 88' lang='lat' dir='ltr'>iurium,</span> <span class='ocrx_word' id='word_1_308' title='bbox 1052 738 1184 762; x_wconf 88' lang='lat' dir='ltr'>concor-</span> 
     </span>
     <span class='ocr_line' id='line_1_61' title="bbox 445 781 1185 825; baseline -0.003 -9"><span class='ocrx_word' id='word_1_309' title='bbox 445 782 528 823; x_wconf 87' lang='lat' dir='ltr'>diae,</span> <span class='ocrx_word' id='word_1_310' title='bbox 551 781 794 822; x_wconf 90' lang='lat' dir='ltr'>conventionis‚</span> <span class='ocrx_word' id='word_1_311' title='bbox 818 787 873 814; x_wconf 89' lang='lat' dir='ltr'>aut</span> <span class='ocrx_word' id='word_1_312' title='bbox 893 791 1097 825; x_wconf 86' lang='lat' dir='ltr'>quacumque</span> <span class='ocrx_word' id='word_1_313' title='bbox 1122 781 1185 815; x_wconf 78' lang='lat' dir='ltr'>alia</span> 
     </span>
     <span class='ocr_line' id='line_1_62' title="bbox 445 834 1186 879; baseline 0 -11"><span class='ocrx_word' id='word_1_314' title='bbox 445 835 533 877; x_wconf 80' lang='lat' dir='ltr'>gravi</span> <span class='ocrx_word' id='word_1_315' title='bbox 559 840 589 868; x_wconf 93' lang='lat' dir='ltr'>et</span> <span class='ocrx_word' id='word_1_316' title='bbox 609 836 745 868; x_wconf 80' lang='lat' dir='ltr'>onerosa</span> <span class='ocrx_word' id='word_1_317' title='bbox 765 834 954 875; x_wconf 86' lang='lat' dir='ltr'>occasione,</span> <span class='ocrx_word' id='word_1_318' title='bbox 980 844 1186 879; x_wconf 86' lang='lat' dir='ltr'>quocumque</span> 
     </span>
     <span class='ocr_line' id='line_1_63' title="bbox 446 886 1187 922; baseline -0.001 -1"><span class='ocrx_word' id='word_1_319' title='bbox 446 888 544 922; x_wconf 91' lang='lat' dir='ltr'>modo</span> <span class='ocrx_word' id='word_1_320' title='bbox 565 897 732 921; x_wconf 88' lang='lat' dir='ltr'>concessas</span> <span class='ocrx_word' id='word_1_321' title='bbox 750 893 780 920; x_wconf 88' lang='lat' dir='ltr'>et</span> <span class='ocrx_word' id='word_1_322' title='bbox 800 887 886 920; x_wconf 89' lang='lat' dir='ltr'>dicto</span> <span class='ocrx_word' id='word_1_323' title='bbox 901 886 1038 920; x_wconf 90' lang='lat' dir='ltr'>triennio</span> <span class='ocrx_word' id='word_1_324' title='bbox 1052 887 1187 920; x_wconf 89' lang='lat' dir='ltr'>durante</span> 
     </span>
     <span class='ocr_line' id='line_1_64' title="bbox 446 939 1187 984; baseline -0.004 -8"><span class='ocrx_word' id='word_1_325' title='bbox 446 941 669 976; x_wconf 84' lang='lat' dir='ltr'>concedendas</span> <span class='ocrx_word' id='word_1_326' title='bbox 683 939 821 983; x_wconf 90' lang='lat' dir='ltr'>(etiamsi</span> <span class='ocrx_word' id='word_1_327' title='bbox 836 949 1046 984; x_wconf 81' lang='lat' dir='ltr'>possessores,</span> <span class='ocrx_word' id='word_1_328' title='bbox 1062 940 1187 974; x_wconf 80' lang='lat' dir='ltr'>usufru-</span> 
     </span>
     <span class='ocr_line' id='line_1_65' title="bbox 447 993 1188 1038; baseline -0.004 -9"><span class='ocrx_word' id='word_1_329' title='bbox 447 995 574 1037; x_wconf 88' lang='lat' dir='ltr'>ctuarii,</span> <span class='ocrx_word' id='word_1_330' title='bbox 594 1000 648 1028; x_wconf 89' lang='lat' dir='ltr'>aut</span> <span class='ocrx_word' id='word_1_331' title='bbox 661 994 714 1028; x_wconf 90' lang='lat' dir='ltr'>alii</span> <span class='ocrx_word' id='word_1_332' title='bbox 732 993 904 1038; x_wconf 85' lang='lat' dir='ltr'>pensiones</span> <span class='ocrx_word' id='word_1_333' title='bbox 921 993 1107 1027; x_wconf 88' lang='lat' dir='ltr'>huiusmodi</span> <span class='ocrx_word' id='word_1_334' title='bbox 1124 993 1188 1027; x_wconf 89' lang='lat' dir='ltr'>sol-</span> 
     </span>
     <span class='ocr_line' id='line_1_66' title="bbox 447 1047 1189 1091; baseline -0.004 -8"><span class='ocrx_word' id='word_1_335' title='bbox 447 1060 521 1083; x_wconf 91' lang='lat' dir='ltr'>vere</span> <span class='ocrx_word' id='word_1_336' title='bbox 541 1049 716 1089; x_wconf 82' lang='lat' dir='ltr'>habentes,</span> <span class='ocrx_word' id='word_1_337' title='bbox 736 1047 798 1081; x_wconf 87' lang='lat' dir='ltr'>iuri</span> <span class='ocrx_word' id='word_1_338' title='bbox 827 1053 857 1081; x_wconf 86' lang='lat' dir='ltr'>et</span> <span class='ocrx_word' id='word_1_339' title='bbox 885 1047 1003 1081; x_wconf 90' lang='lat' dir='ltr'>actioni</span> <span class='ocrx_word' id='word_1_340' title='bbox 1032 1047 1189 1091; x_wconf 88' lang='lat' dir='ltr'>petendae</span> 
     </span>
     <span class='ocr_line' id='line_1_67' title="bbox 447 1099 1190 1145; baseline -0.004 -9"><span class='ocrx_word' id='word_1_341' title='bbox 447 1103 495 1136; x_wconf 89' lang='lat' dir='ltr'>vel</span> <span class='ocrx_word' id='word_1_342' title='bbox 516 1101 708 1136; x_wconf 87' lang='lat' dir='ltr'>retinendae</span> <span class='ocrx_word' id='word_1_343' title='bbox 739 1100 896 1145; x_wconf 81' lang='lat' dir='ltr'>portlonis</span> <span class='ocrx_word' id='word_1_344' title='bbox 921 1106 951 1134; x_wconf 86' lang='lat' dir='ltr'>et</span> <span class='ocrx_word' id='word_1_345' title='bbox 976 1106 1065 1133; x_wconf 84' lang='lat' dir='ltr'>ratae</span> <span class='ocrx_word' id='word_1_346' title='bbox 1091 1099 1190 1144; x_wconf 87' lang='lat' dir='ltr'>partis</span> 
     </span>
     <span class='ocr_line' id='line_1_68' title="bbox 448 1153 1189 1201; baseline -0.007 -10"><span class='ocrx_word' id='word_1_347' title='bbox 448 1155 672 1201; x_wconf 86' lang='lat' dir='ltr'>pensionarios</span> <span class='ocrx_word' id='word_1_348' title='bbox 685 1154 901 1197; x_wconf 85' lang='lat' dir='ltr'>contingentis</span> <span class='ocrx_word' id='word_1_349' title='bbox 918 1153 1126 1187; x_wconf 83' lang='lat' dir='ltr'>iureiurando</span> <span class='ocrx_word' id='word_1_350' title='bbox 1141 1164 1189 1187; x_wconf 89' lang='lat' dir='ltr'>re-</span> 
     </span>
     <span class='ocr_line' id='line_1_69' title="bbox 448 1207 1191 1249; baseline -0.004 -6"><span class='ocrx_word' id='word_1_351' title='bbox 448 1209 682 1249; x_wconf 89' lang='lat' dir='ltr'>nunciaverint,</span> <span class='ocrx_word' id='word_1_352' title='bbox 700 1214 731 1242; x_wconf 87' lang='lat' dir='ltr'>et</span> <span class='ocrx_word' id='word_1_353' title='bbox 745 1208 798 1242; x_wconf 89' lang='lat' dir='ltr'>illa</span> <span class='ocrx_word' id='word_1_354' title='bbox 818 1207 920 1241; x_wconf 81' lang='lat' dir='ltr'>libere</span> <span class='ocrx_word' id='word_1_355' title='bbox 939 1207 1138 1248; x_wconf 87' lang='lat' dir='ltr'>donaverint,</span> <span class='ocrx_word' id='word_1_356' title='bbox 1155 1217 1191 1240; x_wconf 90' lang='lat' dir='ltr'>ac</span> 
     </span>
     <span class='ocr_line' id='line_1_70' title="bbox 450 1260 1188 1308; baseline -0.003 -12"><span class='ocrx_word' id='word_1_357' title='bbox 450 1262 589 1296; x_wconf 76' lang='lat' dir='ltr'>facultati</span> <span class='ocrx_word' id='word_1_358' title='bbox 616 1261 783 1306; x_wconf 89' lang='lat' dir='ltr'>repetendi</span> <span class='ocrx_word' id='word_1_359' title='bbox 809 1260 958 1308; x_wconf 85' lang='lat' dir='ltr'>similiter</span> <span class='ocrx_word' id='word_1_360' title='bbox 978 1260 1188 1294; x_wconf 88' lang='lat' dir='ltr'>renunciave-</span> 
     </span>
     <span class='ocr_line' id='line_1_71' title="bbox 451 1314 1192 1361; baseline -0.004 -10"><span class='ocrx_word' id='word_1_361' title='bbox 451 1317 527 1359; x_wconf 86' lang='lat' dir='ltr'>rint,</span> <span class='ocrx_word' id='word_1_362' title='bbox 544 1322 640 1361; x_wconf 86' lang='lat' dir='ltr'>atque</span> <span class='ocrx_word' id='word_1_363' title='bbox 656 1316 689 1349; x_wconf 89' lang='lat' dir='ltr'>in</span> <span class='ocrx_word' id='word_1_364' title='bbox 706 1316 808 1349; x_wconf 76' lang='lat' dir='ltr'>forma</span> <span class='ocrx_word' id='word_1_365' title='bbox 824 1314 978 1349; x_wconf 84' lang='lat' dir='ltr'>Gamerae</span> <span class='ocrx_word' id='word_1_366' title='bbox 991 1314 1192 1359; x_wconf 87' lang='lat' dir='ltr'>Apostolicae</span> 
     </span>
     <span class='ocr_line' id='line_1_72' title="bbox 451 1367 1189 1415; baseline -0.004 -11"><span class='ocrx_word' id='word_1_367' title='bbox 451 1370 651 1415; x_wconf 82' lang='lat' dir='ltr'>amplissima</span> <span class='ocrx_word' id='word_1_368' title='bbox 677 1368 843 1412; x_wconf 87' lang='lat' dir='ltr'>caverint)</span> <span class='ocrx_word' id='word_1_369' title='bbox 865 1368 993 1402; x_wconf 86' lang='lat' dir='ltr'>eosdem</span> <span class='ocrx_word' id='word_1_370' title='bbox 1015 1367 1189 1412; x_wconf 89' lang='lat' dir='ltr'>pensiona-</span> 
     </span>
     <span class='ocr_line' id='line_1_73' title="bbox 452 1422 1191 1468; baseline -0.005 -10"><span class='ocrx_word' id='word_1_371' title='bbox 452 1424 517 1457; x_wconf 90' lang='lat' dir='ltr'>rios</span> <span class='ocrx_word' id='word_1_372' title='bbox 537 1424 648 1468; x_wconf 88' lang='lat' dir='ltr'>aliquo</span> <span class='ocrx_word' id='word_1_373' title='bbox 666 1423 764 1457; x_wconf 87' lang='lat' dir='ltr'>modo</span> <span class='ocrx_word' id='word_1_374' title='bbox 786 1432 949 1463; x_wconf 83' lang='lat' dir='ltr'>excusare,</span> <span class='ocrx_word' id='word_1_375' title='bbox 966 1432 1022 1456; x_wconf 90' lang='lat' dir='ltr'>seu</span> <span class='ocrx_word' id='word_1_376' title='bbox 1036 1422 1191 1465; x_wconf 83' lang='lat' dir='ltr'>integram</span> 
     </span>
     <span class='ocr_line' id='line_1_74' title="bbox 453 1475 1191 1520; baseline -0.004 -8"><span class='ocrx_word' id='word_1_377' title='bbox 453 1478 648 1512; x_wconf 86' lang='lat' dir='ltr'>solutionem</span> <span class='ocrx_word' id='word_1_378' title='bbox 669 1475 854 1510; x_wconf 86' lang='lat' dir='ltr'>huiusmodi</span> <span class='ocrx_word' id='word_1_379' title='bbox 873 1475 1018 1509; x_wconf 88' lang='lat' dir='ltr'>minuere</span> <span class='ocrx_word' id='word_1_380' title='bbox 1031 1475 1078 1509; x_wconf 90' lang='lat' dir='ltr'>vel</span> <span class='ocrx_word' id='word_1_381' title='bbox 1093 1475 1191 1520; x_wconf 85' lang='lat' dir='ltr'>impe-</span> 
     </span>
    </p>

    <p class='ocr_par' dir='ltr' id='par_1_11' title="bbox 454 1532 1086 1576">
     <span class='ocr_line' id='line_1_75' title="bbox 454 1532 1086 1576; baseline -0.003 -10"><span class='ocrx_word' id='word_1_382' title='bbox 454 1532 522 1566; x_wconf 88' lang='lat' dir='ltr'>dire</span> <span class='ocrx_word' id='word_1_383' title='bbox 542 1541 654 1576; x_wconf 88' lang='lat' dir='ltr'>posse;</span> <span class='ocrx_word' id='word_1_384' title='bbox 1084 1534 1086 1537; x_wconf 86' lang='lat'>&#39;</span> 
     </span>
    </p>

    <p class='ocr_par' dir='ltr' id='par_1_12' title="bbox 283 1583 1195 1629">
     <span class='ocr_line' id='line_1_76' title="bbox 283 1583 1195 1629; baseline -0.001 -12"><span class='ocrx_word' id='word_1_385' title='bbox 283 1596 401 1617; x_wconf 51' lang='lat' dir='ltr'>(lausana.</span> <span class='ocrx_word' id='word_1_386' title='bbox 499 1585 567 1629; x_wconf 64' lang='lat'>§3-</span> <span class='ocrx_word' id='word_1_387' title='bbox 596 1584 712 1629; x_wconf 83' lang='lat' dir='ltr'>Sicque</span> <span class='ocrx_word' id='word_1_388' title='bbox 741 1594 798 1629; x_wconf 88' lang='lat' dir='ltr'>per</span> <span class='ocrx_word' id='word_1_389' title='bbox 823 1593 1044 1628; x_wconf 88' lang='lat' dir='ltr'>quoscumque</span> <span class='ocrx_word' id='word_1_390' title='bbox 1074 1583 1195 1616; x_wconf 86' lang='lat' dir='ltr'>iudices</span> 
     </span>
    </p>

    <p class='ocr_par' dir='ltr' id='par_1_13' title="bbox 455 1636 1201 2155">
     <span class='ocr_line' id='line_1_77' title="bbox 455 1636 1193 1679; baseline -0.007 -5"><span class='ocrx_word' id='word_1_391' title='bbox 455 1645 486 1674; x_wconf 92' lang='lat' dir='ltr'>et</span> <span class='ocrx_word' id='word_1_392' title='bbox 505 1637 755 1679; x_wconf 87' lang='lat' dir='ltr'>commissarios,</span> <span class='ocrx_word' id='word_1_393' title='bbox 775 1637 870 1671; x_wconf 90' lang='lat' dir='ltr'>etiam</span> <span class='ocrx_word' id='word_1_394' title='bbox 893 1646 1062 1670; x_wconf 88' lang='lat' dir='ltr'>causarum</span> <span class='ocrx_word' id='word_1_395' title='bbox 1083 1636 1193 1670; x_wconf 85' lang='lat' dir='ltr'>Palatii</span> 
     </span>
     <span class='ocr_line' id='line_1_78' title="bbox 456 1690 1195 1737; baseline -0.008 -9"><span class='ocrx_word' id='word_1_396' title='bbox 456 1692 629 1737; x_wconf 78' lang='lat' dir='ltr'>Apostolici</span> <span class='ocrx_word' id='word_1_397' title='bbox 646 1691 822 1732; x_wconf 88' lang='lat' dir='ltr'>auditores,</span> <span class='ocrx_word' id='word_1_398' title='bbox 839 1700 875 1723; x_wconf 88' lang='lat' dir='ltr'>ae</span> <span class='ocrx_word' id='word_1_399' title='bbox 892 1695 1020 1723; x_wconf 88' lang='lat' dir='ltr'>sanctae</span> <span class='ocrx_word' id='word_1_400' title='bbox 1033 1690 1195 1723; x_wconf 84' lang='lat' dir='ltr'>Romanae</span> 
     </span>
     <span class='ocr_line' id='line_1_79' title="bbox 455 1743 1195 1785; baseline -0.007 -4"><span class='ocrx_word' id='word_1_401' title='bbox 455 1745 616 1781; x_wconf 86' lang='lat' dir='ltr'>Ecclesiae</span> <span class='ocrx_word' id='word_1_402' title='bbox 632 1744 822 1785; x_wconf 89' lang='lat' dir='ltr'>cardinales,</span> <span class='ocrx_word' id='word_1_403' title='bbox 846 1743 941 1777; x_wconf 87' lang='lat' dir='ltr'>etiam</span> <span class='ocrx_word' id='word_1_404' title='bbox 963 1743 1002 1776; x_wconf 88' lang='lat' dir='ltr'>de</span> <span class='ocrx_word' id='word_1_405' title='bbox 1031 1743 1129 1777; x_wconf 88' lang='lat' dir='ltr'>latere</span> <span class='ocrx_word' id='word_1_406' title='bbox 1150 1743 1195 1776; x_wconf 92' lang='lat' dir='ltr'>le-</span> 
     </span>
     <span class='ocr_line' id='line_1_80' title="bbox 457 1796 1196 1843; baseline -0.005 -10"><span class='ocrx_word' id='word_1_407' title='bbox 457 1805 547 1843; x_wconf 82' lang='lat' dir='ltr'>gatos</span> <span class='ocrx_word' id='word_1_408' title='bbox 567 1798 706 1843; x_wconf 75' lang='lat' dir='ltr'>(sublata</span> <span class='ocrx_word' id='word_1_409' title='bbox 725 1798 770 1831; x_wconf 86' lang='lat' dir='ltr'>eis</span> <span class='ocrx_word' id='word_1_410' title='bbox 787 1803 819 1831; x_wconf 92' lang='lat' dir='ltr'>et</span> <span class='ocrx_word' id='word_1_411' title='bbox 836 1807 948 1831; x_wconf 92' lang='lat' dir='ltr'>eorum</span> <span class='ocrx_word' id='word_1_412' title='bbox 970 1796 1101 1830; x_wconf 86' lang='lat' dir='ltr'>cuilibet</span> <span class='ocrx_word' id='word_1_413' title='bbox 1118 1807 1196 1840; x_wconf 87' lang='lat' dir='ltr'>qua-</span> 
     </span>
     <span class='ocr_line' id='line_1_81' title="bbox 456 1849 1198 1894; baseline -0.007 -7"><span class='ocrx_word' id='word_1_414' title='bbox 456 1853 503 1887; x_wconf 94' lang='lat' dir='ltr'>vis</span> <span class='ocrx_word' id='word_1_415' title='bbox 520 1852 613 1886; x_wconf 88' lang='lat' dir='ltr'>aliter</span> <span class='ocrx_word' id='word_1_416' title='bbox 630 1850 794 1886; x_wconf 86' lang='lat' dir='ltr'>iudicandi</span> <span class='ocrx_word' id='word_1_417' title='bbox 808 1856 838 1884; x_wconf 91' lang='lat' dir='ltr'>et</span> <span class='ocrx_word' id='word_1_418' title='bbox 851 1849 1084 1894; x_wconf 89' lang='lat' dir='ltr'>interpretandi</span> <span class='ocrx_word' id='word_1_419' title='bbox 1105 1850 1198 1883; x_wconf 86' lang='lat' dir='ltr'>sacul-</span> 
     </span>
     <span class='ocr_line' id='line_1_82' title="bbox 457 1903 1197 1948; baseline -0.005 -7"><span class='ocrx_word' id='word_1_420' title='bbox 457 1913 521 1941; x_wconf 84' lang='lat' dir='ltr'>tate</span> <span class='ocrx_word' id='word_1_421' title='bbox 549 1911 581 1940; x_wconf 90' lang='lat' dir='ltr'>et</span> <span class='ocrx_word' id='word_1_422' title='bbox 610 1905 826 1948; x_wconf 87' lang='lat' dir='ltr'>auctoritate)</span> <span class='ocrx_word' id='word_1_423' title='bbox 848 1904 983 1938; x_wconf 88' lang='lat' dir='ltr'>iudicari</span> <span class='ocrx_word' id='word_1_424' title='bbox 1015 1910 1046 1937; x_wconf 90' lang='lat' dir='ltr'>et</span> <span class='ocrx_word' id='word_1_425' title='bbox 1071 1903 1197 1938; x_wconf 83' lang='lat' dir='ltr'>definiri</span> 
     </span>
     <span class='ocr_line' id='line_1_83' title="bbox 459 1958 1198 2002; baseline -0.005 -7"><span class='ocrx_word' id='word_1_426' title='bbox 459 1961 590 2001; x_wconf 88' lang='lat' dir='ltr'>debere,</span> <span class='ocrx_word' id='word_1_427' title='bbox 610 1970 648 1993; x_wconf 89' lang='lat' dir='ltr'>ac</span> <span class='ocrx_word' id='word_1_428' title='bbox 664 1958 790 1992; x_wconf 88' lang='lat' dir='ltr'>irritum</span> <span class='ocrx_word' id='word_1_429' title='bbox 811 1964 842 1992; x_wconf 90' lang='lat' dir='ltr'>et</span> <span class='ocrx_word' id='word_1_430' title='bbox 862 1958 957 1991; x_wconf 86' lang='lat' dir='ltr'>inane</span> <span class='ocrx_word' id='word_1_431' title='bbox 978 1958 1131 2002; x_wconf 87' lang='lat' dir='ltr'>quicquid</span> <span class='ocrx_word' id='word_1_432' title='bbox 1151 1968 1198 1992; x_wconf 91' lang='lat' dir='ltr'>se-</span> 
     </span>
     <span class='ocr_line' id='line_1_84' title="bbox 460 2011 1199 2058; baseline -0.005 -10"><span class='ocrx_word' id='word_1_433' title='bbox 460 2025 515 2048; x_wconf 90' lang='lat' dir='ltr'>cus</span> <span class='ocrx_word' id='word_1_434' title='bbox 531 2023 628 2058; x_wconf 87' lang='lat' dir='ltr'>super</span> <span class='ocrx_word' id='word_1_435' title='bbox 647 2012 696 2046; x_wconf 90' lang='lat' dir='ltr'>his</span> <span class='ocrx_word' id='word_1_436' title='bbox 716 2022 735 2046; x_wconf 87' lang='lat' dir='ltr'>a</span> <span class='ocrx_word' id='word_1_437' title='bbox 754 2021 931 2056; x_wconf 87' lang='lat' dir='ltr'>quoquam,</span> <span class='ocrx_word' id='word_1_438' title='bbox 954 2011 1065 2055; x_wconf 87' lang='lat' dir='ltr'>quavis</span> <span class='ocrx_word' id='word_1_439' title='bbox 1088 2017 1199 2045; x_wconf 89' lang='lat' dir='ltr'>aucto-</span> 
     </span>
     <span class='ocr_line' id='line_1_85' title="bbox 460 2064 1201 2109; baseline -0.007 -7"><span class='ocrx_word' id='word_1_440' title='bbox 460 2067 565 2109; x_wconf 84' lang='lat' dir='ltr'>ritate,</span> <span class='ocrx_word' id='word_1_441' title='bbox 585 2065 724 2101; x_wconf 87' lang='lat' dir='ltr'>scienter</span> <span class='ocrx_word' id='word_1_442' title='bbox 744 2065 793 2099; x_wconf 91' lang='lat' dir='ltr'>vel</span> <span class='ocrx_word' id='word_1_443' title='bbox 810 2064 1010 2108; x_wconf 82' lang='lat' dir='ltr'>ignoranter,</span> <span class='ocrx_word' id='word_1_444' title='bbox 1031 2064 1201 2108; x_wconf 84' lang='lat' dir='ltr'>contigerit</span> 
     </span>
     <span class='ocr_line' id='line_1_86' title="bbox 461 2120 625 2155; baseline -0.006 0"><span class='ocrx_word' id='word_1_445' title='bbox 461 2120 625 2155; x_wconf 89' lang='lat' dir='ltr'>attentari.</span> 
     </span>
    </p>

    <p class='ocr_par' dir='ltr' id='par_1_14' title="bbox 263 2172 1204 2325">
     <span class='ocr_line' id='line_1_87' title="bbox 301 2172 1201 2218; baseline -0.004 -9"><span class='ocrx_word' id='word_1_446' title='bbox 301 2212 304 2217; x_wconf 55' lang='grc'>,</span> <span class='ocrx_word' id='word_1_447' title='bbox 507 2177 524 2218; x_wconf 65' lang='lat' dir='ltr'>g</span> <span class='ocrx_word' id='word_1_448' title='bbox 545 2174 576 2208; x_wconf 77' lang='lat'>4.</span> <span class='ocrx_word' id='word_1_449' title='bbox 600 2174 640 2208; x_wconf 89' lang='lat' dir='ltr'>Ut</span> <span class='ocrx_word' id='word_1_450' title='bbox 656 2178 762 2207; x_wconf 88' lang='lat' dir='ltr'>autem</span> <span class='ocrx_word' id='word_1_451' title='bbox 781 2172 963 2217; x_wconf 88' lang='lat' dir='ltr'>supradicta</span> <span class='ocrx_word' id='word_1_452' title='bbox 981 2172 1152 2216; x_wconf 76' lang='lat' dir='ltr'>diligenter</span> <span class='ocrx_word' id='word_1_453' title='bbox 1172 2177 1201 2206; x_wconf 92' lang='lat' dir='ltr'>et</span> 
     </span>
     <span class='ocr_line' id='line_1_88' title="bbox 263 2212 1204 2271; baseline 0.001 -13"><span class='ocrx_word' id='word_1_454' title='bbox 263 2212 447 2267; x_wconf 55' lang='lat' dir='ltr'>„g³,:2‚⁰.‚2·¹¹³.„,².¹:.2:</span> <span class='ocrx_word' id='word_1_455' title='bbox 464 2227 603 2263; x_wconf 83' lang='lat' dir='ltr'>fideliter</span> <span class='ocrx_word' id='word_1_456' title='bbox 627 2226 834 2271; x_wconf 88' lang='lat' dir='ltr'>exequutioni</span> <span class='ocrx_word' id='word_1_457' title='bbox 861 2226 1117 2267; x_wconf 90' lang='lat' dir='ltr'>demandentur,</span> <span class='ocrx_word' id='word_1_458' title='bbox 1141 2226 1204 2259; x_wconf 89' lang='lat' dir='ltr'>sra-</span> 
     </span>
     <span class='ocr_line' id='line_1_89' title="bbox 264 2264 1204 2325; baseline -0.005 -8"><span class='ocrx_word' id='word_1_459' title='bbox 264 2264 448 2313; x_wconf 54' lang='lat' dir='ltr'>i&#39;issxi&#39;eoti&#39;cecctgi-a&#39;</span> <span class='ocrx_word' id='word_1_460' title='bbox 465 2283 647 2317; x_wconf 88' lang='lat' dir='ltr'>ternitatem</span> <span class='ocrx_word' id='word_1_461' title='bbox 669 2287 767 2323; x_wconf 89' lang='lat' dir='ltr'>tuam,</span> <span class='ocrx_word' id='word_1_462' title='bbox 788 2280 878 2315; x_wconf 90' lang='lat' dir='ltr'>cuius</span> <span class='ocrx_word' id='word_1_463' title='bbox 892 2280 971 2314; x_wconf 87' lang='lat' dir='ltr'>sides</span> <span class='ocrx_word' id='word_1_464' title='bbox 985 2288 1015 2314; x_wconf 83' lang='lat' dir='ltr'>et</span> <span class='ocrx_word' id='word_1_465' title='bbox 1034 2279 1204 2325; x_wconf 86' lang='lat' dir='ltr'>prudentia</span> 
     </span>
    </p>

    <p class='ocr_par' dir='ltr' id='par_1_15' title="bbox 465 2333 1205 2586">
     <span class='ocr_line' id='line_1_90' title="bbox 465 2333 1204 2381; baseline -0.005 -10"><span class='ocrx_word' id='word_1_466' title='bbox 465 2336 560 2371; x_wconf 89' lang='lat' dir='ltr'>nobis</span> <span class='ocrx_word' id='word_1_467' title='bbox 577 2336 640 2370; x_wconf 90' lang='lat' dir='ltr'>iam</span> <span class='ocrx_word' id='word_1_468' title='bbox 658 2335 784 2381; x_wconf 88' lang='lat' dir='ltr'>pridem</span> <span class='ocrx_word' id='word_1_469' title='bbox 798 2334 925 2378; x_wconf 83' lang='lat' dir='ltr'>cognita</span> <span class='ocrx_word' id='word_1_470' title='bbox 939 2340 969 2368; x_wconf 91' lang='lat' dir='ltr'>et</span> <span class='ocrx_word' id='word_1_471' title='bbox 982 2333 1116 2378; x_wconf 86' lang='lat' dir='ltr'>probata</span> <span class='ocrx_word' id='word_1_472' title='bbox 1130 2333 1204 2368; x_wconf 80' lang='lat' dir='ltr'>exis-</span> 
     </span>
     <span class='ocr_line' id='line_1_91' title="bbox 466 2388 1205 2434; baseline -0.007 -9"><span class='ocrx_word' id='word_1_473' title='bbox 466 2391 514 2433; x_wconf 83' lang='lat' dir='ltr'>tit,</span> <span class='ocrx_word' id='word_1_474' title='bbox 531 2401 568 2424; x_wconf 87' lang='lat' dir='ltr'>ac</span> <span class='ocrx_word' id='word_1_475' title='bbox 581 2400 641 2434; x_wconf 87' lang='lat' dir='ltr'>pro</span> <span class='ocrx_word' id='word_1_476' title='bbox 656 2395 802 2433; x_wconf 90' lang='lat' dir='ltr'>tempore</span> <span class='ocrx_word' id='word_1_477' title='bbox 814 2388 998 2422; x_wconf 83' lang='lat' dir='ltr'>existentem</span> <span class='ocrx_word' id='word_1_478' title='bbox 1014 2394 1159 2421; x_wconf 84' lang='lat' dir='ltr'>nostrum</span> <span class='ocrx_word' id='word_1_479' title='bbox 1175 2393 1205 2420; x_wconf 89' lang='lat' dir='ltr'>et</span> 
     </span>
     <span class='ocr_line' id='line_1_92' title="bbox 468 2440 1204 2489; baseline -0.007 -11"><span class='ocrx_word' id='word_1_480' title='bbox 468 2443 672 2489; x_wconf 86' lang='lat' dir='ltr'>Apostolieae</span> <span class='ocrx_word' id='word_1_481' title='bbox 684 2441 775 2477; x_wconf 88' lang='lat' dir='ltr'>Sedis</span> <span class='ocrx_word' id='word_1_482' title='bbox 788 2441 873 2486; x_wconf 86' lang='lat' dir='ltr'>apud</span> <span class='ocrx_word' id='word_1_483' title='bbox 890 2441 1039 2475; x_wconf 88' lang='lat' dir='ltr'>eumdem</span> <span class='ocrx_word' id='word_1_484' title='bbox 1054 2440 1204 2474; x_wconf 86' lang='lat' dir='ltr'>Carolum</span> 
     </span>
     <span class='ocr_line' id='line_1_93' title="bbox 466 2494 1204 2537; baseline -0.007 -5"><span class='ocrx_word' id='word_1_485' title='bbox 466 2497 675 2532; x_wconf 90' lang='lat' dir='ltr'>Emanuelem</span> <span class='ocrx_word' id='word_1_486' title='bbox 700 2496 814 2530; x_wconf 88' lang='lat' dir='ltr'>ducem</span> <span class='ocrx_word' id='word_1_487' title='bbox 836 2494 1002 2536; x_wconf 90' lang='lat' dir='ltr'>nuncium,</span> <span class='ocrx_word' id='word_1_488' title='bbox 1022 2494 1204 2537; x_wconf 80' lang='lat' dir='ltr'>generalem</span> 
     </span>
     <span class='ocr_line' id='line_1_94' title="bbox 467 2546 1205 2586; baseline -0.008 0"><span class='ocrx_word' id='word_1_489' title='bbox 467 2551 666 2586; x_wconf 88' lang='lat' dir='ltr'>deeimarum</span> <span class='ocrx_word' id='word_1_490' title='bbox 687 2548 872 2584; x_wconf 87' lang='lat' dir='ltr'>huiusmodi</span> <span class='ocrx_word' id='word_1_491' title='bbox 888 2548 1092 2582; x_wconf 89' lang='lat' dir='ltr'>collectorem</span> <span class='ocrx_word' id='word_1_492' title='bbox 1107 2546 1114 2564; x_wconf 87' lang='lat'>¹</span> <span class='ocrx_word' id='word_1_493' title='bbox 1134 2557 1205 2581; x_wconf 89' lang='lat' dir='ltr'>cum</span> 
     </span>
    </p>
   </div>
   <div class='ocr_carea' id='block_1_9' title="bbox 468 2600 1208 2648">
    <p class='ocr_par' dir='ltr' id='par_1_16' title="bbox 468 2600 1208 2648">
     <span class='ocr_line' id='line_1_95' title="bbox 468 2600 1208 2648; baseline -0.008 -8"><span class='ocrx_word' id='word_1_494' title='bbox 468 2604 619 2640; x_wconf 89' lang='lat' dir='ltr'>omnibus</span> <span class='ocrx_word' id='word_1_495' title='bbox 642 2602 837 2648; x_wconf 84' lang='lat' dir='ltr'>privilegiis,</span> <span class='ocrx_word' id='word_1_496' title='bbox 870 2600 1146 2636; x_wconf 84' lang='lat' dir='ltr'>iurisdictionibus</span> <span class='ocrx_word' id='word_1_497' title='bbox 1177 2606 1208 2635; x_wconf 90' lang='lat' dir='ltr'>et</span> 
     </span>
    </p>
   </div>
   <div class='ocr_carea' id='block_1_10' title="bbox 2149 810 2181 1180">
    <p class='ocr_par' dir='ltr' id='par_1_17' title="bbox 2149 810 2181 1206">
     <span class='ocr_line' id='line_1_96' title="bbox 2149 810 2181 1180; textangle 90"><span class='ocrx_word' id='word_1_498' title='bbox 2149 1019 2181 1206; x_wconf 45' lang='lat' dir='ltr'>“5³12&#39;f‘2&#39;1-&#39;&#39;0514</span> <span class='ocrx_word' id='word_1_499' title='bbox 2152 968 2180 999; x_wconf 51' lang='lat'>²7:</span> <span class='ocrx_word' id='word_1_500' title='bbox 2163 884 2165 886; x_wconf 88' lang='lat'>·</span> <span class='ocrx_word' id='word_1_501' title='bbox 2156 840 2167 849; x_wconf 69' lang='lat'>&#39;-</span> <span class='ocrx_word' id='word_1_502' title='bbox 2163 810 2169 814; x_wconf 75' lang='grc' dir='ltr'><strong><em>ι</em></strong></span> 
     </span>
    </p>
   </div>
   <div class='ocr_carea' id='block_1_11' title="bbox 2154 1215 2170 1235">
    <p class='ocr_par' dir='ltr' id='par_1_18' title="bbox 2154 1215 2170 1235">
     <span class='ocr_line' id='line_1_97' title="bbox 2154 1215 2170 1235; textangle 90"><span class='ocrx_word' id='word_1_503' title='bbox 2154 1215 2170 1235; x_wconf 51' lang='grc' dir='ltr'>ἒν</span> 
     </span>
    </p>
   </div>
   <div class='ocr_carea' id='block_1_12' title="bbox 2132 1272 2180 2414">
    <p class='ocr_par' dir='ltr' id='par_1_19' title="bbox 2132 1272 2180 2414">
     <span class='ocr_line' id='line_1_98' title="bbox 2132 1272 2180 2414; textangle 90"><span class='ocrx_word' id='word_1_504' title='bbox 2172 2402 2174 2414; x_wconf 20' lang='lat' dir='ltr'><em>ff</em></span> <span class='ocrx_word' id='word_1_505' title='bbox 2140 2374 2155 2391; x_wconf 60' lang='lat' dir='ltr'>J</span> <span class='ocrx_word' id='word_1_506' title='bbox 2142 2356 2153 2368; x_wconf 49' lang='grc' dir='ltr'>η</span> <span class='ocrx_word' id='word_1_507' title='bbox 2140 2338 2148 2347; x_wconf 74' lang='grc' dir='ltr'>ι</span> <span class='ocrx_word' id='word_1_508' title='bbox 2141 2311 2173 2332; x_wconf 53' lang='lat' dir='ltr'>f*</span> <span class='ocrx_word' id='word_1_509' title='bbox 2132 2145 2173 2302; x_wconf 29' lang='grc' dir='ltr'>ᾼἸςὶὴξζᾼι</span> <span class='ocrx_word' id='word_1_510' title='bbox 2151 2131 2163 2138; x_wconf 37' lang='grc' dir='ltr'>,Δ</span> <span class='ocrx_word' id='word_1_511' title='bbox 2142 1735 2180 2113; x_wconf 27' lang='grc' dir='ltr'>ι-’.ινὶ-ξμμγψῶἓῇίᾲ,</span> <span class='ocrx_word' id='word_1_512' title='bbox 2150 1679 2174 1720; x_wconf 38' lang='lat'>„3-</span> <span class='ocrx_word' id='word_1_513' title='bbox 2143 1272 2180 1668; x_wconf 28' lang='lat' dir='ltr'>‚Qumffiffdffyfiah</span> 
     </span>
    </p>
   </div>
   <div class='ocr_carea' id='block_1_13' title="bbox 469 2670 1208 2757">
    <p class='ocr_par' dir='ltr' id='par_1_20' title="bbox 469 2670 1208 2757">
     <span class='ocr_line' id='line_1_99' title="bbox 505 2670 1208 2710; baseline -0.004 -8"><span class='ocrx_word' id='word_1_514' title='bbox 505 2675 515 2701; x_wconf 87' lang='lat'>1</span> <span class='ocrx_word' id='word_1_515' title='bbox 535 2674 573 2702; x_wconf 88' lang='lat' dir='ltr'>Eo</span> <span class='ocrx_word' id='word_1_516' title='bbox 589 2678 710 2710; x_wconf 83' lang='lat' dir='ltr'>tempore</span> <span class='ocrx_word' id='word_1_517' title='bbox 725 2673 839 2701; x_wconf 86' lang='lat' dir='ltr'>nuncius</span> <span class='ocrx_word' id='word_1_518' title='bbox 853 2676 911 2701; x_wconf 79' lang='lat' dir='ltr'>erat</span> <span class='ocrx_word' id='word_1_519' title='bbox 921 2672 977 2708; x_wconf 80' lang='lat' dir='ltr'>ipse</span> <span class='ocrx_word' id='word_1_520' title='bbox 989 2671 1132 2707; x_wconf 83' lang='lat' dir='ltr'>episcopus</span> <span class='ocrx_word' id='word_1_521' title='bbox 1142 2670 1208 2699; x_wconf 85' lang='lat' dir='ltr'>Sao-</span> 
     </span>
     <span class='ocr_line' id='line_1_100' title="bbox 469 2716 1207 2757; baseline -0.011 -6"><span class='ocrx_word' id='word_1_522' title='bbox 469 2719 570 2754; x_wconf 75' lang='lat' dir='ltr'>nensis,</span> <span class='ocrx_word' id='word_1_523' title='bbox 581 2719 695 2757; x_wconf 85' lang='lat' dir='ltr'>ideoque</span> <span class='ocrx_word' id='word_1_524' title='bbox 706 2718 739 2748; x_wconf 85' lang='lat' dir='ltr'>de</span> <span class='ocrx_word' id='word_1_525' title='bbox 748 2725 801 2748; x_wconf 90' lang='lat' dir='ltr'>uno</span> <span class='ocrx_word' id='word_1_526' title='bbox 811 2717 955 2749; x_wconf 86' lang='lat' dir='ltr'>collectore</span> <span class='ocrx_word' id='word_1_527' title='bbox 966 2723 1054 2746; x_wconf 85' lang='lat' dir='ltr'>sermo</span> <span class='ocrx_word' id='word_1_528' title='bbox 1066 2720 1106 2745; x_wconf 84' lang='lat' dir='ltr'>est</span> <span class='ocrx_word' id='word_1_529' title='bbox 1118 2716 1207 2752; x_wconf 49' lang='lat' dir='ltr'>(aa),</span> 
     </span>
    </p>
   </div>
  </div>
 </body>
</html>
