2227 3241
911 243 1008 268 rxnssx
1032 242 1142 268 nanum
1453 253 1460 262 .
1684 227 1747 263 679

256 294 459 339 Capellaniae
484 299 549 330 tres
574 296 606 329 in
631 295 768 329 eeclesia
793 295 923 330 Bare-nsi
947 297 1087 336 erectae,
1113 293 1175 326 167
1202 293 1229 326 b.

256 348 459 393 Capellaniae
473 358 531 383 sex
546 358 563 382 a
577 349 728 383 Federieo
743 348 931 383 Borromaeo
945 347 1093 381 fundatae
1108 348 1138 380 in
1154 346 1289 380 ecclesia
1307 346 1417 380 maiori
1431 343 1670 386 Mediolanensi,
1686 343 1748 377 518
1761 354 1791 376 a.

257 401 454 446 capitulares
487 403 770 446 congregationes,
803 406 945 446 tempore
977 402 1093 435 missae
1125 401 1253 434 maioris
1283 403 1311 433 et
1341 398 1490 433 horarum
1513 399 1737 432 canonicarum
1761 398 1792 431 in

345 454 482 489 ecclesia
506 456 718 496 recitationis,
745 453 968 499 prohibentur,
995 454 1045 487 11.

258 508 532 552 Cappueeinorum
557 506 656 552 Ordo,
681 508 742 542 331
769 508 795 541 b.
821 507 855 542 In
881 507 1033 551 Hispania
1059 510 1189 551 possunt
1213 507 1313 551 recipi
1334 507 1444 540 novitii
1465 515 1526 539 non
1547 504 1693 539 obstante
1717 504 1794 539 Con-

345 563 507 596 stitutione
532 561 704 597 Clementis
729 561 807 604 VIII,
836 561 911 595 ibid.
937 560 1133 605 Cappuccini
1158 570 1231 594 vere
1257 563 1330 594 sunt
1355 559 1480 594 Fratres
1504 558 1652 600 Minores,
1680 558 1744 592 552
1763 568 1793 591 α.

346 626 407 660 seq.
432 615 614 660 Eorumque
638 614 883 649 Constitutiones
901 618 971 647 sunt
990 613 1129 658 Regulae
1146 615 1245 647 sancti
1263 612 1424 647 Francisei
1448 615 1693 653 consentaneae,
1714 610 1793 645 ibid.

259 668 444 703 Cardinales
469 678 551 714 quae
577 672 607 703 et
631 668 789 714 quomodo
814 667 971 701 beneficia
995 667 1212 702 ecelesiastica
1237 667 1380 701 conferre
1406 666 1544 710 possint,
1570 665 1632 699 587
1655 676 1683 698 a.

260 721 420 756 Cardena:
448 721 519 755 vide
544 721 704 756 Vincentii
729 721 787 766 (S.)
813 721 852 755 de
878 720 1022 755 Cadorua

259 773 403 809 Carmelo
429 775 482 819 (de
506 775 626 818 moute)
651 773 739 809 Ordo
764 773 909 808 militaris
935 778 1061 808 erectus
1085 776 1117 809 in
1142 774 1259 816 Gallia,
1279 775 1340 808 465
1357 785 1417 819 seq.
1435 774 1539 817 Ipsius
1561 773 1795 815 ordinationes,

350 828 413 862 468
437 838 499 872 seq.

263 881 441 916 Carmelitis
465 891 527 916 non
553 882 627 916 lieet
651 882 690 916 ad
715 881 886 916 tribunalia
911 882 1087 917 saecularia
1112 882 1284 926 appellare,
1306 882 1368 915 125
1389 881 1404 915 b
1429 892 1489 926 seq.
1511 880 1658 925 Exempti
1682 884 1754 916 sunt
1778 890 1795 914 a

349 936 507 971 solutione
532 939 663 981 quartae
689 936 890 978 funeralium,
917 936 978 971 216
1000 947 1019 969 a
1042 946 1104 980 seq.

262 989 503 1024 Carmelitarum
527 989 798 1024 Discaleeatorum
824 989 912 1025 Ordo
946 988 1194 1023 Mendicautium
1228 988 1407 1033 privilegiis
1443 986 1582 1032 gaudet,
1619 988 1660 1022 ,⁶28
1684 999 1702 1021 α
1734 999 1797 1033 seq.

351 1043 475 1077 Fratres
506 1043 601 1077 huius
626 1042 757 1078 Ordinis
784 1047 917 1087 possunt
947 1042 1065 1087 ubique
1091 1043 1129 1076 ‹le
1156 1042 1221 1076 sola
1253 1040 1415 1077 Ordinarii
1452 1041 1580 1075 licentia
1611 1050 1693 1075 nova
1718 1050 1800 1074 con-

352 1100 477 1131 struere
515 1098 727 1138 monasteria,
766 1097 825 1129 251
861 1107 889 1129 (ι.
921 1097 1130 1139 Congregatio
1159 1096 1187 1129 S.
1219 1095 1307 1130 Pauli
1337 1095 1482 1129 eiusdem
1507 1093 1638 1129 Ordinis
1664 1095 1799 1138 erigitur

353 1160 410 1195 pro
441 1150 647 1184 missionibus
673 1149 839 1192 obeundis,
862 1150 924 1183 535
950 1161 1012 1194 seq.

223 1245 230 1251 ·
263 1203 506 1239 Carmelitarum
530 1204 818 1247 Discaleeataruni,
846 1205 907 1238 2:32
938 1205 965 1237 b.
998 1204 1044 1238 De
1081 1206 1222 1249 ipsarum
1253 1204 1451 1237 monasteriis
1478 1201 1643 1236 visitandis
1674 1210 1802 1246 quoque

353 1260 498 1301 triennio,
526 1257 602 1292 ibid.
628 1263 659 1292 et
683 1269 744 1303 seq.

263 1313 393 1349 Carolus
419 1315 464 1348 tit.
491 1315 520 1348 S.
547 1315 702 1349 Praxcdis
727 1315 813 1349 card.
842 1315 1058 1355 Boi-romaeus,
1085 1314 1147 1347 5280
1174 1324 1201 1346 a.
1226 1304 1423 1356 Collegium*
1443 1311 1608 1346 doctorum
1631 1309 1804 1359 Mediolani

354 1369 506 1411 instituit,
535 1368 610 1402 ibid.
636 1369 712 1403 Elus
744 1372 829 1403 ortus
861 1369 923 1402 643
952 1370 977 1402 b.
1012 1373 1043 1402 et
1076 1367 1291 1402 adolescentia
1323 1367 1385 1401 644
1419 1378 1448 1399 ιι.
1480 1364 1655 1399 Cardinalis
1678 1368 1804 1399 creatus

352 1422 582 1457 Mediolanensi
607 1423 762 1456 ecclesiae
787 1423 982 1466 praetio-itur,
1010 1421 1085 1455 ibid.
1112 1422 1188 1455 Eius
1213 1422 1356 1463 virtutes,
1383 1420 1445 1454 644
1470 1429 1531 1464 seq.
1561 1418 1638 1452 ibid.
1664 1418 1803 1453 Moritur,

356 1477 418 1510 648
443 1487 471 1510 α.
497 1476 658 1511 Miraculis
683 1476 797 1519 clarus,
825 1476 901 1510 ibid.
927 1476 972 1509 Ss.
999 1475 1148 1519 Cataiogo
1173 1474 1375 1516 adscribitur,
1402 1474 1460 1507 651
1492 1473 1508 1505 b
1534 1483 1593 1517 seq.

268 1530 399 1565 Carolus
422 1530 462 1564 de
487 1529 662 1564 Comitibus
680 1524 877 1574 vicelegatus
903 1530 1147 1570 Avenionensis,
1174 1528 1236 1561 165
1255 1527 1287 1560 .b.

265 1583 395 1618 Carolus
421 1583 461 1617 de
485 1583 645 1617 Neufville
671 1583 845 1617 Galliarum
870 1585 956 1627 regis
981 1582 1067 1626 apud
1093 1582 1210 1615 Sedem
1235 1582 1344 1624 Apest.
1370 1584 1496 1622 orator„
1524 1580 1585 1614 465
1607 1580 1632 1613 b.

267 1635 397 1671 Carolus
421 1636 574 1670 Emanuel
599 1636 778 1671 Sabaudiae
803 1637 888 1678 dux,
914 1637 956 1670 8⁶2
981 1636 996 1669 b
1023 1640 1053 1669 et
1073 1636 1136 1669 320
1162 1635 1188 1668 b.
1214 1635 1295 1668 Petit
1320 1636 1409 1678 plura
1435 1633 1592 1667 beneficia
1618 1634 1700 1667 uniri
1725 1634 1806 1667 mili-

355 1692 418 1724 tiae
443 1690 490 1724 Ss.
515 1690 653 1724 Mauritii
677 1694 709 1724 et.
733 1690 850 1733 Lazari,
876 1691 916 1724 83
941 1701 1002 1735 seq.
1028 1690 1132 1733 Ipsius
1157 1689 1242 1723 zelus
1267 1687 1461 1722 defendendi
1487 1687 1677 1722 catholicam
1701 1687 1806 1729 fidem,

358 1744 420 1779 320
438 1744 464 1777 b.
486 1744 563 1778 Tres
588 1741 733 1778 decimae
758 1746 787 1778 ei
812 1744 1031 1778 conceduntur
1055 1743 1094 1777 ab
1120 1743 1347 1777 ecclesiasticis
1373 1741 1614 1786 persolvendae,
1641 1740 1721 1774 ibid.
1745 1751 1805 1786 seq.

357 1797 534 1841 Collegium
558 1797 688 1832 TaurIui
714 1809 769 1842 pro
794 1799 1043 1842 congregatione
1074 1797 1269 1832 Clericoruin
1303 1796 1571 1840 RegulariuuVS‘.
1604 1795 1694 1830 Pauli
1727 1796 1807 1838 erigi

359 1855 458 1893 curat,
484 1852 546 1885 633
568 1851 593 1884 b.

268 1903 398 1939 Carolus
423 1904 571 1949 Gonzaga
595 1904 703 1939 Clevoi
728 1906 803 1947 dux,
831 1904 894 1937 562
919 1905 944 1937 b.
970 1905 1005 1939 Ei
1030 1915 1219 1939 concessum
1244 1906 1481 1948 iuspatronatus
1508 1913 1605 1947 super
1629 1902 1806 1945 decanatu,

359 1962 389 1993 et
413 1959 653 1994 canonicatibus
678 1959 865 2004 collegiatae
891 1958 1047 1993 ecclesiae
1073 1959 1112 1992 de
1137 1958 1316 1999 Cliarville,
1344 1958 1406 1991 566
1433 1968 1451 1990 α
1474 1968 1535 2002 seq.

270 2012 506 2048 CassinensIum
537 2014 769 2058 Cengregatio‚
796 2014 859 2047 390
884 2024 912 2046 a.
946 2014 1074 2057 Septem
1108 2013 1291 2057 provinciae
1324 2012 1430 2045 Italiae
1455 2013 1485 2045 ei
1516 2010 1700 2052 subiectae,
1728 2010 1808 2045 ibid.

359 2067 444 2109 Quot
467 2068 652 2103 definitores
686 2068 734 2101 liis
767 2069 798 2101 in
832 2067 1006 2100 Provinciis
1039 2067 1102 2100 sint
1135 2066 1296 2108 eligendi,
1322 2065 1381 2098 391
1411 2076 1439 2098 (ι.
1466 2064 1626 2099 Abbatum
1655 2064 1767 2099 electio
1792 2074 1809 2097 a

361 2121 495 2167 quibus,
521 2127 551 2157 et
576 2122 735 2167 quomodo
760 2123 801 2156 sit
825 2120 990 2161 facienda,
1018 2120 1081 2154 392
1107 2130 1134 2151 α.
1168 2118 1284 2153 Eorum
1315 2128 1429 2152 munus
1455 2120 1674 2163 quinquennio
1698 2116 1810 2152 absol-

362 2177 456 2219 vitur,
474 2175 551 2210 ibid.
576 2175 667 2210 Aliae
692 2176 933 2209 constitutiones
959 2183 1015 2218 pro
1039 2173 1097 2207 hac
1122 2172 1376 2216 Congregatioue
1400 2171 1592 2213 efformatae,
1620 2170 1709 2211 ibid„
1737 2175 1807 2210 ete,

362 2231 426 2264 395
451 2230 467 2264 b
491 2241 552 2275 seq.

273 2283 428 2319 Castellae
461 2286 552 2328 regni
578 2285 798 2328 episcoporum
824 2283 949 2324 vicarii,
975 2281 1156 2325 caeterique
1182 2279 1342 2321 officiales,
1368 2282 1399 2313 in
1425 2280 1523 2313 sacris
1554 2279 1714 2313 constituti
1739 2288 1810 2313 esse

364 2337 499 2379 debent,
521 2338 584 2371 584
608 2348 673 2381 seq.

275 2392 478 2427 cathaloniae
502 2393 697 2436 principatus
722 2390 948 2425 ecelesiasticis
973 2389 1182 2432 interdicitur,
1201 2398 1239 2423 ne
1267 2392 1394 2423 utantur
1418 2387 1609 2423 arcliibusiis
1635 2387 1673 2422 ad
1699 2391 1810 2430 rotam,

366 2447 428 2481 454
454 2457 483 2479 α.

276 2502 343 2537 Celi
367 2501 478 2536 Petrus
503 2503 688 2545 procurator
712 2498 844 2535 Ordinis
869 2499 970 2533 saneti
995 2497 1118 2539 Basilii,
1144 2497 1207 2531 549
1233 2507 1261 2529 a.

276 2554 462 2590 Cenetensis
487 2555 600 2588 civitas
625 2554 776 2596 episcopo
802 2553 896 2586 etiam
921 2553 952 2585 in
977 2550 1204 2595 temporalibus
1229 2549 1382 2591 subiecta,
1408 2550 1426 2582 6
1452 2560 1480 2582 α.
1505 2547 1663 2593 Episcopo
1685 2548 1811 2583 deman-

366 2607 542 2649 mandatur,
568 2610 601 2642 ut
625 2607 778 2641 vicarium
803 2609 919 2641 statuat
943 2606 996 2650 qui
1022 2613 1135 2639 causas
1159 2607 1332 2648 cognoseat
1356 2605 1387 2637 in
1414 2604 1515 2647 primo
1541 2601 1641 2645 gradu
1667 2605 1697 2636 et
1721 2602 1810 2637 audi-

366 2667 466 2698 torem
490 2663 544 2707 qui
569 2664 741 2706 cognoseat
764 2660 994 2706 appellationes
1019 2667 1037 2693 a
1061 2659 1227 2694 sententiis
1252 2667 1269 2692 a
1295 2658 1414 2692 vicario
1440 2656 1589 2701 prolatis,
1612 2654 1687 2689 ibid.
