2227 3241
53 275 102 304 Ᾰιι.
118 275 144 303 C.
171 270 235 303 1605

95 882 196 904 pecunias
211 881 231 902 in

54 910 105 932 alios
126 915 174 931 usus
201 908 232 929 di-

55 936 118 959 antii
133 937 195 958 vetat.

73 1680 115 1704 Duo
122 1682 182 1704 millia
191 1687 236 1703 scu-

61 1710 124 1730 torum
155 1715 237 1736 semper

60 1740 120 1762 penos
125 1737 238 1762 capaci-ium

61 1761 196 1789 relinquenda.

896 271 1015 296 PAULUS
1032 271 1050 295 V
1068 272 1118 296 1⁸1³.

246 327 367 366 ceptor,
384 320 546 365 aliamque
559 319 715 364 praedicti
729 318 988 363 archihospitalis

246 376 360 409 domus
379 375 542 418 magister,
564 380 594 408 et
619 374 777 418 reliquam
803 373 907 406 claves
926 372 987 405 hu-

245 429 385 462 iusmodi
403 428 479 463 dicti
500 428 617 462 banchi
633 427 850 461 thesaurarius
867 437 923 460 seu
937 436 988 459 ca-

244 483 370 527 pserius
390 493 449 526 pro
479 488 624 526 tempore
645 481 814 515 existentes
835 479 988 522 habeant)

245 536 423 576 obseraturj,
438 546 473 569 ac
485 541 686 580 praeceptor,
696 544 822 568 necnon
838 533 990 577 magister

245 590 380 630 domus,
415 599 451 622 ae
484 588 703 622 thesaurarius
735 598 792 621 seu
823 588 988 632 capserius

243 643 399 687 praedicti
420 643 538 676 dictam
561 653 688 686 capsam
716 642 912 675 coniunctim
945 643 989 686 <et

244 707 307 731 non
327 697 522 741 separatim,
550 706 586 730 ac
612 697 650 730 de
678 706 737 740 per
756 707 800 737 se,
824 701 878 729 aut
906 705 989 729 unus

245 751 365 795 absque
383 750 460 793 alio)
478 750 614 794 aperire,
635 760 695 783 nec
713 750 792 783 alter
810 749 901 782 alteri
923 749 988 782 cla-

245 815 315 838 rem
337 814 427 838 suam
449 803 614 838 confidere
636 810 690 837 aut
715 803 940 845 accomodare,

290 860 307 901 ξ
327 858 357 891 4.
381 858 549 902 Minusque
562 859 717 903 pecunias
735 860 767 891 in
785 858 870 892 dicto
884 859 988 892 banco

246 923 306 956 pro
322 918 467 956 tempore
493 911 674 953 existentes,
698 918 752 945 aut
772 912 868 946 etiam
887 912 986 945 mini-

247 976 332 999 mam
351 966 478 999 illarum
496 971 622 1010 partem
643 966 935 1010 seuquantitatem,
950 966 989 999 ad

246 1020 325 1054 alios
357 1020 562 1064 quantumvis
598 1020 798 1054 necessarios
834 1026 864 1054 et
895 1020 990 1054 utiles

246 1086 331 1117 usus,
348 1086 445 1120 quam
468 1075 499 1108 in
521 1075 718 1119 emptionem
740 1075 885 1109 locorum
900 1075 990 1108 Mon-

247 1129 325 1162 tium
343 1139 409 1163 non
429 1129 620 1162 racabilium
642 1128 840 1169 huiusmodi,
859 1139 991 1162 conver-

247 1189 324 1224 tere,
348 1190 403 1217 aut
421 1194 519 1228 super
532 1183 586 1225 eis,
605 1183 701 1217 etiam
723 1194 782 1228 pro
802 1183 991 1226 urgentissi—

247 1237 306 1270 mis
327 1237 426 1282 ipsius
447 1237 707 1282 archihospitalis
732 1237 988 1278 necessitatibus,

247 1289 305 1323 sub
326 1291 430 1333 poena
448 1289 576 1322 illorum
592 1289 757 1329 nullitatis‚
774 1290 900 1334 aliquos
913 1300 991 1323 con-

249 1348 367 1377 tractus
400 1342 480 1376 inire
512 1348 565 1376 aut
595 1342 756 1377 conficere
784 1343 907 1387 possint
933 1355 991 1377 nec

249 1397 405 1436 debeant3
429 1408 465 1430 ac
486 1397 621 1441 proinde
646 1398 749 1431 dictae
773 1398 931 1442 pecuniae
957 1409 992 1431 ex

249 1451 393 1495 pecuniis
408 1457 439 1484 et
453 1451 632 1485 redditibus
646 1452 721 1485 dicti
734 1452 994 1496 arcliihospitalis

249 1505 474 1549 provenientes
493 1506 546 1549 (ne
568 1505 599 1539 in
626 1505 716 1547 alios,
741 1516 837 1550 quam
858 1506 990 1550 praedi-

251 1563 328 1600 ctOS,
344 1569 420 1592 usus
441 1565 678 1601 convertantur,
698 1565 753 1593 aut
773 1560 908 1594 invicem
923 1570 995 1593 con—

252 1612 440 1655 fundantur)
460 1619 661 1657 separentur,

295 1666 310 1710 ἓ
330 1665 360 1699 5.
381 1667 417 1700 Et
435 1667 466 1699 in
485 1667 568 1701 dicta
582 1671 677 1712 capsa
691 1668 745 1711 (ad
759 1668 820 1702 hoc
834 1674 866 1702 ut
884 1679 995 1712 prom-

250 1725 323 1764 ptae
352 1720 509 1764 pecuniae
534 1721 778 1755 occurrentibus
803 1732 855 1755 cas
883 1721 993 1755 dictim

250 1774 487 1818 repetentium⁴
518 1775 761 1809 necessitatibus
792 1776 995 1818 habeantur)

251 1829 423 1872 quaedam,
444 1840 547 1873 eaque
559 1831 765 1871 conveniens,
780 1830 994 1874 pecuniarum

252 1882 411 1925 quantitas
423 1893 551 1927 semper
564 1889 594 1918 et
606 1884 758 1918 continuo
773 1890 992 1925 conservetur,

251 1941 282 1969 et
299 1936 340 1969 ob
366 1936 397 1970 id
418 1937 466 1970 bis
488 1938 574 1971 niille
599 1944 689 1972 scuta
716 1938 844 1972 circiter
869 1939 899 1971 in
922 1949 992 1971 ma-

142 1995 146 1997 ’
194 2035 199 2040 ·
251 1989 345 2024 nibus
370 1990 445 2024 dicti
474 1991 663 2026 thesaurarii
694 2003 750 2026 seu
776 1993 910 2037 capserii
937 2003 995 2037 pro

89 2319 155 2343 sumni
163 2322 183 2344 in
192 2323 241 2345 heb-

65 2347 151 2369 domada
178 2350 242 2370 ratio-

65 2378 99 2394 no·
119 2380 190 2397 ereum
196 2376 244 2398 red·

64 2400 102 2422 den
117 2406 148 2423 ao.

252 2043 447 2087 quotidianis
462 2046 642 2080 minoribus
655 2047 870 2081 solutionibus
882 2047 996 2080 sacien-

253 2095 301 2130 dis
326 2097 491 2133 dumtaxat
511 2099 746 2144 relinquantur,
776 2101 818 2133 ita
846 2106 889 2141 ut,
919 2101 994 2133 dum

253 2150 361 2194 aliqua
378 2153 482 2186 maior
499 2154 616 2187 solutio
643 2154 787 2188 facienda
802 2154 871 2195 erit,
900 2154 930 2187 id
957 2154 995 2187 ad

255 2205 409 2247 praedicti
431 2208 650 2252 praeceptoris
671 2214 700 2241 et
720 2208 862 2251 magistri
881 2208 997 2241 domus

255 2258 399 2292 notitiam
419 2261 576 2301 deveniat,

300 2314 316 2355 ξ
337 2312 367 2347 6.
389 2314 560 2359 Semelque
572 2317 683 2349 saltem
700 2316 729 2349 in
749 2315 952 2349 hebdomada
967 2320 998 2348 et

256 2367 392 2410 saepius,
417 2375 513 2412 prout
535 2369 623 2402 dicto
644 2369 847 2413 praeceptori
871 2368 993 2402 videbi--

258 2424 318 2462 tur,
338 2432 396 2466 per
414 2429 658 2468 praeceptorem
677 2434 712 2455 ac
731 2422 919 2465 magistrum
942 2422 998 2455 do-

256 2476 513 2520 muspraedictos
523 2482 675 2521 computa
687 2476 908 2521 depositorum
923 2482 997 2509 tunc

257 2528 412 2563 sactorum
431 2530 485 2573 (ad
506 2530 566 2564 hoc
588 2537 619 2564 ut
642 2541 659 2564 a
682 2529 848 2574 praedicto
871 2530 998 2563 thesau-

257 2582 340 2617 rario
364 2594 421 2619 seu
451 2585 594 2630 capscrio
627 2585 783 2630 pecuniae
814 2585 838 2618 si
864 2585 974 2629 plures

296 2701 302 2725 t
329 2699 396 2727 Edit.
419 2700 495 2728 llam.
519 2701 599 2729 habet
616 2701 807 2736 repetentibus
827 2704 865 2736 (u.
885 2706 932 2734 iz).

1668 260 1732 294 253
1778 269 1827 296 An.
1849 269 1878 296 c..
1902 268 1970 297 ¹605

1022 330 1118 364 quam
1141 330 1221 364 opus
1243 320 1350 360 fuerit,
1375 319 1536 358 habuerit,
1560 319 1762 359 auferantur,

1023 379 1053 406 et
1079 373 1109 405 in
1135 376 1251 417 capsa,
1276 379 1309 406 ut
1335 383 1442 418 supra,
1472 378 1683 417 reponantur,
1712 379 1767 406 aut

1024 427 1083 471 ipsi
1105 427 1186 460 aliae
1206 428 1374 472 pecuniae,
1395 434 1492 472 prout
1518 427 1672 472 temporis
1693 438 1765 461 exc-

1023 480 1106 522 gerit
1122 481 1305 522 necessitas,
1332 482 1526 525 tribuantur)
1545 481 1763 521 revideantur;

1068 535 1083 575 ξ
1098 533 1126 565 7.
1141 534 1314 579 Dictusque
1325 541 1516 579 praeceptor
1526 535 1766 579 quolibetanno
1810 542 1929 572 certiorato
1944 543 1970 589 «³5

1023 594 1081 618 nos
1099 591 1127 618 et
1141 585 1323 619 Romanum
1340 587 1528 620 Pontificem
1548 597 1608 631 pro
1622 594 1767 631 tempore
1783 570 1970 626 iffssii'iffsiiinnriio

1023 638 1208 672 existentem
1222 640 1261 673 de
1275 641 1502 674 emolumentis
1515 640 1767 685 praemissorum
1783 623 1970 676 {ssssssssssssioresflffs

1024 692 1193 726 occasione
1223 694 1312 727 sactis
1342 695 1518 728 certiorare
1544 701 1574 728 et
1599 693 1767 728 notificare

1026 753 1181 789 teneatur,

1069 801 1083 843 ἓ
1098 800 1128 833 8.
1146 801 1317 846 Dictaeque
1333 812 1446 846 capsae
1460 801 1621 847 computa⁴
1636 802 1770 845 singulis
1813 812 1916 846 computa
1930 811 1971 840 stuf

1024 853 1137 887 saltem
1164 854 1267 888 tribus
1293 855 1458 890 mensibus
1484 856 1532 889 vel
1557 856 1645 896 alias,
1674 861 1771 900 prout
1787 839 1972 894 ῗέιὲουςιῖἔῖἕιᾛῖ

1024 908 1119 941 etiam
1142 909 1314 953 expediens
1337 910 1497 944 videbitur
1518 911 1603 944 dicto
1616 920 1772 955 praecep·
1786 892 1972 940 rimeufflggfmexa-

1025 963 1085 996 tori
1106 974 1166 1007 pro
1197 970 1342 1009 tempore
1372 965 1535 1007 existenti,
1557 965 1596 998 ab
1623 965 1771 999 universa

1025 1017 1100 1050 dicti
1126 1017 1387 1063 archihospitalis
1410 1018 1660 1062 congregatione
1682 1019 1771 1062 [qua-

1025 1070 1102 1104 libet
1113 1071 1329 1115 hebdomada]
1340 1083 1449 1106 coram
1464 1072 1549 1106 dicto
1563 1078 1773 1116 praeceptore

1025 1136 1097 1158 cum
1121 1125 1303 1160 interventu
1329 1137 1394 1159 non
1415 1127 1519 1160 solum
1541 1126 1769 1171 principalium

1026 1179 1110 1213 illius
1131 1180 1330 1221 officialium,
1361 1191 1470 1215 verum
1493 1181 1588 1214 etiam
1610 1191 1769 1225 procura-

1027 1234 1104 1268 toris
1130 1245 1165 1268 ac
1191 1236 1336 1269 advocati
1356 1242 1382 1268 et
1400 1235 1516 1269 notarii
1545 1235 1628 1279 [sieri
1651 1235 1768 1278 solita]

1029 1288 1243 1330 revideantur3

1073 1342 1088 1383 ξ
1111 1341 1140 1374 ἕ).
1165 1341 1322 1386 Quodque
1345 1342 1442 1385 ipsius
1471 1342 1585 1375 banchi
1608 1341 1771 1386 capserius

1028 1406 1086 1439 pro
1113 1402 1257 1440 tempore
1283 1397 1421 1430 existens
1453 1408 1489 1430 ac
1525 1402 1718 1441 praeceptor
1743 1402 1773 1429 et

1029 1449 1180 1492 magister
1192 1450 1317 1489 domus,
1334 1461 1390 1483 seu
1404 1450 1457 1484 alii
1473 1450 1622 1489 ministri,
1633 1450 1769 1490 cambia,

1029 1504 1203 1543 recambia,
1221 1503 1364 1541 incettas,
1383 1504 1483 1537 dietas
1498 1504 1639 1545 cedulas,
1661 1510 1688 1537 et
1703 1504 1774 1536 nul-

1029 1557 1094 1589 lum
1117 1557 1204 1589 aliud
1234 1567 1335 1599 genus
1363 1557 1596 1599 negociationis
1626 1567 1774 1590 exercere

1029 1621 1085 1644 scu
1098 1611 1268 1644 admittere
1283 1610 1417 1655 possint,
1439 1611 1493 1644 scd
1508 1610 1693 1654 praedictus
1708 1610 1775 1643 the-

1030 1665 1194 1699 saurarius
1203 1675 1259 1698 scu
1272 1665 1435 1709 capserius
1450 1665 1525 1698 dicti
1537 1664 1653 1697 banchi
1667 1674 1775 1698 merus

1031 1719 1246 1763 depositarius
1264 1730 1342 1759 esse,
1368 1730 1424 1753 nec
1447 1719 1486 1753 de
1512 1719 1605 1753 dictis
1629 1718 1775 1763 pecuniis

1031 1773 1214 1817 disponere,
1239 1779 1293 1806 aut
1315 1773 1383 1806 illas
1409 1773 1439 1806 in
1466 1773 1545 1806 alios
1567 1784 1653 1813 usus,
1677 1783 1773 1817 quam

1031 1828 1175 1860 locorum
1192 1827 1346 1860 Montium
1362 1827 1569 1871 emptionem,
1585 1832 1616 1860 ct
1629 1837 1705 1860 usus
1717 1826 1775 1859 hu-

1032 1881 1182 1922 iusmodi,
1207 1886 1393 1915 convertere
1413 1881 1550 1920 debeat,

1077 1936 1092 1975 ξ
1110 1933 1158 1967 10.
1176 1935 1212 1968 Et
1232 1935 1333 1975 libris,
1355 1935 1386 1968 in
1405 1934 1523 1979 quibus
1538 1934 1702 1978 praedicta
1720 1934 1775 1967 de-

1032 1989 1135 2033 posita
1153 1989 1389 2029 describentur,
1408 1989 1521 2023 eadem
1544 1999 1674 2033 prorsus
1695 1988 1775 2022 fides

1034 2043 1063 2075 in
1086 2043 1205 2076 iudicio
1225 2049 1253 2076 ct
1272 2048 1358 2076 extra
1387 2042 1541 2076 iudicium
1561 2042 1771 2082 adhibeatur,

1032 2098 1185 2141 quodque
1204 2097 1339 2141 partitae
1352 2108 1387 2130 ex
1407 2097 1498 2131 dictis
1512 2097 1600 2130 libris
1615 2102 1774 2130 extractae

1032 2156 1062 2183 et
1080 2162 1095 2183 a
1119 2157 1327 2195 praeceptore
1345 2156 1373 2184 et
1395 2151 1547 2194 magistro
1562 2152 1687 2191 domus,
1703 2161 1776 2183 nec-

1032 2214 1096 2238 non
1120 2205 1320 2238 thcsaurario
1342 2215 1396 2238 seu
1420 2205 1565 2249 eapserio
1587 2204 1772 2248 praedietis,

1033 2260 1079 2292 vcl
1096 2259 1222 2293 duobus
1237 2270 1272 2292 ex
1288 2259 1362 2303 ipsis
1376 2259 1587 2303 subscriptae,
1610 2259 1640 2291 in
1657 2258 1775 2291 iudicio

1033 2318 1064 2347 et
1083 2318 1171 2346 extra
1190 2313 1286 2347 tidem
1301 2313 1426 2353 saciant,
1445 2313 1580 2356 perinde
1593 2322 1629 2346 ac
1645 2312 1670 2345 si
1683 2316 1774 2355 parte

1034 2367 1126 2401 citata
1154 2373 1180 2401 et
1217 2378 1288 2401 cum
1320 2368 1449 2401 decreto
1476 2366 1591 2399 iudicis
1616 2370 1774 2398 extractae

1034 2421 1178 2461 fuissent:
1201 2421 1368 2465 dictusque
1391 2419 1609 2453 thesaurarius
1622 2429 1678 2452 seu
1699 2429 1774 2462 cap-

1033 2474 1153 2514 serius,
1182 2480 1212 2507 ct.
1243 2474 1442 2518 quicumque
1472 2473 1523 2506 alii
1555 2472 1631 2505 dicti
1658 2471 1774 2505 banchi

1824 1374 1905 1395 Nullum
1916 1374 1973 1394 aliud

1802 1404 1957 1423 negucianom»

1800 1434 1864 1453 grum<
1877 1433 1974 1448 t⁴xn⁸t⁴'t¹[l·

1798 1456 1854 1476 [lum.

1829 1946 1896 1966 [atiri-
1912 1950 1974 1971 parti-

1792 1973 1860 1998 iisqne
1895 1975 1976 1998 integra

1791 2000 1860 2020 danda
1876 1999 1935 2020 tliles.

1068 2565 1080 2590 1
1105 2565 1139 2591 Ut
1163 2564 1373 2590 turbatissimum
1399 2572 1455 2598 seq.
1478 2562 1600 2597 syntaxin
1616 2561 1773 2593 reordiiws,

987 2612 993 2625 ³
1033 2610 1085 2637 huc
1105 2609 1193 2637 resere
1213 2610 1295 2637 verba
1315 2618 1383 2645 quae
1404 2608 1509 2636 uncinis
1528 2607 1685 2635 inclusimus
1704 2615 1776 2642 qua-

1034 2655 1101 2682 libet
1121 2654 1298 2681 hebdomada
1318 2654 1384 2688 sieri
1404 2654 1497 2685 solita,
1515 2660 1583 2687 quac
1595 2655 1669 2678 extra
1687 2651 1774 2677 los-um

1014 2721 1016 2728 ,
1033 2708 1110 2726 suum
1133 2702 1260 2734 tagaiitur
1279 2699 1316 2731 <u⁴
1336 2706 1359 2723 r.
