2227 3241
280 269 331 297 An.
347 270 376 297 c.
398 269 466 297 leot
516 260 578 294 166

282 332 372 356 gationis
397 332 464 352 admi-

281 358 395 378 uistratori,

304 1083 339 1103 llle
355 1089 405 1103 verr»
416 1088 461 1108 per-

278 1115 340 1130 sonas
356 1110 418 1129 etiam
435 1110 461 1129 vi-

278 1137 329 1156 carii
358 1137 462 1161 generalis

278 1163 439 1187 provincialium
456 1179 460 1184 .

278 1192 322 1210 etc..
335 1192 403 1215 potest
415 1190 461 1210 visi·

277 1218 328 1236 kil-u.

310 1880 412 1901 Visitator
428 1887 463 1905 ge-

278 1908 356 1928 neralis
372 1909 462 1933 congre·

278 1934 368 1959 gationis
384 1941 403 1954 tn
415 1941 462 1954 usi-

278 1961 357 1981 tatiene
386 1961 462 1986 priuris

278 1988 382 2012 generalis
422 1994 462 2008 non

278 2014 342 2035 habet
358 2017 434 2035 votnm.

305 2528 347 2548 Nec
363 2529 462 2550 interf-:ee

280 2557 349 2579 potest
374 2557 463 2577 examini

280 2581 383 2602 iacincto.
454 2587 457 2590 ⁴

480 319 565 359 ralis,
590 324 653 351 tam
674 318 706 350 in
724 318 948 362 praecedentia
969 329 1064 362 quam
1090 319 1123 352 in
1148 321 1217 353 aliis

480 371 736 414 quibuscumque
757 370 880 404 actibus
910 371 1047 414 publicis
1070 373 1118 405 vel
1145 373 1214 417 pri-

478 423 567 463 vatis,
593 424 624 456 in
644 424 722 457 locis
743 429 774 457 et
791 424 940 457 domibus
953 424 1217 468 Congregationis

478 467 662 519 praedictae
679 477 847 517 habeatur,
873 477 1048 521 recipiatur
1065 484 1095 511 et
1114 478 1217 511 liono-

477 535 565 562 retur
579 535 613 562 ut
627 536 733 573 caput,
754 531 954 573 gubernator
968 536 998 564 et
1017 531 1217 565 administra-

478 588 526 616 tor
540 583 636 617 totius
649 583 777 617 Ordinis
790 585 890 618 sancti
905 585 1073 627 Augustini
1091 586 1130 619 ab
1148 586 1216 629 ipso

475 636 595 670 vicario
616 637 756 680 generali
777 637 1054 681 Congoegafflonis,
1075 639 1216 672 visitato-

476 689 576 732 ribus,
597 691 858 734 provincialssms,
881 692 1045 736 prioribus
1063 698 1094 726 et
1113 693 1217 726 omni-

476 743 534 776 bus
554 743 625 777 aliis
645 744 813 785 fratribus;
837 751 865 779 et
892 746 1030 779 debeant
1051 746 1082 779 in
1103 747 1215 780 eadem

475 797 681 838 visitatione,
705 798 844 842 primum
868 799 935 843 ipse
956 800 1092 833 vicarius
1113 811 1213 843 gene-

476 850 551 884 ralis
566 878 573 891 ,
603 851 720 885 deinde
748 852 928 886 visitatores
943 880 950 893 ‚
978 853 1192 897 provinciales
1207 882 1214 895 ,

476 904 600 948 priores
614 906 708 938 etalii
731 907 906 950 supradicti
925 908 1041 941 fratres
1054 913 1216 951 praestare

478 958 523 991 illi
545 969 617 992 cum
640 959 755 993 effectu
777 970 906 993 omnem
927 961 1155 1003 obedientiam,
1183 968 1219 995 ut

477 1023 535 1046 suo
556 1013 727 1057 superiori.

523 1068 539 1108 ἓ
554 1065 583 1099 5.
600 1067 782 1101 Teneantur
792 1069 930 1102 vicarius
950 1070 1120 1111 generalis,
1145 1070 1218 1104 visi-

479 1124 597 1153 tatores
615 1127 645 1153 et
665 1121 718 1153 alii
739 1122 936 1166 quicumque
957 1123 1070 1156 fratres
1080 1122 1219 1165 Congre-

478 1173 615 1215 gationis
628 1174 736 1208 subire
751 1181 779 1208 et
802 1175 946 1219 recipere
966 1176 1164 1220 praedictam
1178 1176 1219 1209 vi-

477 1225 672 1268 sitationem,
693 1228 812 1260 nedum
830 1229 937 1272 quoad
956 1229 1036 1271 loca,
1055 1230 1170 1263 domus
1188 1234 1218 1262 et

477 1286 652 1313 conventus
685 1282 959 1324 Congregationis,
989 1293 1100 1316 verum
1121 1283 1215 1316 etiam

476 1334 584 1377 quoad
604 1334 751 1378 proprias
772 1335 927 1380 cuiusque
948 1336 1091 1380 ipsorum
1112 1347 1218 1380 perso·

475 1397 542 1428 nas,
560 1393 591 1420 et
609 1388 747 1421 debeant
759 1388 912 1430 universi,
929 1400 965 1422 ac
979 1389 1108 1422 illerum
1123 1400 1218 1423 unus-

475 1440 622 1484 quisque,
640 1441 856 1475 obedientiam
871 1448 1035 1486 praestare
1052 1443 1152 1487 priori
1168 1454 1218 1486 ge-

475 1494 577 1527 nerali
605 1494 636 1527 in
657 1495 717 1536 his,
741 1506 823 1539 quae
852 1507 910 1540 per
930 1496 1034 1540 ipsum
1058 1496 1088 1529 in
1109 1497 1216 1530 visita-

477 1547 563 1580 tione
583 1548 702 1581 fuerint
722 1549 881 1590 ordinata,
905 1560 1030 1583 necnon
1049 1550 1217 1583 subiacere

476 1601 588 1644 poenis
607 1607 636 1634 et
651 1603 918 1644 correctionibus,
935 1614 1015 1647 quas
1034 1603 1120 1636 iuxta
1134 1614 1213 1637 con-

476 1654 658 1688 stitutiones
691 1655 795 1688 dictae
832 1657 1092 1699 congregationis
1127 1657 1218 1701 prior

476 1709 635 1750 generalis
656 1708 717 1742 illis
731 1709 889 1743 visitando
912 1710 1085 1743 iniunxerit
1107 1716 1138 1744 et
1159 1711 1218 1743 im-

477 1761 631 1805 posuerit,
660 1762 794 1806 illasque
816 1763 948 1796 omnino
978 1763 1157 1808 adimplere
1188 1770 1219 1797 et

479 1815 592 1858 exequi
614 1816 762 1849 debeant.

524 1870 539 1910 ξ
555 1867 584 1901 6.
603 1868 754 1902 Visitator
767 1870 1042 1913 Congregationis,
1060 1871 1115 1915 qui
1131 1882 1220 1905 voca-

479 1927 527 1955 tus
541 1932 559 1954 a
581 1922 682 1965 priori
703 1924 845 1964 generali
868 1924 1014 1957 intererit
1030 1924 1214 1965 visitationi,

478 1976 526 2008 vel
547 1967 683 2009 vicarius
697 1978 856 2019 generalis
876 1978 954 2022 ipse,
972 1978 996 2011 si
1016 1979 1145 2022 quando
1167 1989 1216 2011 re-

477 2028 621 2072 perietur
641 2030 672 2062 in
698 2036 856 2064 conventu
889 2031 944 2064 ubi
974 2031 1028 2064 fiet
1059 2031 1214 2073 visitatio,

477 2083 602 2116 assistat
622 2083 681 2126 ipsi
701 2083 802 2127 priori
820 2084 974 2126 generali,
998 2090 1033 2117 ut
1054 2084 1144 2117 illum
1170 2085 1219 2117 in-

476 2136 591 2169 formet
609 2147 645 2170 ac
662 2137 831 2170 certiorem
848 2138 940 2171 saciat
960 2139 999 2171 de
1016 2144 1099 2171 statu
1114 2144 1145 2172 et
1161 2149 1217 2172 ne-

476 2189 576 2232 gociis
597 2191 768 2224 domorum
785 2191 1029 2232 visitandarum,
1045 2192 1174 2236 vitaque
1188 2198 1219 2225 et

476 2243 621 2277 moribus
642 2245 796 2277 fratrum:
820 2255 931 2278 verum
953 2246 1076 2283 nullam
1103 2245 1220 2279 habeat

476 2307 587 2330 vocem
606 2298 740 2331 activam
760 2298 791 2330 in
809 2298 875 2342 ipsa
893 2298 1086 2340 visitatione,
1108 2304 1137 2332 et
1154 2309 1218 2333 non

476 2350 577 2394 possit
598 2351 682 2385 serre
702 2357 757 2384 aut
781 2352 993 2395 praetendere
1013 2357 1133 2389 votum,
1157 2352 1218 2385 nisi

478 2404 690 2438 consultivum
717 2405 749 2437 in
777 2405 825 2438 liis
847 2405 997 2439 omnibus
1019 2416 1100 2450 quae
1129 2406 1220 2450 prior

478 2458 637 2500 generalis
657 2459 795 2492 voluerit
814 2460 998 2493 decernere.

524 2513 540 2553 ἓ
559 2511 588 2545 7.
609 2512 719 2556 Neque
737 2512 833 2545 etiam
852 2513 953 2557 possit
970 2518 1024 2546 aut
1041 2513 1155 2547 debeat
1176 2513 1220 2546 in-

480 2570 597 2598 teresse
615 2566 770 2599 scrutinio
784 2571 838 2599 aut
850 2566 988 2599 examini
1009 2572 1144 2608 secreto,
1164 2567 1220 2600 lia-

480 2618 587 2652 liendo
600 2630 658 2662 per
672 2619 813 2663 priorem
829 2620 1011 2662 generalem
1026 2620 1220 2662 visitantem,

482 2671 520 2703 tle
539 2672 690 2706 fratribus
704 2673 979 2715 Congrcgationis,
996 2673 1046 2706 cui
1064 2673 1219 2708 scrutinio

1055 271 1235 296 BULLARIUM
1258 271 1411 296 Romnum

2005 270 2056 298 An.
2071 270 2101 300 C.
2121 270 2189 312 &QZ

1250 330 1304 352 seu
1319 319 1456 353 examini
1474 319 1542 363 ipse
1555 319 1641 353 solus
1659 318 1750 363 prior
1762 319 1922 363 generalis
1936 319 1991 354 de·
2182 319 2201 334 ⁵⁴

1251 373 1339 405 bebit
1357 373 1519 406 interesse.

1296 428 1311 468 ξ
1333 425 1362 459 8.
1387 426 1576 460 Assistentes
1596 426 1723 460 Ordinis
1747 426 1941 461 comitentur
1960 432 1991 461 et
2059 439 2119 469 moe
2141 445 2152 460 v

1251 479 1409 512 associent
1437 479 1580 524 priorem
1612 480 1795 523 generalem
1822 480 1855 513 in
1882 480 1990 513 visita·
2005 466 2156 523 {3l3'²¹2‚;l{⁸

1252 533 1338 566 tione
1354 533 1629 576 Congregationis,
1654 539 1685 567 et
1708 538 1865 578 perpetuo
1886 533 1990 567 eidem
2005 519 2057 538 ’Μ
2073 517 2164 545 ⁰“¹“¹¹⁵'

1252 586 1411 627 assistant,
1433 592 1463 619 et
1488 586 1555 630 ipse
1576 587 1667 630 prior
1691 587 1858 630 generalis·
1869 587 1991 631 absque

1251 649 1362 672 eorum
1385 639 1520 673 consilio
1552 639 1634 673 nihil
1665 640 1839 674 decernere
1869 640 1988 684 possit,

1252 693 1338 726 iuxta
1363 693 1498 726 sormam
1532 704 1550 727 a
1579 693 1674 727 nobis
1701 693 1933 738 praescriptam
1959 693 1992 727 in

1251 746 1363 779 litteris
1382 746 1413 779 in
1432 747 1539 780 forma
1552 747 1660 780 Brevis
1673 758 1770 792 super
1783 747 1993 791 deputatione

1252 800 1442 833 eorumdem
1463 800 1679 834 assistentium
1699 800 1867 845 expeditis.

1296 853 1310 896 g
1328 853 1357 886 9.
1379 853 1478 887 Iidem
1497 853 1693 895 assistentes,
1710 854 1787 887 dum
1806 864 1844 888 eo
1858 864 1993 888 munere
2008 863 2145 911 ιὶςῗιῑιοιιιηι
2207 868 2209 887 i

1252 906 1284 939 in
1305 907 1390 940 dicta
1407 906 1588 941 visitatione
1606 908 1795 950 funguntur,
1813 908 1845 941 in
1859 907 1993 952 quibus-
2008 893 2191 964 ἑιῑῗῗᾞιᾞῗε
2207 896 2209 908 ¹

1253 971 1392 1004 cumque
1412 961 1492 994 locis
1511 966 1541 994 et
1558 961 1680 994 actibus
1698 961 1842 995 eiusdem
1855 962 1994 1005 Congre-
2008 949 2144 996 iffaa‘tioiifs-
2159 953 2167 962 „
2180 961 2203 985 ἶ·

1252 1014 1401 1057 gationis,
1415 1014 1522 1048 locum
1537 1015 1688 1056 habeant,
1700 1021 1871 1059 praesente
1883 1015 1993 1060 priore

1252 1068 1411 1110 generali,
1435 1074 1508 1102 ante
1528 1068 1684 1102 vicarium
1705 1069 1888 1112 generalem
1906 1069 1990 1103 Con-

1252 1121 1459 1164 gregationis,
1476 1132 1513 1155 ac
1529 1121 1718 1163 visitatores,
1732 1127 1990 1166 procuratorem,

1252 1174 1476 1218 provinciales,
1493 1175 1619 1218 priores
1633 1180 1664 1208 et
1676 1175 1755 1209 alios
1769 1186 1994 1220 quoscumque

1252 1228 1365 1261 fratres
1386 1228 1490 1261 dictae
1511 1227 1789 1271 Congregationis.

1297 1282 1313 1323 ξ
1331 1279 1383 1313 to.
1408 1280 1568 1315 Teneatur
1584 1281 1674 1325 prior
1691 1282 1862 1324 generalis,
1879 1282 1992 1316 saltem
2009 1315 2168 1340 “emerammi

1251 1344 1308 1378 per
1322 1344 1463 1368 mensem
1477 1340 1550 1369 ante
1563 1335 1994 1377 visitationem‚denunciare
2008 1341 2177 1390 ‘’issmniffss’i‘i
2203 1355 2204 1358 =

1252 1388 1419 1430 visitatori,
1443 1399 1539 1433 quem
1561 1389 1700 1422 voluerit
1727 1389 1857 1432 eligere,
1878 1389 1990 1423 visita·
2009 1375 2036 1390 ²¹¹
2197 1386 2200 1391 ’

1253 1442 1372 1475 [Ionem
1389 1441 1581 1484 faciendam,
1598 1443 1731 1486 eiusque
1745 1443 1852 1476 locum
1867 1448 1899 1476 et
1911 1448 1992 1476 tem-

1251 1506 1326 1540 pus;
1352 1501 1394 1536 et,
1415 1496 1441 1529 si
1471 1496 1616 1530 visitator
1642 1502 1772 1530 vocatus
1800 1496 1996 1530 recusaverit

1252 1555 1306 1582 aut
1324 1550 1502 1592 neglexerit
1519 1549 1550 1582 in
1569 1550 1640 1584 loeo
1658 1555 1713 1583 aut
1733 1550 1930 1584 monasterio
1947 1549 1994 1583 vi-

1251 1603 1379 1636 sitando
1400 1602 1615 1645 intervenire,
1638 1603 1733 1637 liceat
1762 1603 1866 1637 eidem
1891 1603 1994 1648 priori

1251 1656 1393 1698 generali
1413 1667 1527 1690 vocare
1549 1657 1588 1690 ad
1617 1657 1768 1690 eumdem
1791 1657 1933 1691 officium
1956 1657 1995 1690 de

1251 1709 1465 1754 propinquori
1488 1710 1684 1743 monasterio
1704 1710 1860 1754 priorem,
1877 1710 1938 1751 vel,
1955 1720 1994 1744 eo

1253 1763 1394 1804 absente,
1408 1763 1573 1805 vicarium,
1589 1769 1629 1805 et,
1641 1763 1703 1797 illis
1717 1763 1823 1798 adhuc
1840 1764 1994 1797 accedere

1253 1816 1493 1858 recusantibus,
1524 1817 1645 1861 absque
1666 1827 1779 1850 eorum
1810 1817 1993 1851 interventu

1253 1869 1337 1903 dicta
1357 1871 1428 1904 loca
1448 1870 1586 1904 visitare.

1297 1925 1314 1965 ς
1332 1922 1384 1956 Μ.
1405 1923 1562 1963 Quocirca
1579 1925 1725 1969 utrisque
1742 1924 1890 1969 partibus
1905 1935 1994 1970 prae-

1253 1977 1346 2011 dictis
1374 1977 1405 2010 in
1430 1978 1547 2011 virtute
1571 1984 1700 2012 sanetae
1726 1978 1930 2012 obedientiae
1963 1984 1995 2012 et

1253 2031 1311 2064 sub
1330 2031 1559 2074 indignationis
1572 2037 1701 2065 nostrae
1715 2031 1850 2075 aliisque
1867 2031 1994 2065 arbitrii

1253 2085 1355 2118 nostri
1368 2084 1482 2129 poenis
1496 2085 1639 2118 districte
1656 2085 1887 2129 praecipiendo
1902 2095 1993 2119 man·
2086 2114 2089 2116 .

1254 2139 1378 2179 damus,
1393 2143 1552 2182 quatenus
1565 2137 1741 2183 praemissa
1755 2138 1866 2171 omnia
1878 2143 1909 2172 et
1922 2137 1991 2171 sin-

1253 2192 1328 2234 gula
1353 2192 1504 2226 inviolate
1524 2193 1705 2233 observent,
1730 2197 1761 2226 et
1784 2202 1843 2235 per
1864 2201 1929 2233 eos,
1953 2191 1994 2224 ad

1253 2255 1333 2288 quos
1346 2251 1470 2289 spectat
1483 2251 1514 2279 et
1532 2245 1691 2290 spectabit
1710 2244 1743 2278 in
1765 2245 1921 2287 futurum,
1936 2245 1993 2279 ob-

1253 2299 1372 2332 servari
1393 2305 1507 2333 curent
1524 2305 1555 2333 et
1574 2299 1702 2332 saciant.

1298 2354 1314 2395 ξ
1335 2352 1388 2386 12.
1412 2354 1449 2386 Et
1465 2353 1675 2386 nihilominus
1693 2352 1796 2386 eidem
1816 2353 1918 2396 priori
1938 2363 1993 2396 ge·
2029 2269 2183 2443 Faenum}

2151 2443 2178 2507 3

2148 2519 2172 2563 ³2²

2185 844 2190 860 e
2147 352 2212 833 “Qssq‘ffffl‘ss‘ffic
2212 331 2213 334 „

2027 1936 2057 1958 De
2071 1926 2160 1962 pruris
2200 1936 2201 1942 ¹

2009 1962 2154 1985 observandis:
2170 1970 2174 1974 ·
2190 1963 2201 1981 'i

2182 2109 2192 2117 p

1254 2406 1373 2448 nerali,
1403 2406 1585 2451 praedictos
1604 2405 1762 2439 vicarium
1794 2407 1990 2449 generalem,
2008 2391 2126 2437 illdata

1254 2458 1444 2500 visitatores,
1464 2460 1589 2503 priores
1607 2465 1638 2493 et
1658 2459 1772 2492 fratres
1793 2459 1897 2493 dictae
1913 2459 1994 2493 Con-

1254 2513 1450 2555 gregationis
1481 2512 1693 2546 Lombardiae
1721 2513 1762 2546 ad
1788 2512 1990 2547 observatio-

1253 2577 1327 2599 nem
1345 2566 1597 2610 praemissorum
1618 2576 1676 2610 per
1696 2576 1848 2600 censuras
1868 2571 1899 2600 et
1914 2576 1993 2610 poe-

1253 2630 1310 2653 nas
1324 2619 1552 2654 ecclesIasticas
1564 2619 1691 2663 aliaque
1710 2625 1895 2664 opportuna
1913 2619 1994 2653 iuris

1254 2679 1285 2707 et
1305 2674 1377 2707 sacti
1400 2673 1544 2707 remedia
1565 2673 1700 2716 eogendi
1715 2680 1743 2707 et
1763 2672 1990 2717 compellendi,

2195 2384 2196 2397 t

2195 2408 2197 2417 t

2194 2431 2196 2448 l

2194 2469 2195 2490 l
