2227 3241
234 269 286 297 An.
305 268 335 297 c.
351 268 421 297 1605
466 258 530 292 ⁶250

257 1597 349 1624 Tempus
358 1597 420 1619 unius

238 1624 290 1646 anui
299 1624 326 1645 ad
335 1624 421 1650 praedi-

238 1653 274 1672 cta
288 1651 420 1678 exoquenda.

240 2575 428 2654 ἑξὲἓὲῗὲῗῑὲζὲἷ
441 2604 552 2638 status,
572 2598 692 2641 gradus
709 2603 740 2631 ct
757 2596 950 2630 conditionis
968 2595 1112 2636 existant,
1129 2595 1185 2639 qui

241 2656 325 2681 guntur.

437 317 523 351 idem
543 315 703 360 superior,
728 314 819 348 cuius
840 313 984 354 interest,
1012 314 1044 346 in
1069 313 1176 357 primo

434 370 576 413 capitulo
587 378 643 401 seu
657 367 910 410 congregatione
923 366 1113 411 provinciali
1124 376 1177 400 co-

434 432 501 455 ram
525 421 626 454 tribus
643 419 804 453 iudicibus
820 420 860 452 ab
881 419 1019 463 ipsomet
1035 419 1177 463 capitulo

433 475 482 507 vel
507 472 760 515 congregatione
787 472 966 514 deligendis
996 477 1173 515 proponat,

433 528 500 572 qui,
519 526 714 571 computatis
723 526 910 560 huiusmodi
930 526 1121 567 redditibus,
1145 536 1178 559 e-

433 580 626 624 leemosynis
644 585 675 612 et
695 579 942 612 obventionibus
952 578 1121 618 universis,
1140 589 1178 612 ac

433 633 607 672 oneribus,
636 638 671 666 ut
694 632 843 676 superius
867 632 1018 666 detractis
1033 659 1040 672 ,
1063 632 1177 665 sedulo

434 686 618 720 examinent
630 691 711 730 quot
728 686 868 729 religiosi
883 686 1031 719 homines
1050 686 1080 719 in
1103 695 1179 719 uno-

434 749 567 784 quoque
580 738 789 779 monasterio,
801 744 961 772 conventu
975 738 1116 772 etdomo
1133 749 1179 772 re-

434 793 550 835 gulari,
568 792 656 825 iuxta
667 791 843 835 Religionis
856 797 887 825 et
899 791 1023 835 proprii
1043 791 1177 825 instituti

434 856 573 886 morem,
596 846 714 879 victum
734 851 765 879 et
782 844 930 878 vestitum
956 845 988 878 in
1013 844 1177 878 communi

433 899 590 933 habentes
610 904 835 943 competenter
852 898 977 932 valeant
989 898 1174 932 sustentari:

434 957 503 985 tum
518 951 708 985 eorumdem
728 951 911 992 bonorum,
928 951 1129 991 reddituum,
1147 960 1178 984 e-

434 1005 694 1049 leemosynarum
713 1010 745 1037 et
764 1014 900 1037 onerum
914 1003 1093 1047 praecisam
1114 1012 1176 1036 no-

434 1063 500 1091 tam
514 1057 644 1101 ipsimet
656 1056 902 1100 congregationi
912 1056 1093 1100 capitulove
1109 1066 1180 1100 pro-

434 1111 563 1144 vinciali
588 1110 776 1151 exhibeant,
803 1116 839 1143 ut
863 1110 895 1143 in
921 1110 987 1149 illo,
1009 1109 1180 1152 diligenter

435 1164 587 1198 omnibus
615 1163 776 1204 discussis,
805 1163 999 1207 cuicumque
1024 1162 1176 1203 familiae,

436 1223 624 1257 conventus,
645 1216 833 1250 monasterii
847 1222 879 1250 et
892 1216 1008 1250 domus
1021 1215 1179 1258 regularis

434 1270 547 1314 quovis
559 1269 692 1303 nomine
704 1274 910 1313 nuncupatae
919 1269 952 1302 in
961 1268 1089 1311 singula
1102 1279 1180 1312 qua-

434 1333 498 1367 que
517 1323 682 1367 provincia
702 1328 809 1356 certus
829 1332 942 1355 earum
963 1327 1087 1355 tantum
1108 1331 1180 1365 per-

433 1385 760 1419 sonarum-numerus
771 1375 937 1408 communi
947 1380 1075 1419 patrum
1094 1373 1180 1418 capi-

434 1428 587 1461 tularium
613 1434 686 1462 voto
707 1427 920 1471 praefigatur,
944 1437 1027 1471 quae
1047 1426 1180 1460 redditi-

434 1480 517 1522 bus,
544 1481 756 1525 eleemosynis
785 1487 816 1514 et
846 1480 1117 1521 obventionibus,
1145 1486 1181 1513 ut

435 1534 595 1578 superius,
617 1534 815 1568 sufficienter
831 1533 872 1566 ali
890 1533 1024 1577 possint.

480 1588 495 1631 ἓ
512 1587 542 1621 3.
563 1587 608 1621 Ne
628 1597 703 1621 vero
723 1586 918 1631 superiores,
942 1586 997 1630 qui
1018 1586 1050 1619 id
1069 1596 1179 1630 praes-

436 1647 504 1675 tare
524 1641 643 1675 debent
657 1667 664 1681 ,
687 1640 791 1674 serius
812 1645 868 1673 aut
895 1640 1060 1673 remissius
1081 1650 1179 1683 quam

434 1705 495 1739 par
518 1700 576 1735 est,
600 1693 728 1727 muneri
758 1703 817 1726 suo
841 1692 1056 1733 satisfaciant,
1082 1702 1180 1726 man—

436 1748 523 1782 davit
546 1758 583 1781 ac
608 1747 742 1780 mandat
764 1745 921 1779 Sanctitas
945 1745 1008 1779 Sua
1032 1751 1068 1778 ut
1097 1745 1180 1778 infra

436 1811 571 1841 annum,
588 1810 606 1833 a
617 1799 669 1833 die
682 1798 747 1832 dati
761 1798 940 1842 praesentis
953 1798 1077 1832 decreti
1089 1808 1180 1832 corn-

435 1853 618 1898 putandum
632 1879 639 1893 ‚
663 1851 774 1885 omnia
792 1850 855 1884 hoc
884 1851 924 1884 de
949 1860 1067 1893 genere
1088 1851 1178 1894 capi-

437 1907 586 1940 tulariter
613 1912 703 1948 gesta
734 1904 766 1937 in
795 1903 1014 1937 authenticam
1043 1904 1180 1937 sormam

436 1960 571 1993 redacta
583 1959 622 1992 ad
632 1957 921 2000 Congregationem
930 1956 1181 1991 Reformationis

437 2012 643 2058 Apostolicae
667 2010 785 2053 singuli
811 2010 962 2051 mittant,
985 2019 1178 2043 numerum-

437 2076 502 2111 que
530 2065 673 2099 samiliae
703 2064 907 2107 singulorum
943 2068 1178 2104 conventuum,

437 2119 709 2153 monasteriorum
737 2123 768 2151 et
797 2118 970 2151 domorum
994 2116 1181 2150 huiusmodi

435 2171 658 2216 regularium,
686 2170 818 2215 capituli
848 2170 897 2203 vel
922 2169 1181 2213 congregationis

435 2225 644 2270 provincialis
664 2223 823 2257 sententia
840 2229 871 2257 et
884 2222 1077 2256 auctoritate
1094 2233 1183 2267 prae-

436 2278 578 2319 finitum,
595 2278 692 2311 iidem
714 2277 898 2320 superiores
917 2275 1085 2316 Ordinum,
1103 2276 1183 2310 Con-

437 2331 663 2374 gregationum
676 2336 707 2364 et
719 2330 936 2363 institutorum
951 2339 1183 2373 quorumcum-

438 2395 512 2429 que,
525 2391 589 2418 tam
611 2384 778 2427 generales
792 2389 822 2416 et
840 2382 1064 2426 provinciales,
1086 2393 1182 2426 quam

438 2439 558 2472 locales
578 2447 692 2472 omnes
723 2441 882 2481 perpetuo
900 2446 1027 2469 servare
1048 2436 1184 2470 omnino

439 2497 620 2526 teneantur.

485 2546 502 2587 ς
515 2545 546 2577 [ι.
560 2545 620 2578 Eos
630 2550 736 2578 autem
748 2543 942 2588 superiores,
953 2543 1185 2586 cuiuscumque

442 2650 609 2694 praedictav
642 2650 753 2684 onmia
787 2649 930 2694 praefixo
956 2649 1095 2683 termino
1119 2659 1184 2682 non

979 266 1016 290 nt*
1023 266 1076 290 LLA
1082 265 1157 290 mult
1182 266 1334 291 ROMANUM

1965 267 2017 295 An.
2037 266 2066 295 G.
2081 267 2149 298 1605
2189 292 2190 297 ,

1210 314 1447 358 praestiterint,
1478 314 1527 347 vel
1558 324 1732 348 numerum
1765 314 1952 350 huiusmodi

1210 366 1447 410 praescriptum
1465 366 1579 410 quovis
1598 367 1696 400 modo
1717 377 1836 410 augere
1854 378 1950 412 prae-

1209 419 1418 464 sumpserint,
1438 420 1629 464 privationis
1653 420 1799 454 omnium
1825 420 1951 454 officio-

1210 483 1295 513 rum,
1316 483 1399 516 quae
1416 478 1493 506 tunc
1506 473 1662 517 temporis
1675 473 1880 513 obtinebunt,
1900 483 1954 507 vo-

1211 525 1320 569 cisque
1344 525 1466 559 activae
1490 532 1522 559 et
1540 525 1696 569 passivae,
1719 536 1756 558 ac
1780 525 1821 559 ad
1845 526 1955 559 omnia

1211 588 1288 612 suae
1308 578 1475 620 religionis
1499 578 1607 612 officia
1633 584 1665 612 et
1684 579 1803 621 gradus
1822 578 1951 612 inhabi-

1211 631 1309 664 litatis
1332 637 1524 675 perpetuam
1541 641 1679 676 poenam
1701 641 1740 665 eo
1758 631 1828 675 ipso
1848 631 1955 664 ineur-

1211 695 1306 725 rere,
1340 690 1438 729 atque
1466 685 1538 718 aliis
1566 685 1662 719 etiam
1688 685 1890 728 gravioribus
1913 685 1955 719 ad

1211 737 1395 772 Sanctitatis
1414 738 1498 772 Suae
1522 744 1554 772 et
1575 748 1799 772 successorum
1819 748 1954 772 suomm

1212 790 1382 824 arbitrium
1403 791 1570 834 infligendi
1584 791 1697 836 poenis
1713 791 1883 825 subiacere
1901 801 1955 824 vo-

1212 844 1271 877 luit
1288 850 1319 878 et
1338 844 1522 878 declaravit.

1257 898 1274 939 ξ
1294 896 1325 930 5.
1346 897 1419 931 Vult
1442 904 1610 942 praeterea
1636 898 1795 932 Sanctitas
1814 898 1879 932 Sua
1897 907 1955 941 per

1212 951 1274 984 hoc
1283 951 1461 991 decretum,
1475 951 1619 985 eiusdem
1629 950 1956 994 CongregationisRe-

1213 1004 1416 1038 formationis
1436 1004 1641 1048 Apostolicae
1665 1004 1831 1038 secretarii
1858 1013 1956 1038 manu

1212 1056 1429 1100 subscriptum
1446 1083 1454 1097 ,
1481 1057 1709 1101 consuetisque
1733 1057 1837 1090 almae
1861 1056 1956 1090 Urbis

1214 1109 1292 1143 locis
1320 1109 1452 1142 affixum
1484 1115 1515 1143 et
1537 1110 1739 1153 publicatum
1754 1136 1762 1151 ,
1789 1119 1902 1143 omnes
1925 1114 1958 1142 et

1212 1162 1356 1205 singulos
1375 1161 1532 1196 Ordinum
1545 1162 1742 1205 regularium
1757 1161 1952 1206 superiores,

1213 1215 1253 1248 ad
1270 1225 1352 1259 quos
1370 1220 1505 1259 spectat,
1521 1215 1657 1259 perinde
1676 1214 1760 1249 affici
1782 1225 1819 1248 ac
1835 1214 1861 1248 si
1877 1214 1955 1248 fuis-

1212 1273 1262 1301 set
1281 1267 1415 1302 cuilibet
1429 1268 1645 1312 personaliter
1660 1267 1857 1301 intimatum.

1258 1323 1275 1363 g
1296 1320 1327 1354 6.
1350 1321 1420 1355 Non
1444 1321 1648 1355 obstantibus
1673 1320 1957 1355 constitutionibus
1997 1328 2152 1376 ‹uaequiaoao-
2188 1327 2192 1361 j

1213 1373 1409 1418 apostolicis,
1433 1374 1620 1418 privilegiis,
1640 1374 1788 1413 statutis,
1811 1373 1954 1415 indultis,
1971 1360 2022 1381 ‘⁰⁸²
2046 1360 2099 1377 Μ’
2189 1366 2192 1373 ἢ

1213 1437 1341 1461 necnon
1361 1427 1432 1461 aliis
1451 1427 1622 1461 contrariis
1639 1427 1910 1471 quibuscumque.

1257 1480 1373 1514 Datum
1390 1480 1512 1514 Romae
1532 1480 1619 1524 apud
1639 1486 1787 1514 sanctum
1811 1480 1954 1521 Petrum,

1214 1533 1266 1566 die
1286 1543 1319 1567 1v
1339 1533 1520 1567 decembris
1537 1543 1634 1574 mcv,
1650 1533 1858 1578 pontificatus
1875 1532 1959 1566 eius-

1213 1585 1288 1619 dem
1308 1585 1338 1618 S.
1362 1586 1396 1619 D.
1421 1586 1457 1619 N.
1482 1595 1567 1618 anno
1588 1595 1609 1619 1.

1250 1647 1311 1674 Dat.
1328 1647 1372 1675 die
1387 1647 1403 1674 4
1417 1646 1570 1674 decembris
1587 1646 1665 1680 1605,
1682 1654 1727 1674 an.
1743 1650 1820 1682 pont.
1835 1653 1854 1674 1.

1969 907 2151 955 ΜοξιοωῃΙοι-ιιιι

1480 1724 1691 1739 --·-.

1546 1833 1625 1866 XXI.

1217 1959 1310 2000 Quod
1328 1959 1446 2002 fratres
1465 1957 1598 1992 Ordinis
1617 1957 1875 1992 Carmelum-um
1893 1956 1960 1990 dis-

1260 2012 1476 2045 calceatorum
1507 2011 1633 2054 possint
1671 2010 1790 2054 ubique
1820 2009 1858 2043 de
1889 2009 1961 2043 sold
2198 2020 2204 2038 t
2224 2021 2227 2043 2

1261 2065 1396 2098 licenzid
1415 2063 1591 2098 Ordinarii
1602 2073 1686 2096 nova
1698 2067 1882 2096 construere
1893 2072 1960 2096 mo-

1259 2118 1406 2150 nasteria
1419 2116 1439 2150 ¹.

1457 2233 1569 2260 Paulus
1588 2232 1668 2266 Papa
1686 2233 1719 2264 V,

1341 2287 1378 2315 ad
1397 2289 1576 2321 perpetuam
1590 2285 1636 2313 rei
1651 2284 1834 2312 memoriam.

1261 2382 1309 2416 Ad
1338 2381 1502 2415 Ecclesiae
1531 2380 1700 2414 militantis
1730 2380 1845 2423 (cuius
1868 2379 1955 2423 regi·
1999 2396 2114 2419 Emffiffm
2219 2396 2227 2416 ⁴

1218 2436 1309 2477 mini,
1336 2435 1412 2469 licet
1435 2434 1607 2475 immeriti,
1636 2434 1744 2467 divina
1769 2433 1959 2478 disponente

1219 2488 1392 2524 elementia
1424 2487 1672 2533 praesidemus)
1711 2486 1959 2531 amplitudinem

1255 2571 1266 2596 l
1289 2569 1425 2596 Consonat
1443 2568 1522 2596 Cone.
1543 2567 1665 2595 Trident.
1686 2575 1751 2594 sess.
1761 2573 1825 2600 xxV,
1843 2575 1902 2603 cap.
1917 2573 1960 2601 111,

1217 2614 1246 2641 in
1261 2614 1350 2640 fin.—
1362 2613 1399 2640 De
1410 2612 1509 2639 Ordine
1524 2611 1729 2639 Carmelitarum
1746 2611 1806 2639 vide
1821 2611 1848 2638 in
1866 2611 1958 2638 Const.

1218 2663 1329 2691 Lxxvul,
1349 2656 1461 2684 Honorii
1480 2663 1508 2683 111
1527 2656 1686 2684 Utvivendi
1705 2659 1771 2683 tom.
1786 2661 1814 2682 ιιι
1824 2663 1884 2691 pag.
1896 2655 1958 2682 4¹5.
