2227 3241
273 280 324 306 An.
339 280 369 306 c.
392 278 459 306 ¹606
504 269 568 303 ⁶294

325 1508 402 1529 Contra
415 1515 456 1530 non

272 1535 377 1555 solventes
409 1542 457 1557 exe-

272 1562 414 1587 quutiosuper
423 1568 456 1583 eo-

273 1594 317 1608 rnm
329 1588 457 1614 praeben-tis

272 1615 376 1637 facienda.

314 2493 456 2518 'l'musumptis

274 2520 330 2540 ciem
347 2520 411 2540 iuhet.

470 326 615 369 singulis,
635 325 756 359 etiamsi
779 325 817 358 de
839 324 900 357 illis
920 324 1116 368 illorumque
1136 325 1209 358 totis

470 379 635 412 tenoribus
652 377 811 422 specialis,
834 376 995 420 specifica,
1012 387 1159 421 expressa
1179 382 1209 410 et

469 431 644 471 individua,
672 441 708 463 ac
728 430 768 463 de
788 430 884 463 verbo
905 430 944 463 ad
971 430 1116 471 verbum,
1144 441 1208 464 non

469 490 574 517 autem
596 495 654 527 per
678 483 837 517 clausulas
857 483 1023 526 generales
1045 483 1128 516 idem
1151 483 1208 515 im-

468 543 643 580 portantes‚
672 537 793 571 mentio
825 547 880 570 seu
912 537 1043 580 quaevis
1067 537 1128 570 alia
1154 547 1207 570 ex-

469 590 590 633 pressio
616 590 764 624 habenda
790 590 882 631 soret,
912 590 1040 624 illorum
1069 597 1205 630 tenores,

469 654 505 676 ac
529 643 554 676 si
576 644 614 677 de
632 644 729 677 verbo
750 644 789 677 ad
810 644 955 686 verbum,
981 643 1060 676 nihil
1080 644 1208 687 penitus

469 696 599 737 omisso,
623 708 660 730 ac
686 697 789 730 forma
817 697 848 730 in
874 697 936 730 illis
958 697 1072 730 tradita
1097 697 1208 730 obser-

469 752 561 790 vata,
594 750 703 783 inserti
735 750 862 791 forent,
892 750 1116 794 praesentibus
1150 761 1208 794 pro

469 803 563 847 plene
581 809 610 836 et
635 803 830 837 sufficienter
852 804 1007 848 expressis
1032 810 1062 837 et
1083 804 1209 837 insertis

469 857 634 899 habentes,
664 858 724 891 illis
749 858 827 891 alias
852 858 883 891 in
908 868 966 891 suo
987 858 1105 891 robore
1130 868 1205 902 per-

470 911 641 953 mansuris,
662 911 722 945 hae
743 912 809 945 vice
830 911 1005 952 dumtaxat,
1026 912 1140 945 harum
1162 922 1209 944 se-

469 964 535 1006 rie,
563 965 745 1009 specialiter
772 971 802 999 et
827 976 974 1009 expresse
1001 965 1206 1007 derogamus,

470 1029 506 1051 ac
526 1019 677 1052 omnibus
702 1019 774 1060 iltis,
803 1030 886 1063 quae
909 1019 1012 1052 dictus
1036 1018 1210 1061 Gregorius

470 1073 700 1115 praedecessor
718 1073 816 1106 voluit
841 1083 905 1106 non
924 1073 1061 1113 obstare,
1085 1078 1210 1105 contra-

470 1125 524 1158 riis
538 1126 812 1169 quibust—umqum
834 1131 888 1159 ant
903 1126 928 1159 si
947 1126 1109 1169 aliquibus
1127 1135 1211 1158 com-

470 1179 610 1212 muniter
635 1180 682 1212 vel
708 1179 834 1212 divisim
857 1180 896 1212 ab
923 1180 1035 1213 eadem
1064 1179 1104 1212 sit
1129 1179 1209 1212 Sede

470 1232 631 1265 indultum
664 1233 750 1276 quod
782 1232 952 1271 interdici,
979 1232 1130 1276 suspendi
1162 1232 1208 1264 vel

470 1286 743 1319 excommunicari
769 1296 833 1319 non
860 1286 983 1329 possint
1008 1296 1065 1329 per
1089 1285 1210 1318 litteras

470 1339 660 1383 apostolicas
684 1350 749 1372 non
774 1339 925 1377 facientes
949 1339 1075 1383 plenam
1098 1345 1126 1372 et
1151 1350 1207 1372 ex-

470 1404 611 1436 pressam
632 1404 668 1426 ac
693 1393 732 1426 de
752 1393 850 1426 verbo
871 1393 910 1426 ad
933 1393 1064 1426 verbum
1095 1393 1134 1426 de
1161 1392 1209 1425 in-

471 1447 561 1480 dulto
587 1447 771 1480 huiusmodi
799 1447 1007 1480 mentionem.

517 1502 533 1543 g
554 1500 605 1534 116.
627 1501 779 1534 Volumus
804 1506 910 1534 autem
937 1501 1023 1544 quod
1049 1501 1133 1544 (pro
1159 1510 1210 1533 ex-

473 1553 598 1587 actione
619 1554 842 1595 terminorum,
865 1554 949 1587 iuxta
970 1559 1073 1587 laxam
1092 1553 1123 1586 in
1145 1564 1210 1586 me-

472 1613 597 1640 morato
622 1607 705 1640 lihro
737 1612 944 1647 contentam,
977 1618 994 1640 a
1023 1607 1209 1651 supradicto

473 1662 551 1694 l'esto
565 1660 664 1694 sancti
678 1660 806 1694 Ioannis
819 1660 976 1704 Baptistae
989 1660 1064 1693 anni
1078 1670 1209 1694 nnxcvn

472 1714 645 1755 inclusive,
671 1725 772 1758 usque
793 1714 833 1747 ad
855 1714 961 1747 datam
990 1713 1208 1757 praesentium

471 1767 695 1808 decursorum,
716 1773 747 1800 et
766 1767 919 1801 hactenus
937 1777 1001 1800 non
1017 1767 1210 1808 solutorum,

471 1832 507 1854 ac
537 1831 593 1864 per
624 1820 805 1865 praedictos
833 1820 1008 1864 capitulum
1030 1831 1086 1854 seu
1112 1832 1209 1854 cano-

470 1875 559 1908 nicos
595 1874 747 1908 eeclesiae
784 1874 969 1908 valentinae
1001 1874 1209 1917 debitorum)

471 1933 583 1961 contra
611 1928 790 1970 singulares
819 1938 972 1971 personas
1003 1927 1210 1961 canonicatus

471 1986 502 2014 et
521 1981 722 2025 praebendas
747 1981 778 2014 in
804 1982 886 2014 dicta
909 1982 1041 2015 ecclesia
1062 1981 1210 2014 obtinen-

472 2040 527 2076 tes,
551 2045 611 2078 pro
628 2037 695 2068 rata
723 2035 875 2079 temporis
893 2045 957 2078 quo
973 2034 1208 2078 possessionem

471 2088 717 2122 canonicatuum
739 2099 775 2121 ac
795 2088 1052 2131 praebendarum
1075 2088 1209 2132 adeptae

471 2141 607 2182 luerint,
637 2152 701 2175 non
722 2147 827 2175 autem
855 2147 964 2175 contra
992 2152 1134 2175 mensam
1156 2152 1208 2175 ca-

470 2195 640 2238 pitularem
667 2196 715 2228 vel
739 2195 817 2228 alias
847 2206 966 2229 massas
995 2206 1204 2237 communes,

470 2259 530 2292 pro
548 2248 674 2292 reliquo
691 2258 766 2281 vero
785 2254 941 2292 tempore,
963 2253 1074 2281 contra
1096 2259 1206 2282 eorum

470 2302 502 2335 in
527 2302 767 2336 canonicatibus
793 2309 818 2335 et
846 2302 1039 2346 praebendis
1071 2302 1206 2346 praede-

470 2366 610 2389 cessores
627 2355 690 2389 sive
707 2356 990 2399 praedecessorum
1006 2355 1159 2390 haeredes
1177 2359 1207 2390 et

471 2410 566 2450 bona,
593 2408 764 2453 exequutio
789 2408 862 2448 siatj.

515 2465 531 2505 g
553 2462 605 2496 117.
626 2463 782 2507 Quodque
802 2463 1019 2506 praesentium
1039 2463 1203 2506 exemplis,

472 2516 567 2549 etiam
589 2516 763 2560 impressis,
792 2526 888 2549 manu
915 2516 1031 2550 notarii
1062 2515 1206 2560 pubblici

471 2569 681 2613 subscriptis,
709 2574 740 2602 et
763 2569 867 2611 sigillo
893 2569 1027 2602 alicuius
1051 2578 1207 2612 personae

472 2623 503 2655 in
528 2622 683 2664 dignitate
708 2622 901 2656 eclesiastica
927 2623 1117 2656 constitutae
1138 2633 1206 2655 mu-

472 2674 556 2717 nitis,
577 2676 687 2709 eadem
714 2687 846 2720 prorsus
871 2676 950 2710 fides
966 2676 1158 2710 adhibeatur
1174 2675 1206 2709 in

1053 276 1228 301 Bt‘LLARlUM
1252 277 1402 301 Romanum

2164 0 2227 69 a

2000 277 2091 304 An.C.
2109 277 2183 315 1602
2224 299 2227 309 .

1244 324 1362 358 iudicio
1387 329 1417 358 et
1441 323 1537 363 extra,
1561 333 1643 367 quae
1664 323 1738 367 ipsis
1758 325 1978 368 praesentibus

1243 377 1471 416 adhiberetur,
1499 376 1522 409 si
1549 376 1650 409 forent
1678 376 1836 410 exhibitae
1866 378 1913 410 vel
1939 388 1977 411 ο·
2198 407 2199 410 ,
2222 367 2227 408 'i

1242 435 1377 463 stensae.
2190 434 2198 461 ,’
2225 433 2227 447 ⁴

1286 484 1398 516 Datum
1421 483 1540 516 Itomae
1565 483 1650 527 apud
1673 489 1819 516 sanctum
1837 483 1977 524 Petrum,

1242 536 1300 569 sub
1318 536 1436 569 annulo
1453 536 1622 569 Piscator-is
1641 536 1691 569 ‹lie
1704 546 1733 569 vi
1749 536 1855 569 martii
1870 546 1978 577 Mncvl,

1243 590 1448 633 pontificatus
1473 590 1574 623 nostri
1597 600 1682 623 anno
1704 600 1723 623 1.

1280 643 1336 670 bat.
1354 643 1398 670 die
1417 644 1433 670 G
1451 643 1537 670 martii
1556 643 1632 677 1606,
1646 651 1689 670 an.
1708 643 1802 678 pontis.
1820 650 1837 670 1.

1508 700 1716 720 ——4

1551 759 1669 793 xxxll.

1245 831 1455 873 Confirmatio
1465 830 1662 864 reductionis
1672 832 1902 864 monachorum
1911 842 1984 865 san-

1286 884 1330 916 cti
1347 884 1472 917 Basilii·
1491 885 1527 916 in
1547 895 1650 917 unam
1676 884 1979 928 Conslreyationem,

1287 941 1315 969 et
1336 937 1525 980 approbatio
1541 937 1728 979 oratiarum*
1749 941 1777 970 et
1793 936 1982 981 privilessio-

1286 1000 1361 1023 rum
1379 990 1481 1022 cidem
1501 989 1621 1023 Ortlt'm'
1640 1000 1869 1023 concessorum.

1491 1071 1603 1098 Paulus
1620 1071 1698 1104 Papa
1713 1071 1745 1105 V,

1367 1116 1403 1143 ad
1423 1118 1599 1150 perpetuam
1619 1116 1663 1143 rei
1684 1116 1863 1143 memoriam.

1287 1179 1422 1212 Iniuncti
1441 1179 1534 1212 nobis
1551 1179 1720 1223 apostolici
1743 1179 1885 1213 muneris
1902 1180 1983 1213 ratio
2024 1188 2143 1211 Exordium.
2169 1167 2191 1204 .{‘

1244 1233 1384 1277 postulat
1403 1238 1438 1266 ut
1461 1243 1624 1266 sacrarum
1643 1233 1848 1275 Religionum
1870 1233 1901 1266 in
1923 1233 1982 1266 mi-

1244 1285 1345 1318 litanti
1367 1286 1518 1326 Ecclesia,
1535 1296 1646 1319 suaves
1660 1285 1690 1318 in
1705 1285 1841 1319 Domino
1862 1286 1983 1320 fructus

1243 1338 1487 1382 praestantium,
1511 1344 1676 1382 paternam
1699 1349 1808 1372 curam
1827 1344 1984 1382 gerentes,

1244 1402 1370 1436 eaquae
1384 1403 1401 1425 a
1414 1392 1566 1426 Romanis
1580 1392 1788 1426 Pontificibus
1800 1393 1984 1437 praedeces-

1243 1446 1371 1479 soribus
1384 1446 1502 1480 nostris
1514 1457 1665 1480 concessa
1676 1452 1760 1487 sunt,
1773 1457 1837 1490 quo
1851 1446 1984 1480 validius

1242 1505 1400 1543 perpetuo
1432 1499 1629 1540 subsistant,
1653 1500 1848 1544 apostolicae
1869 1499 1984 1533 confir-

1244 1552 1394 1586 mationis
1413 1553 1530 1586 robore
1552 1553 1689 1586 libenter
1709 1553 1979 1586 communiamus.

1288 1607 1303 1648 ἕ
1325 1605 1355 1639 ¹1.
1379 1606 1455 1640 Cum
1475 1606 1593 1650 itaque,
1617 1606 1699 1640 sicut
1722 1606 1917 1650 accepimus,
1940 1606 2003 1662 ste-¹
2028 1613 2145 1662 ,Αηῑῑιιιιψφῑ
2200 1647 2206 1655 γ’

1244 1659 1312 1693 licis
1333 1660 1566 1694 recordationis
1585 1660 1760 1703 Gregorius
1784 1660 1869 1704 Papa
1893 1659 1962 1694 Xlll
2005 1647 2059 1662 ΜΞ
2073 1647 2110 1662 '⁰'
2126 1645 2176 1690 ¹3¹¹*
2197 1659 2207 1694 't'

1242 1713 1471 1756 praedeeessor
1495 1719 1615 1753 noster,
1633 1713 1890 1747 animadvertens
1903 1713 1911 1730 ¹
1926 1712 1980 1747 Or-
1997 1718 2175 1747 ueGressoriiXffl
2195 1729 2203 1753 t

1971 1687 1978 1701 ‚
1997 1669 2093 1689 recenset
2114 1694 2118 1698 ι
2151 1693 2174 1698 ..

1997 1691 2178 1716 rexaeonsmnua-
2202 1706 2206 1723 ⁶

1244 1767 1351 1801 dinem
1374 1768 1473 1801 saneti
1501 1768 1607 1801 Basilii
1629 1773 1772 1801 caeteros
1792 1777 1904 1801 omnes
1923 1767 1982 1801 Re·
1997 1747 2113 1770 'mmm'

1244 1822 1371 1863 gulaues
1391 1822 1580 1866 antiquitate
1600 1822 1806 1866 praecedere,
1830 1831 1867 1855 ac
1887 1831 1924 1855 ex
1944 1831 1982 1855 eo

1243 1875 1297 1908 Dei
1320 1875 1493 1908 Ecclesiam
1513 1875 1785 1918 christianamque
1805 1874 1982 1919 rempubli-

1244 1939 1312 1961 cam
1339 1928 1378 1961 ab
1404 1928 1503 1972 ipsius
1523 1928 1649 1962 Ordinis
1670 1927 1761 1961 initio
1783 1928 1898 1962 uberes
1918 1927 1982 1961 fru-
2194 1967 2196 1971 ι

1244 1987 1312 2015 ctus
1337 1982 1506 2025 recepisse,
1523 1987 1558 2014 ut
1582 1981 1657 2015 dieti
1683 1981 1810 2015 Ordinis
1831 1980 1980 2014 monachi
2190 1980 2197 2025 Α(
2215 1998 2225 2020 2·

1243 2034 1446 2068 commodius
1471 2034 1632 2068 Altissimo
1668 2034 1815 2067 famulari
1848 2033 1978 2076 regula·
2194 2024 2195 2046 ³

1243 2099 1376 2132 remque
1403 2088 1638 2122 observantiam
1668 2098 1794 2122 serrare
1826 2092 1978 2132 possent,

1242 2153 1299 2186 per
1316 2142 1489 2186 quamdam
1515 2153 1605 2175 suam
1630 2147 1788 2186 perpetuo
1811 2141 1980 2174 valituram

1243 2195 1503 2229 constitutionem
1526 2206 1579 2228 eos
1606 2195 1635 2227 in
1666 2205 1760 2228 unam
1793 2194 1977 2237 Congrega-

1243 2247 1362 2282 tionem
1389 2249 1529 2291 redegit,

1287 2304 1302 2344 ξ
1321 2301 1350 2335 2.
1373 2301 1598 2345 Nonnullaque
1618 2300 1795 2345 privilegia,
1817 2300 1935 2343 gratias
1949 2305 1980 2334 et
1993 2331 2036 2352 rius
2046 2335 2128 2352 com„
2163 2330 2171 2348 ι

1241 2355 1479 2395 immunitates,
1503 2355 1636 2398 illasque
1656 2354 1829 2398 praecipue
1861 2354 1979 2398 quibus
1994 2333 2203 2410 qgfjgffiffiffiij

1241 2409 1450 2452 Congregatio
1462 2408 1653 2443 Cassinensis
1669 2408 1816 2451 illiusque
1828 2407 1977 2441 monachi
2000 2399 2134 2432 ⁶³⁴3fn⁰¹¹=¹ffi
2181 2415 2184 2429 ³
2200 2418 2201 2421 ¹

1241 2462 1407 2506 potiuntur
1427 2468 1456 2496 et
1478 2462 1619 2505 gaudent
1633 2489 1640 2501 ‚
1667 2462 1769 2495 dictae
1793 2461 1975 2504 Congu-ega-

1242 2515 1319 2549 tioni
1337 2516 1381 2549 sic
1402 2521 1526 2549 erectae
1546 2514 1733 2555 concessit‘23

2029 2304 2085 2325 mem
2098 2303 2169 2330 Gron-
2185 2300 2206 2324 >2

1278 2598 1287 2622 i
1310 2596 1382 2631 Synt.
1393 2595 1538 2623 absolutior
1553 2594 1648 2623 evadet
1665 2594 1778 2629 legendo
1793 2594 1979 2622 animadver-

1242 2642 1310 2668 teret
1329 2642 1368 2674 (a.
1381 2640 1429 2675 T.).

1276 2685 1291 2711 “2
1306 2683 1448 2712 Praedicta
1459 2683 1547 2712 omnia
1557 2683 1691 2712 habentur
1703 2683 1729 2711 in
1741 2682 1830 2711 Consi.
1844 2689 1888 2711 cix
1897 2681 1980 2719 ipsius
