2227 3241
1151 315 1191 320 ,
1218 306 1247 328 γ,
1271 314 1315 321 .-

445 367 582 409 multis
614 365 821 406 laboribus
851 370 887 403 et
917 361 1111 412 impensis
1142 360 1393 411 paravimus,
1425 357 1561 399 omnia
1584 356 1838 398 adamussim
1860 355 2023 407 (paucis

443 437 617 489 exceptis
641 437 681 477 in
702 435 829 475 Tomo
850 429 989 473 nostro
1011 431 1180 472 Decimo
1206 436 1324 472 antea
1345 428 1497 474 relatis,
1517 428 1697 479 itemque
1713 426 1861 468 additis
1882 427 2022 478 paucis

443 523 463 550 e
484 508 701 559 sequenti
691 506 741 546 M
735 504 997 546 ,ziinardianat
1018 501 1227 543 volumine
1257 500 1484 551 desumptis
1505 506 1542 540 et
1564 499 1645 540 huc
1666 496 1899 549 descriptis)
1919 497 2022 539 Acta

443 577 657 620 pontificia
693 589 797 627 quae
835 575 873 615 111
912 573 1028 614 Το1111
1061 587 1084 612 v
1122 571 1243 613 Paite
1274 585 1319 612 111
1360 570 1553 622 plincipis
1589 569 1777 612 editionis
1807 567 2021 610 Romanae

443 650 621 700 primum
643 645 907 698 Cocquelinio
931 651 1099 685 cuiante
1129 628 1327 685 recensita
1357 642 1486 683 lueie:
1510 654 1657 692 nempe
1679 639 1901 681 Clementis
1920 638 2021 680 VIII

441 717 760 760 Constitutiones
781 716 899 757 annis
929 715 1044 756 ditas
1074 727 1233 759 xii,x111
1266 721 1303 755 et
1330 726 1400 753 xiv
1432 711 1692 763 pontificatus
1722 710 1850 758 illius,
1872 708 2021 751 deinde

440 789 604 830 brevem
642 802 689 829 ex
719 788 875 838 integro
907 784 1188 837 pontificatum
1219 784 1369 826 Leonis
1397 782 1478 832 XI,
1509 796 1555 824 ac
1585 782 1755 824 demum
1785 794 1853 823 sex
1889 792 2020 821 annos

439 859 593 911 priores
614 857 872 910 pontificatus
894 855 1013 898 Pauli
1033 855 1070 897 V
1092 869 1223 907 usque
1244 855 1294 896 ad
1316 868 1472 896 annum
1503 860 1666 895 nostrae
1696 852 1837 895 salutis
1868 863 2020 898 MDCX13

438 930 555 972 cuius
585 929 933 971 continuationem
954 941 1085 978 usque
1116 926 1166 968 ad
1190 925 1313 968 finem
1335 939 1416 966 una
1438 919 1537 966 cum‘
1556 931 1638 966 toto
1661 922 1900 976 pontificatu
1921 921 2019 964 Gre-

436 1001 536 1052 gorii
565 1000 712 1041 XVin
742 999 871 1041 Tomo
903 998 1162 1040 Duodecimo‘
1194 996 1379 1048 proxime
1416 995 1646 1047 evulgando
1683 994 1898 1039 dabimus,
1935 1006 2018 1044 quo

437 1072 594 1123 primus
623 1071 831 1123 quadrans
861 1069 1011 1111 saeculi
1040 1083 1130 1110 xv11
1160 1068 1328 1111 feliciter
1357 1073 1522 1109 exactus
1552 1067 1637 1108 erit.

489 1142 799 1190 praestantiam,
817 1141 1112 1189 auctoritatem,
1131 1140 1371 1192 sapientiam
1393 1145 1448 1180 tot
1464 1138 1734 1180 Summorum
1754 1135 2018 1183 Pontificum,

436 1226 723 1265 supremorum
755 1211 876 1254 Orbis
906 1211 1126 1253 Christiani
1155 1211 1195 1252 in
1226 1210 1338 1254 omni
1369 1211 1448 1252 sere
1478 1224 1519 1251 re
1550 1209 1890 1261 legumlatorum‚
1917 1223 2018 1262 quo-

435 1299 527 1326 rum
561 1284 732 1326 Decreta
764 1283 873 1325 hisee
906 1282 1186 1324 voluminibus
1221 1282 1412 1333 deinceps
1445 1288 1726 1327 recensentur,
1757 1281 1853 1333 quid
1886 1281 2016 1334 loqui-

434 1369 543 1400 mur,
563 1355 675 1406 quod
705 1354 787 1395 iam
816 1368 897 1395 non
930 1367 1049 1405 saepo
1079 1353 1240 1404 saepius
1271 1352 1507 1404 proloquuti
1537 1353 1685 1398 simus,
1707 1352 1927 1404 cunctique
1948 1366 2019 1404 per

434 1426 575 1468 orbem
617 1439 760 1467 omnes
795 1425 1028 1466 fateantur‘?
1065 1424 1332 1476 Supersluun‘i
1372 1437 1469 1464 sane
1506 1424 1606 1465 soret
1641 1423 1790 1465 nostris
1826 1423 2016 1466 extollere

434 1496 626 1539 laudibus
656 1496 767 1548 quod
797 1510 839 1538 se
869 1496 956 1547 ipso
986 1502 1068 1537 toto
1099 1495 1293 1537 laudibus
1322 1495 1472 1536 nostris
1503 1493 1682 1543 excellit;
1715 1494 1912 1546 quodque
1941 1508 2017 1536 nos

433 1567 546 1610 decet
576 1567 709 1619 potius
739 1567 866 1609 vereri
896 1574 934 1608 et.
964 1567 1122 1608 silentio
1153 1567 1325 1611 discere,
1357 1580 1482 1618 quam
1512 1566 1646 1608 verbis
1676 1565 1870 1618 prosequi
1897 1572 1936 1608 et
1955 1566 2015 1608 iu-

433 1639 579 1681 dicare.
610 1638 670 1679 De
700 1639 862 1680 chartae
885 1639 1006 1679 etiam
1029 1644 1302 1689 typorumcpie
1323 1637 1454 1679 nitore
1475 1643 1512 1678 et
1541 1637 1756 1688 elegantia,
1779 1637 2016 1689 ceterisque,

434 1723 538 1761 quae
567 1709 710 1751 eodem
747 1709 961 1760 pertinent.
995 1709 1119 1750 huius
1158 1715 1320 1750 nostrae
1358 1708 1546 1749 editionis
1583 1707 1749 1749 dotibus
1792 1707 2047 1751 admonere'

435 1787 470 1821 te
499 1793 800 1832 supervacuum
831 1779 1102 1825 arlssiitramur,
1134 1794 1263 1831 quum
1300 1786 1384 1821 tute
1419 1779 1520 1830 ipse,
1551 1779 1649 1830 quid
1687 1779 1744 1821 rei
1773 1779 1839 1824 sit,
1869 1793 2014 1832 cogno—
2076 1773 2081 1778 ⁵

434 1850 546 1892 scere'
564 1851 704 1902 possis.
724 1850 865 1892 Unum
888 1851 964 1891 hoc
985 1864 1127 1892 secure
1146 1849 1399 1901 profitemur,
1417 1849 1552 1901 quoad
1570 1850 1666 1892 istas
1688 1863 1853 1902 quoque
1874 1850 2016 1893 attinet

434 1928 586 1972 partes,
617 1922 727 1963 hunc
756 1921 930 1963 Tomum
964 1921 1019 1963 nil
1051 1921 1209 1967 ceteris,
1231 1921 1302 1973 qui
1331 1921 1448 1963 illum
1480 1928 1661 1973 tempore
1692 1929 2014 1973 praecesserunt,

433 1991 569 2033 minus
597 1991 748 2033 valere:
779 1992 876 2042 quin
909 2000 941 2033 et
974 1992 1179 2043 plerisque
1209 2005 1350 2034 eorum
1383 1992 1503 2033 etiam
1535 1998 1740 2043 praestare
1765 1992 1934 2034 fortasse
1954 2006 2014 2035 re-

433 2062 573 2113 peries.
604 2062 786 2109 Quantas
818 2063 993 2115 denique
1025 2077 1144 2112 curas
1174 2063 1410 2114 posuimus,
1442 2070 1485 2104 ut
1515 2063 1620 2105 hanc
1657 2069 1840 2106 nostram
1870 2078 1894 2106 a
1923 2063 2014 2116 plu·
2059 2112 2062 2115 ,

434 2132 546 2174 rimis
575 2132 834 2176 librariorum
857 2135 1033 2183 mendis,
1056 2149 1161 2186 quae
1180 2135 1254 2176 viri
1277 2134 1383 2176 docti
1405 2134 1445 2175 in
1467 2133 1643 2176 editione
1672 2134 1863 2177 Romana
1893 2149 2013 2187 aegre

435 2202 567 2244 ferunt
596 2210 633 2244 et
662 2204 749 2246 iure
781 2212 1021 2256 queruntur,
1040 2219 1296 2247 servaremus
1326 2206 1572 2251 immunem,
1591 2205 1687 2247 satis
1713 2219 1919 2258 superque
1940 2205 2012 2247 tihi

434 2273 537 2315 dicet
567 2274 646 2316 hue
675 2275 856 2326 proxime
886 2276 1067 2318 adiectus
1098 2277 1189 2328 plus
1220 2291 1344 2328 quam
1370 2284 1651 2319 sexcentarum
1675 2276 2012 2319 emendationum

434 2344 640 2396 catalogus
670 2360 771 2396 (luas
801 2347 905 2388 cirea
935 2348 1212 2390 adhibuimus.
1244 2347 1325 2390 Sed
1356 2349 1479 2391 huius
1508 2348 1636 2400 ipsius
1666 2347 1837 2399 catalogi
1861 2347 2010 2390 edendi

434 2427 597 2462 causas,
631 2430 835 2467 quaenam
873 2432 947 2459 nos
976 2419 1199 2468 moverint,
1230 2434 1313 2460 non
1344 2420 1417 2461 abs
1447 2433 1488 2461 re
1519 2419 1593 2461 erit
1621 2419 1762 2470 paucis
1798 2419 2013 2470 explicare.

434 2483 521 2526 Etsi
549 2486 655 2528 enim
687 2486 1019 2530 illainardianum
1040 2487 1155 2539 Opus
1177 2490 1378 2542 corrigere
1408 2491 1448 2532 in
1479 2490 1726 2542 praegressis
1757 2503 1924 2542 quoque
1944 2504 2009 2532 vo-

433 2553 658 2598 luminibus
688 2571 769 2599 non
807 2558 1027 2600 desivimus
1066 2574 1268 2611 unquamg
1305 2568 1483 2603 attamen
1518 2575 1541 2602 a
1578 2560 1696 2602 nobis
1733 2560 2011 2603 adliibitarum

435 2626 765 2670 emendationum
797 2628 972 2671 indicem
1005 2637 1180 2674 retexere
1211 2640 1246 2673 et
1277 2646 1415 2674 coram
1447 2645 1598 2683 ponere
1634 2645 1715 2673 11011
1755 2638 1873 2674 antea
1904 2632 2010 2684 cogi-

436 2694 621 2738 lavimus.
