2227 3241
205 309 252 335 An.
267 308 292 335 c.
320 309 386 336 2608
432 299 496 333 554

237 1122 296 1146 Quae
321 1127 331 1142 a
349 1122 394 1142 Cte-

209 1150 280 1170 meute
295 1148 341 1170 vtlt
353 1148 395 1169 sue·

198 1176 257 1205 ,funt
267 1175 393 1202 approbata,

407 357 513 391 cunda
531 355 680 389 instantia
702 360 841 399 quatuor
862 352 1041 393 iudicibus,
1066 362 1165 396 quo-,

408 420 478 444 rum
501 409 565 442 duo
587 409 625 442 de
653 406 786 442 consilio
815 406 925 450 regio,
950 412 980 439 et
1005 406 1057 439 alii
1084 400 1165 439 duo?

408 464 446 497 de
473 461 608 496 consilio
634 461 784 495 ordinum
809 460 995 494 Militiarum
1021 454 1165 503 praedi-i

408 522 531 551 ctarum
554 514 740 555 existerent,
765 513 998 552 committeretj.
1023 512 1062 546 ab
1083 503 1166 546 istisi

407 579 483 603 vero
504 574 642 614 quatuor
662 567 834 608 iudicibus,
858 566 882 599 si
901 571 1007 610 partes
1025 576 1057 599 se
1076 575 1147 608 gra-

409 628 495 656 vatas
511 621 678 663 sentirent,
703 620 764 654 illis
785 620 823 654 ad
843 619 1041 653 maiestatem
1062 624 1148 652 tuam

410 683 573 721 tamquam
596 674 889 709 administratorem
917 672 1073 706 dictarum
1095 672 1150 705 Mi-

408 729 562 771 litiarum‚
586 734 620 762 ut
639 728 830 773 praefertur,
852 727 967 760 iterum
987 726 1168 776 appellare}

409 783 532 818 licitum
556 788 648 823 essen
671 792 735 826 quo
756 792 830 815 casu
853 780 1002 813 maiestas
1024 785 1076 813 lua
1093 790 1151 823 per

410 847 444 871 se
464 836 578 882 ipsam,
602 834 754 870 adhibitis
771 833 918 879 personis
935 833 974 867 ab
996 835 1033 867 ea
1051 833 1150 876 depu-

413 890 539 931 tandis,
566 900 677 925 causas
706 899 902 932 cognoscere
927 892 958 921 et
977 886 1151 920 terminare

411 955 448 979 ac
472 943 661 978 sententiam
679 953 737 988 per
761 953 793 976 se
820 941 984 975 serendam
1004 951 1147 984 exequu-

411 997 493 1033 tioni
518 997 714 1032 demandare
736 996 994 1041 quibuscumque
1013 1004 1077 1028 non
1096 994 1152 1027 ob-

411 1051 570 1086 stantibus
591 1051 723 1085 omnino
745 1050 885 1084 deberet.

456 1106 473 1149 g
498 1104 528 1139 ⁶2.
557 1105 594 1139 Et
622 1104 759 1139 subinde
790 1103 889 1137 felicis
921 1101 1153 1136 recordationis

411 1159 557 1194 Clemens
583 1159 668 1202 Papa
692 1157 758 1191 Vlll
787 1157 1016 1201 praedecessor
1045 1160 1171 1188 noster.

412 1223 471 1258 per
491 1223 564 1246 suas
586 1212 616 1245 in
639 1212 741 1245 forma
759 1210 866 1245 Brevis
884 1210 1004 1243 litteras
1022 1207 1152 1242 ordina-

412 1266 534 1300 tionem
555 1265 754 1310 praedictam
776 1264 883 1309 quoad
911 1262 1027 1296 milites
1056 1262 1153 1295 dicta-

413 1331 484 1354 rum
523 1319 706 1354 Militiarum
745 1322 756 1361 (Χ
776 1328 841 1351 non
879 1324 983 1350 tamen
1020 1315 1172 1349 clericos

411 1373 632 1415 beneficiatos,
652 1374 700 1407 vel
722 1373 753 1406 in
773 1372 872 1406 sacris
893 1370 1061 1405 ordinibus
1079 1380 1154 1403 con-

412 1428 550 1470 stitutos,
574 1433 629 1462 aut
649 1437 714 1469 θοε,
736 1426 791 1471 qui
810 1426 905 1469 vulgo
919 1424 1056 1468 Frctyles
1077 1434 1155 1457 nun-

413 1486 581 1527 cupantur,
599 1490 738 1526 quorum
758 1489 880 1520 causas,
902 1487 1029 1512 necnon
1047 1476 1155 1511 crimi-
1170 1484 1172 1496 ⁴

412 1535 502 1570 nales
523 1541 553 1570 et
574 1535 687 1569 mixtas
712 1534 857 1579 ipsorum
884 1532 1044 1573 militum,
1072 1541 1155 1576 quae

413 1599 523 1623 merae
555 1588 694 1622 existunt
722 1586 977 1628 ecclesiasticae,
1009 1584 1156 1619 videlicet

413 1642 575 1684 haeresis,
600 1641 771 1682 simoniae,
801 1651 836 1674 ac
860 1650 994 1681 usurae,
1018 1638 1073 1672 ubi
1090 1639 1156 1681 agi-

416 1703 477 1739 tur,
494 1707 534 1731 an
555 1701 737 1731 contractus
751 1693 1009 1734 sitsoeneratius,
1035 1692 1079 1726 vel
1102 1703 1153 1733 ne,

416 1762 434 1786 a
454 1750 618 1796 praedicta
639 1749 842 1784 ordinatione
868 1747 1016 1791 excepit)
1037 1746 1155 1780 confir-

416 1805 515 1839 mavit
542 1810 573 1839 et
597 1803 807 1849 approbavit,
832 1813 868 1836 ac
888 1800 1081 1835 inviolabilis
1101 1800 1155 1833 fir-

417 1858 536 1893 mitatis
553 1858 669 1892 robore
688 1856 908 1896 communivit,
929 1864 1107 1898 omnesque
1128 1859 1158 1887 et

416 1911 572 1956 singulos,
597 1917 659 1945 tam
682 1910 760 1944 iuris
777 1919 872 1954 quam
895 1908 980 1950 sacti,
1004 1908 1156 1948 desectus,

417 1966 443 2001 si
461 1965 515 2011 qui
534 1965 673 2009 desuper
693 1962 948 2003 intervenissent,
976 1961 1153 2006 supplevit:

419 2027 450 2055 et
469 2019 680 2054 nihilominus
695 2046 702 2059 ,
726 2017 812 2062 quod
839 2026 953 2051 causae
974 2015 1158 2049 criminales

419 2078 450 2108 et
470 2072 586 2106 mixtae
606 2072 645 2106 ad
668 2071 784 2105 milites
805 2080 1084 2115 quarumcumque
1104 2068 1158 2102 Mi-

419 2127 561 2162 litiarum
596 2125 834 2171 praedictarum
867 2125 957 2169 (non
984 2129 1089 2156 tamen
1119 2122 1158 2156 ad

420 2181 555 2216 clericos
574 2179 783 2214 beneficiatos
798 2207 805 2220 ‚
830 2179 875 2212 vel
897 2178 928 2211 in
949 2177 1047 2211 sacris
1072 2176 1158 2210 ordi·
1176 2196 1177 2201 =

419 2235 515 2270 nibus
532 2233 721 2269 constitutos
734 2260 741 2274 ,
765 2238 820 2266 aut
837 2231 974 2276 Fraytes
994 2240 1158 2275 nuncupa-

421 2295 491 2330 tos,
514 2287 734 2333 pertinentes,
758 2296 816 2319 nec
836 2285 1020 2330 praedictae
1045 2283 1157 2317 crimi-

420 2343 508 2377 nales
533 2348 564 2376 et
584 2341 701 2375 mixtae
728 2351 799 2373 vere
821 2339 1065 2378 ecclesiasticae,
1087 2338 1160 2372 liae-

421 2396 500 2431 resis
520 2395 690 2435 videlicet,
714 2393 870 2427 simoniae
891 2399 921 2426 et
943 2403 1077 2433 usurae,
1107 2391 1160 2424 ubi

420 2449 527 2493 agitur
544 2459 584 2482 an
601 2453 785 2482 contractus
805 2446 845 2480 sit
863 2445 1095 2488 foeneratitius)
1114 2445 1159 2478 rel
1178 2477 1179 2484 ,

421 2503 453 2537 in
478 2503 582 2548 prima
606 2501 755 2536 instantia
780 2512 838 2546 per
864 2500 1032 2534 consilium
1060 2499 1180 2542 dicta-J

421 2568 492 2590 rum
511 2556 695 2590 Militiarum
715 2555 800 2589 iuxta
817 2555 952 2589 sormam
967 2559 1160 2587 statutorum
1177 2543 1179 2556 ¹

423 2616 453 2643 et
481 2609 772 2643 stabilimentorum
806 2608 947 2652 ipsarum
978 2599 1180 2655 Militiarum}

423 2662 572 2706 cognosci
591 2668 621 2695 et
637 2661 817 2701 terminari3
834 2660 986 2705 quodque
999 2660 1042 2701 ,ad
1059 2660 1161 2703 ipsum
1178 2665 1180 2683 i

425 2715 595 2750 consilium
622 2715 739 2750 milites
767 2714 974 2756 Militiarunh
1004 2713 1056 2758 qui
1084 2719 1163 2746 tam-

990 303 1174 328 BULLARIL'M
1197 303 1350 328 ROMANUM

1181 362 1276 396 quam
1299 350 1522 396 delinquentes
1542 351 1726 386 carceribus
1755 353 1922 398 mancipa-

1181 410 1316 446 rentur,
1343 416 1358 437 a
1385 404 1646 448 quibuscumque
1671 405 1742 438 aliis
1762 405 1923 440 iudicibus

1182 459 1301 493 remitti
1319 459 1493 498 deberent;
1515 469 1572 492 nec
1594 459 1653 503 ipsi
1672 459 1794 493 iudices
1819 459 1851 493 in
1877 460 1923 505 ip-

1182 522 1290 545 sorum
1320 511 1456 545 militum
1488 511 1616 553 causis,
1645 512 1868 547 criminalibus
1893 519 1924 548 et

1183 565 1289 599 mixtis
1310 564 1493 610 praedictis,
1517 571 1552 598 ut
1572 575 1679 609 supra,
1697 565 1836 610 exceptis
1856 575 1925 600 sese

1184 618 1398 652 intromittere
1418 624 1567 662 possent,
1591 619 1744 663 quodque
1765 629 1783 652 a
1799 625 1926 654 senten-

1187 671 1248 711 tiis,
1274 682 1331 716 per
1352 671 1671 716 ‹lictunrconsilium
1693 682 1789 716 super
1808 672 1922 706 huius-

1186 725 1272 759 modi
1299 725 1402 759 causis
1428 725 1650 759 criminalibus
1682 731 1713 759 et
1744 725 1847 760 mixtis
1879 725 1925 760 sc-

1186 779 1315 819 iendis,
1348 779 1386 812 ad
1422 778 1620 812 maiestatem
1649 784 1734 812 tuam
1763 784 1924 824 tamquam

1185 832 1367 866 Militiarum
1404 832 1642 876 praedictarum
1680 832 1927 867 administrato-

1187 896 1252 919 rem
1275 886 1430 930 appellari
1451 892 1569 930 posset,
1590 896 1626 920 ac
1645 886 1756 920 eadem
1778 885 1926 920 maiestas

1188 945 1241 972 tua
1258 950 1369 973 causas
1386 939 1611 984 appellationis
1624 939 1811 974 huiusmodi
1830 939 1860 973 in
1879 950 1926 974 se-

1187 993 1289 1027 cunda
1312 992 1460 1026 instantia
1480 998 1620 1037 quatuor
1640 992 1800 1027 iudicibus
1813 1020 1821 1035 ,
1845 1003 1926 1038 quo-

1186 1057 1257 1080 rum
1280 1047 1343 1080 duo
1364 1047 1402 1080 de
1423 1046 1558 1080 consilio
1576 1046 1665 1089 regio
1683 1052 1714 1080 et
1731 1046 1784 1080 alii
1806 1047 1869 1081 duo
1888 1047 1927 1082 de

1187 1100 1273 1134 dicto
1295 1099 1429 1133 consilio
1447 1099 1598 1133 ordinum
1616 1099 1801 1134 Militiarum
1821 1100 1928 1134 huius·

1189 1153 1275 1187 modi
1294 1158 1416 1194 essent,
1441 1152 1663 1193 committere,
1687 1153 1726 1186 ab
1751 1153 1828 1198 ipsis
1852 1164 1928 1188 vero

1188 1212 1326 1250 quatuor
1348 1205 1508 1239 iudicibus
1522 1233 1530 1247 ,
1553 1206 1579 1240 si
1599 1212 1707 1250 partes
1726 1216 1760 1240 se
1784 1211 1928 1250 gravatas

1188 1259 1354 1299 sentirent,
1380 1259 1442 1293 illis
1462 1260 1501 1293 ad
1521 1260 1722 1294 maiestatem
1740 1266 1827 1295 tuam
1846 1266 1928 1296 tam-

1189 1324 1284 1358 quam
1304 1313 1600 1347 administratorem
1624 1306 1782 1348 dictaruffi
1802 1313 1928 1348 Militia-

1190 1377 1273 1408 rum,
1294 1373 1327 1401 ut
1347 1367 1519 1411 prafertur,
1540 1367 1654 1401 iterum
1674 1368 1838 1412 appellare
1859 1367 1930 1402 lice·

1190 1427 1253 1462 ret·,
1274 1432 1338 1466 quo
1360 1432 1433 1455 casu
1452 1421 1600 1456 maiestas
1619 1426 1672 1456 tua
1689 1432 1746 1467 per
1763 1433 1796 1456 se
1813 1422 1927 1468 ipsam,

1188 1475 1340 1509 adhibitis
1359 1476 1507 1520 personis
1524 1476 1563 1510 ab
1582 1478 1618 1510 ea
1636 1476 1840 1521 deputandis,
1857 1487 1931 1512 cau-

1189 1542 1239 1564 sas
1260 1531 1387 1564 easdem
1412 1530 1444 1564 in
1472 1530 1564 1564 tertia
1588 1536 1619 1564 et
1641 1525 1755 1564 ultima
1780 1530 1932 1566 instantia

1190 1595 1385 1628 cognoscere
1403 1590 1433 1621 et
1451 1583 1636 1626 terminare,
1657 1594 1862 1629 quacumque
1882 1585 1930 1619 ul-

1191 1638 1299 1672 teri0ri
1322 1637 1537 1682 appellatione
1558 1638 1692 1678 remota,
1713 1637 1857 1678 deberet,
1873 1643 1933 1672 sta-

1192 1690 1252 1724 tuit
1271 1697 1302 1724 et
1322 1690 1503 1730 ordinavit,
1526 1696 1624 1734 prout
1645 1689 1676 1723 in
1699 1689 1792 1725 dictis
1816 1690 1932 1725 litteris

1190 1744 1318 1788 plenius
1339 1743 1553 1778 continetur¹.

1236 1800 1252 1841 ξ
1268 1797 1298 1831 3.
1316 1798 1392 1832 Cum
1410 1803 1530 1838 autem,
1546 1797 1628 1831 sicut
1645 1798 1757 1831 eadem
1776 1797 1932 1843 expositio
1946 1802 2135 1858 pugdffivmfi'hgssffi

1191 1852 1426 1896 subiungebat,
1459 1851 1615 1886 maiestati
1647 1858 1719 1886 tuae
1740 1852 1932 1887 conveniens
1947 1858 2011 1906 gout
2026 1857 2047 1878 in
2065 1856 2134 1878 rubri·
2164 1872 2166 1874 -

1193 1906 1292 1940 visum
1315 1906 1422 1947 suerit,
1440 1911 1474 1939 ut
1491 1906 1555 1940 duo
1572 1905 1695 1940 iudices
1711 1915 1770 1950 per
1784 1905 1932 1940 eamdem

1193 1960 1392 1994 maiestatem
1415 1965 1521 2001 tuam,
1548 1959 1594 1993 uti
1618 1959 1777 1994 dictarum
1806 1959 1932 1994 Militia-

1194 2025 1264 2066 rum
1297 2014 1616 2054 administratorem,
1646 2025 1684 2048 ex
1714 2013 1849 2048 consilio
1878 2019 1934 2048 tuo

1195 2069 1282 2113 regio
1300 2080 1359 2114 pro
1380 2068 1564 2112 cognitione
1582 2067 1741 2102 dictarum
1762 2077 1933 2102 causarum

1194 2123 1224 2156 in
1245 2122 1387 2156 secunda
1408 2121 1563 2156 instantia,
1577 2121 1665 2154 iuxta
1684 2120 1823 2154 formam
1843 2130 1935 2165 prae-

1194 2174 1352 2209 dictarum
1366 2174 1559 2208 liitterarum
1569 2172 1756 2218 deputandi,
1765 2173 1828 2207 sint
1838 2171 1934 2206 etiam

1195 2229 1353 2263 dictarum
1380 2227 1566 2262 Militiarum
1592 2227 1730 2268 milites,
1747 2225 1772 2260 si
1792 2225 1824 2260 in
1850 2225 1935 2260 dicto

1195 2282 1329 2316 consilio
1351 2281 1529 2322 adfuerint3
1545 2281 1617 2315 ideo
1636 2280 1739 2314 dictae
1761 2279 1936 2314 maiestatis

1196 2343 1268 2370 tuae
1285 2336 1417 2370 nominc
1434 2335 1528 2369 nobis
1540 2334 1706 2368 humiliter
1719 2333 1934 2378 supplicatum

1197 2390 1264 2429 suit,
1290 2395 1323 2423 ut
1343 2390 1481 2433 desuper
1498 2388 1667 2433 providere
1681 2388 1720 2422 de
1736 2386 1934 2430 benignitate

1195 2443 1371 2488 apostolica
1392 2442 1610 2486 dignaremur.

1241 2499 1257 2540 g
1284 2497 1312 2530 si.
1342 2497 1405 2530 Nos
1438 2496 1556 2539 igitur,
1588 2495 1729 2529 honestis
1763 2493 1936 2528 maiestatis
1951 2495 2135 2545 ‚uffionce‘ffl'fflr

1197 2557 1268 2584 tuae
1290 2550 1380 2591 votis,
1401 2555 1556 2594 quantum
1575 2559 1648 2582 cum
1668 2547 1804 2582 Domino
1824 2557 1936 2593 possu-

1197 2614 1288 2645 mus,
1312 2603 1450 2645 benigne
1473 2601 1689 2636 favorabiliter
1714 2611 1856 2634 annuere
1882 2611 1936 2634 cu-

1235 2677 1241 2701 l
1267 2674 1424 2702 Huiusmodi
1440 2673 1583 2711 Clementis
1597 2672 1654 2700 Vlll
1673 2672 1779 2700 litterae
1795 2672 1936 2706 hae-tenus,

1196 2720 1267 2757 quod
1287 2720 1382 2752 sciam,
1398 2719 1425 2747 in
1442 2718 1573 2748 Bullari‘o
1588 2726 1642 2747 non
1659 2721 1756 2746 extant.

1940 305 1990 331 An.
2003 303 2031 331 C.
2054 304 2121 334 ¹608
