2227 3241
3 241 7 245 «
30 226 76 254 An.
95 224 125 251 C.
144 223 210 252 1606

59 1725 152 1749 Eiusdem
160 1733 207 1754 sup-

36 1753 210 1784 plicatioprosuo·

36 1785 78 1802 mm
95 1781 209 1807 privilegio·

37 1811 78 1828 mn
104 1808 210 1829 consu-uia-

37 1835 95 1855 [tone.

870 230 989 252 lutt'tts
1012 230 1022 252 ‘v

224 275 380 308 devovent
412 281 441 307 et
475 275 700 318 obstringunt)
732 276 899 310 celsiorem
936 282 964 309 et

223 325 449 371 perfectiorem
473 328 622 362 vocavit'.
644 329 700 362 Hic
723 329 789 373 ipse
807 329 964 363 Ordoiam
982 355 984 359 .

209 381 298 429 „inde
318 382 358 415 ab
383 393 468 416 anno
492 383 619 417 Domini
640 394 761 417 >locvm
783 384 815 416 in
841 383 965 417 civitate

224 434 474 469 Barchinonensi
497 436 663 470 abeodem
693 437 809 470 Iacobo
834 447 908 478 rege
934 437 965 469 in

224 488 275 522 die
302 489 382 523 festo
410 490 510 523 sancti
539 490 702 523 Laurentii
729 489 877 534 martyris
906 490 964 524 sub

224 541 426 575 invocatione
444 542 557 576 beatae
574 542 690 576 Mariae
709 543 747 576 de
769 543 913 576 Mercede
935 549 965 576 et

223 595 466 639 Redemptionis
482 596 687 640 Captivorum
702 602 908 640 nuncupatae
922 596 965 629 in·
981 624 983 631 Α

223 648 374 689 stitutus,
403 655 433 682 et
459 659 477 682 a
506 649 578 693 piae
610 649 787 683 memoriae
808 649 964 692 Gregorio

223 701 309 745 Papa
332 701 374 735 IX
402 701 496 735 etiam
528 703 776 746 praedecessore
796 708 919 743 nostro,
947 714 964 736 a

222 754 387 789 nativitate
411 755 554 789 eiusdem
569 756 695 790 Domini
709 756 859 797 Mccxxx²‚
879 767 896 790 a
914 768 964 790 re-

223 808 382 842 velatione
395 819 470 843 vero
481 809 645 853 praedicta
659 810 875 850 duodecim0³‚
890 820 965 854 pon-

225 861 363 895 tificatus
380 867 487 896 autem
502 863 549 896 sui
567 870 681 897 octavo
701 863 804 904 annis,
828 863 860 896 in
877 863 963 897 sesti-

222 915 319 949 vitate
336 916 437 950 saneti
451 917 580 950 Antonii
598 917 723 951 abbatis
740 917 961 958 confirmatus,

223 968 262 1002 iis
281 969 408 1013 pietatis
422 969 630 1004 incrementis
650 970 682 1004 in
701 981 875 1014 corporum
897 970 964 1003 ani-

224 1033 415 1068 marumque
449 1024 650 1069 captivorum
683 1024 868 1058 huiusmodi
909 1036 961 1058 sa-

223 1077 334 1118 lutem,
365 1077 486 1111 scilicet
513 1089 626 1112 eorum
647 1078 718 1112 aliis
750 1078 961 1120 redimendis,

223 1130 294 1164 aliis
318 1131 541 1173 instituendis,
569 1132 704 1176 aliisque
732 1132 763 1164 in
797 1132 860 1165 tide
896 1142 963 1165 cor-

225 1186 417 1220 roborandis
448 1190 546 1231 opera
582 1192 611 1220 et
651 1197 800 1220 sermone
836 1187 867 1219 in
898 1186 965 1219 dies

226 1240 327 1283 magis
339 1240 506 1284 magisque
518 1241 670 1282 effloruit,
686 1247 721 1274 ut
732 1242 963 1285 quamplurimi

224 1294 361 1329 Romani
386 1294 557 1328 Pontifices
572 1322 579 1335 ‚
602 1294 750 1328 similiter
770 1295 961 1339 praedeces-

224 1359 313 1382 sores
340 1348 463 1389 nostri,
487 1358 553 1381 non
579 1348 684 1382 minus
712 1349 849 1392 primam
881 1349 965 1383 illius

224 1401 387 1445 originem
410 1402 545 1436 coelitus
569 1403 753 1443 revelatam,
778 1414 873 1446 quam
896 1404 965 1447 pios

224 1456 410 1490 huiusmodi
431 1466 619 1500 progressus
639 1456 800 1496 admirati,
822 1457 966 1491 innume-

223 1520 275 1543 ras
295 1510 531 1554 propemodum
547 1510 577 1542 in
597 1520 670 1543 eum
689 1510 806 1552 gratias
824 1516 854 1543 et
875 1511 965 1555 privi-

224 1563 327 1606 legia,
347 1574 383 1596 ex
411 1562 600 1596 inexhausto
629 1563 788 1597 Ecclesiae
810 1564 864 1597 Dei
891 1565 961 1598 the-

224 1627 319 1651 sauro
344 1616 433 1651 Sedis
458 1617 661 1660 Apostolicae
686 1617 883 1659 benignitate
905 1619 962 1652 de-

224 1671 418 1716 promptas⁴,
439 1671 661 1705 liberalissime
679 1672 884 1706 contulerint.

229 1765 234 1769 ,
268 1727 286 1768 5
311 1725 340 1759 l.
365 1726 441 1760 Cum
471 1731 598 1767 autem,
618 1727 699 1760 sicut
722 1727 856 1761 dilectus
881 1727 966 1760 lilius

225 1779 449 1813 Ferdinandus
462 1780 501 1813 de
518 1785 628 1813 sancto
648 1781 775 1822 Iacobo,
790 1780 890 1824 ipsius
910 1781 965 1814 Or-

225 1833 309 1867 dinis
330 1844 388 1877 per
404 1834 528 1867 Italiam
553 1834 690 1868 vicarius
706 1835 876 1877 generalis,
902 1841 963 1868 tam

224 1896 282 1919 suo
306 1896 402 1929 quam
424 1886 614 1921 dilectorum
641 1887 782 1921 filiorum
802 1888 965 1921 universo-

225 1949 296 1972 rum
317 1939 461 1981 eiusdem
479 1940 606 1974 Ordinis
619 1942 837 1985 professorum
860 1942 965 1975 nomi-

224 1992 338 2034 nibus,
366 1994 460 2027 nobis
490 2004 594 2038 nuper
624 1995 740 2039 exponi
775 1995 870 2036 fecit,
907 1996 963 2040 ipsi

225 2047 423 2091 professores
440 2048 607 2091 privilegia
628 2048 813 2082 huiusmodi
835 2060 894 2093 pro
912 2050 965 2082 fir-

225 2100 320 2134 miori
341 2100 471 2134 illorum
497 2101 700 2135 subsistentia
726 2113 783 2146 per
803 2113 862 2136 nos
881 2114 962 2147 apo-

225 2153 338 2188 stolico
353 2154 531 2188 munimine
541 2155 700 2197 roborari,
714 2155 965 2200 acinfrascripta

226 2207 296 2241 fieri
313 2218 520 2252 summopere
537 2208 731 2249 desiderent,
750 2209 834 2242 idem
857 2208 965 2242 Ferdi-

225 2262 350 2295 nandus
370 2261 556 2296 nominibus
581 2262 754 2306 praedictis
782 2263 874 2296 nobis
900 2262 962 2296 hu-

262 2369 272 2396 1
295 2366 376 2396 Extat
385 2368 418 2395 de
434 2368 483 2396 liae
499 2376 527 2395 re
541 2368 683 2395 Constitut.
695 2375 719 2396 tx
736 2368 838 2396 Callisti
853 2369 887 2396 ΙΙΙ
903 2369 966 2397 data

225 2411 268 2440 die
282 2413 311 2440 3¹
329 2413 448 2441 octobris
468 2414 532 2441 1457
548 2422 628 2450 quam
646 2413 736 2441 videre
753 2418 791 2441 est
814 2414 838 2441 in
867 2418 930 2442 toni,
949 2422 965 2442 v

226 2465 287 2493 pag.
305 2458 355 2485 ΗΟ
371 2458 407 2493 (n.
419 2458 468 2493 r).

260 2501 277 2528 2
296 2501 365 2529 Alias
385 2508 519 2530 Mccxxw.

260 2545 277 2573 3
296 2545 332 2574 Ex
352 2555 425 2574 num.
443 2547 587 2582 praedictis
611 2548 755 2582 legendum
778 2549 849 2577 soret
864 2549 963 2582 viflesi-

227 2591 395 2626 mer-secundo
409 2593 447 2627 (a.
464 2595 512 2624 τ.).

262 2634 277 2663 t
295 2633 387 2664 Melius
402 2636 537 2673 legeretur
552 2637 722 2674 deprompta
736 2638 774 2672 (a.
792 2638 838 2673 12).

1053 230 1091 253 ΓΡ
1652 219 1668 231 n
1679 218 1714 234 1,)

1002 277 1118 309 militer
1138 278 1311 321 supplicari
1332 278 1414 318 fecit,
1437 283 1594 321 quatenus
1615 277 1743 320 privile-

1001 329 1059 371 giis
1075 330 1149 373 ipsis
1163 331 1261 364 robur
1277 331 1471 374 apostolicae
1486 330 1743 363 confirmationis

1001 382 1152 421 adiicere,
1171 389 1198 416 et
1219 384 1430 428 infrascriptis
1442 394 1597 423 annuere,
1615 393 1650 416 ac
1665 383 1742 415 alias

1002 437 1140 480 desuper
1166 444 1348 481 opportune
1379 438 1549 481 prox-ldere
1578 438 1616 471 dc
1647 437 1738 470 beni-

1001 490 1119 532 gnitate
1135 491 1308 534 apostoliea
1322 491 1539 533 dignaremur.

1046 545 1061 585 ξ
1084 543 1112 576 2.
1142 544 1204 576 Nos
1227 543 1345 586 igitur,
1369 544 1423 588 qui
1446 544 1585 587 vestigiis
1605 544 1742 588 praede-

1000 607 1163 630 cessorum
1185 597 1369 630 huiusmodi
1396 598 1578 641 (postquam
1602 598 1641 631 ad
1666 607 1743 641 apo-

999 651 1131 683 stolatus
1152 651 1288 694 apicem,
1311 650 1433 684 meritis
1454 651 1526 684 licet
1549 650 1739 695 imparibus,

1000 703 1105 737 divina
1136 704 1259 738 favente
1288 704 1459 737 clementia
1487 703 1644 748 assumpti
1677 704 1739 737 fui-

1001 757 1098 800 mus)
1123 757 1349 799 inhaerentes,
1382 757 1602 801 peculiarique
1636 759 1744 790 nostra

1001 822 1076 854 erga
1095 811 1264 855 Deiparam
1287 811 1462 853 Virginem,
1483 811 1620 854 primam
1644 817 1673 844 et
1694 821 1744 843 ve-

999 875 1066 898 ram
1094 864 1189 898 liuius
1216 864 1345 898 Ordinis
1378 863 1616 905 institutricem,
1645 863 1742 897 devo-

1001 918 1087 951 tione
1117 918 1269 958 adducss,
1304 929 1368 951 non
1401 918 1504 951 solum
1540 917 1579 950 ad
1606 927 1743 956 eorum,

999 983 1081 1015 quae
1106 983 1123 1004 a
1149 977 1195 1004 tot
1226 971 1379 1005 Romanis
1408 970 1619 1004 Pontificibus
1650 981 1743 1014 prac-

999 1025 1223 1058 decessoribus
1255 1024 1371 1057 nostris
1407 1024 1447 1057 ad
1484 1023 1584 1067 ipsius
1618 1023 1744 1057 Ordinis

1001 1086 1062 1112 tam
1095 1078 1295 1122 spiritualem
1321 1089 1419 1122 quam
1453 1077 1664 1121 temporalem
1687 1077 1743 1110 de-

999 1143 1107 1167 corem
1122 1138 1153 1166 et
1171 1132 1380 1166 commodum
1401 1141 1553 1165 concessa
1570 1136 1655 1167 sunt.
1673 1141 1744 1164 con-

1000 1187 1240 1227 firmationem,
1273 1186 1327 1219 scd
1366 1186 1460 1219 etiam
1495 1196 1629 1225 eorum,
1661 1195 1745 1229 quae

1000 1241 1039 1273 ad
1058 1241 1200 1274 eiusdem
1222 1240 1468 1284 amplitudinem
1489 1239 1743 1283 promovendam

1001 1294 1232 1338 uberioresque
1264 1294 1388 1327 fructus
1420 1293 1451 1326 in
1489 1293 1580 1326 vinea
1615 1293 1742 1326 Domini

1001 1348 1210 1392 proferendos
1231 1353 1416 1391 opportuna
1441 1347 1601 1387 videntur,
1626 1357 1741 1380 corro-

1000 1401 1202 1434 borationem
1231 1400 1482 1444 propensissime
1507 1400 1670 1434 voluntate
1695 1400 1743 1433 in-

1000 1454 1163 1495 ducimur,
1182 1455 1302 1488 dictum
1323 1453 1562 1488 Ferdinandum
1582 1466 1599 1487 a
1617 1454 1745 1498 quibus-

1001 1509 1044 1542 vis
1069 1507 1436 1548 excommunicationis,
1471 1507 1690 1551 suspensionis
1716 1514 1746 1541 et

1000 1561 1174 1601 interdicti,
1202 1562 1338 1606 aliisque
1364 1561 1587 1595 ecclesiasticis
1612 1567 1741 1595 senten-

1002 1615 1062 1656 tiis,
1091 1616 1233 1648 censuris
1259 1621 1288 1648 et
1318 1615 1440 1658 poenis,
1476 1625 1492 1648 a
1525 1615 1596 1648 iure
1628 1615 1676 1648 vel
1706 1615 1744 1648 ab

1001 1669 1144 1710 homine,
1165 1669 1277 1712 quavis
1297 1669 1465 1702 occasione
1485 1669 1532 1701 vel
1550 1671 1646 1702 causa
1665 1669 1745 1710 latis,

1001 1722 1158 1766 siquibus
1175 1722 1421 1766 quomodolibet
1439 1721 1612 1755 innodatus
1626 1721 1742 1760 existit,

1000 1776 1040 1808 ad
1066 1775 1214 1808 effectum
1234 1775 1451 1818 praesentium
1479 1775 1643 1808 dumtaxat
1670 1785 1746 1808 con-

1000 1828 1214 1872 sequendum,
1234 1828 1348 1861 harum
1376 1828 1458 1862 serie
1486 1829 1688 1862 absolventes
1716 1834 1746 1861 et

1001 1882 1183 1915 absolutum
1200 1883 1268 1915 fore
1285 1888 1463 1923 censentes,
1477 1882 1661 1916 huiusmodi
1677 1893 1746 1926 sup-

1001 1935 1226 1979 plicationibus
1241 1936 1397 1977 inclinati,
1416 1947 1540 1970 necnon
1561 1936 1746 1970 considera-

1001 1989 1086 2022 tione
1101 1989 1281 2022 charissimi
1297 1990 1327 2022 in
1342 1989 1466 2023 Christo
1481 1990 1539 2022 tilii
1557 1990 1657 2023 nostri
1676 1990 1747 2023 Plri-

1001 2042 1078 2086 lippi
1105 2042 1331 2086 Hispaniarum
1366 2043 1449 2085 regis
1474 2043 1625 2076 catholici
1652 2043 1745 2077 nobis

999 2096 1138 2139 desuper
1155 2101 1185 2129 et
1205 2096 1372 2129 humiliter
1392 2097 1614 2140 supplicantis,
1636 2097 1745 2130 omnia

1000 2154 1030 2182 et
1059 2148 1186 2190 singula
1218 2148 1354 2190 indulta,
1388 2149 1574 2193 privilegia,
1603 2151 1741 2191 decreta,

999 2202 1256 2244 constitutiones,
1281 2203 1512 2244 ordinationes,
1541 2204 1744 2237 reformatio-

1000 2267 1067 2297 nes,
1091 2255 1337 2295 declarationes,
1362 2268 1398 2290 ac
1426 2257 1626 2301 provisiones
1651 2268 1745 2301 quas-

1000 2320 1152 2353 cumque,
1177 2310 1401 2343 auctoritatem
1423 2317 1454 2344 et
1475 2317 1676 2354 potestatem,
1698 2311 1744 2344 of-

1000 2362 1108 2396 ticium
1131 2368 1161 2396 et
1182 2362 1372 2397 electionem
1404 2363 1547 2406 magistri
1568 2364 1739 2405 generalis,

1000 2417 1217 2459 vicariorum,
1237 2422 1504 2461 procuratorum,
1528 2417 1740 2458 visitatorum,

999 2470 1258 2514 provincialium,
1274 2472 1517 2516 redemptorum
1531 2471 1744 2515 captivorum,

999 2524 1186 2566 electorum,
1197 2524 1416 2565 definitorum,
1429 2524 1743 2564 commendatorum,

999 2577 1178 2618 vocalium,
1213 2578 1418 2621 aliorumque
1450 2576 1637 2610 officialium
1665 2577 1741 2611 dicti

998 2630 1136 2672 Ordinis,
1157 2630 1438 2674 capitulorumque
1457 2636 1519 2664 tam
1541 2630 1742 2674 generalium

1650 232 1715 252 ..μω
1760 230 1810 254 An.
1833 227 1860 253 s..
1881 226 1947 254 less

1794 560 1833 580 Hie
1849 560 1945 581 Pontifex

1759 588 1875 610 c¹=tttirmat,
1891 593 1945 612 qua·

1759 616 1819 634 tenus
1841 619 1882 634 non
1904 616 1946 634 sint

1759 643 1858 661 revit-ata
1881 642 1901 661 et
1916 640 1945 660 fa·

1759 670 1798 687 ctis
1827 667 1945 687 canonibus

1759 696 1778 713 et
1788 694 1885 717 concilio,
1894 699 1943 714 con·

1764 721 1946 746 titutionibusque

1759 747 1884 772 apustoticts
1894 752 1945 767 cen-

1761 774 1831 795 truria.
