2227 3241
81 231 130 258 An.
148 229 176 256 G.
199 228 269 256 1610

79 298 135 315 nova
170 291 217 312 loca
245 292 264 310 et

80 318 207 341 monasteria
216 322 265 338 con-

79 346 172 369 struendi
184 345 210 366 de
219 345 263 366 sola

32 378 37 380 '
80 373 237 396 Ordinatiorum
245 372 268 392 li·

79 400 157 422 centia.

46 1355 51 1362 '
93 1355 208 1385 Derogatio
218 1360 266 1375 con-

25 1407 29 1413 ·
81 1384 201 1403 uariorum.

138 2424 200 2446 rides
215 2426 271 2447 tran-

89 2453 224 2478 nuptorum.

931 231 1052 257 PAULUS
1072 232 1090 255 V
1108 233 1158 256 Pr.

280 275 453 320 pagatione
470 276 685 311 benedicente
712 278 847 312 Domino
872 279 1020 323 sperandi
1037 286 1039 310 1

279 329 357 369 sint3
380 340 439 363 nos
456 331 495 364 ad
509 342 557 372 ea,
578 342 659 375 quae
678 332 866 366 eorumdem
882 332 1021 366 Clerico-

280 393 351 415 rum
366 383 541 426 Religionis
553 390 726 427 augmento
745 385 858 418 cedere
875 392 1017 429 possunt,
1037 412 1038 415 ,

280 436 499 477 concedenda,
527 437 632 481 adque
653 448 699 478 ea,
721 448 803 481 quae
825 437 885 471 illis
905 438 935 470 in
960 438 1039 472 boe>

280 488 549 532 impedimentum
579 490 710 534 aliquod
741 491 855 524 afferre
885 491 1039 534 dignos-l

280 547 407 583 cuntur,
433 544 640 584 removenda,
662 543 777 577 merito
794 545 1022 588 propensiores

279 605 400 628 sumus.
425 596 512 629 Motu
538 596 645 640 itaque
671 597 803 640 proprio
824 603 910 630 etex
937 600 1020 630 certa

279 648 412 682 scientia
440 654 471 682 et
498 652 584 684 mera
618 650 849 683 deliberatione
882 651 1018 689 nostris,

280 702 384 745 deque
404 702 600 746 apostolicae
620 703 787 747 potestatis
804 703 1018 747 plenitudine,

280 755 478 789 Clericorum
494 756 702 799 Regularium
716 757 956 800 praedictorum
971 768 1022 791 su-

279 807 478 851 perioribus,
504 814 539 842 ut
561 809 682 853 ubique
707 810 865 851 locorum,
889 810 1022 854 quilibet

279 860 311 893 in
337 861 486 895 districtu
509 872 586 903 suo,
619 863 733 896 domos
765 868 797 895 et
827 864 1023 897 monasteria

280 924 391 948 eorum
410 914 547 948 instituti
565 916 735 959 regularis,
758 917 890 950 servatis
910 928 1020 950 sacro--

279 978 351 1000 rum
373 978 535 1001 canonum
558 974 587 1002 et
607 968 740 1002 Coneilii
765 969 943 1002 Tridentini
970 970 1024 1003 de-

280 1021 395 1063 cretis,
427 1022 466 1054 de
497 1022 564 1055 sola
593 1021 839 1055 Ordinariorum
870 1022 1020 1063 licentia,

280 1075 369 1108 nullo
387 1075 522 1109 aliarum
541 1086 752 1120 personarum
779 1075 916 1109 cuiusvis
941 1076 1025 1109 ordi-

279 1128 339 1171 nis,
355 1128 449 1162 etiam
462 1129 671 1172 regularium,
687 1129 841 1173 requisito
855 1139 1024 1171 consensu,

280 1182 421 1216 condere
453 1188 483 1216 et
508 1183 642 1216 fundare
666 1184 812 1224 valeant,
834 1183 1024 1217 auctoritate

281 1235 470 1279 apostolica,
483 1240 596 1269 tenore
608 1235 840 1280 praesentium,
861 1235 1022 1269 licentiam

282 1294 312 1321 et
333 1288 516 1322 facultatem
539 1289 747 1322 concedimus
761 1294 792 1322 ct
806 1289 1020 1332 impertimur.
1040 1298 1043 1318 a

327 1343 344 1384 ξ
365 1341 395 1375 3.
418 1342 488 1375 Non
514 1342 716 1376 obstantibus
742 1342 842 1375 felicis
868 1342 1021 1375 recorda-

284 1396 379 1429 tionis
400 1395 570 1429 Clementis
583 1397 687 1440 Papae
708 1395 774 1429 VHI
795 1396 1023 1439 praedecesso-

282 1449 326 1482 ris
345 1449 466 1490 nostri,
488 1460 570 1494 quae
591 1450 702 1494 incipit
729 1450 892 1490 Quoniam
912 1450 955 1482 ad
976 1451 1025 1482 in-

282 1503 512 1543 stitutam,sub
524 1503 632 1536 datum
645 1503 766 1536 Romae
780 1503 864 1546 apud
878 1508 1023 1535 sanctum

282 1557 439 1595 Marcum,
462 1556 520 1589 sub
539 1557 659 1589 annulo
677 1556 846 1590 piscatoris
872 1556 923 1588 die
948 1567 1024 1589 xxul

284 1610 352 1643 iulii
366 1619 479 1651 noent,
493 1609 701 1654 pontificatus
714 1610 762 1643 sui
781 1620 865 1642 anno
877 1621 931 1648 ΧΠ,
942 1610 1025 1643 aliis-

283 1674 347 1708 que
382 1663 664 1696 constitutionibus
705 1668 735 1696 et
764 1663 1026 1697 ordinationibus

283 1717 485 1763 apostolicis,
518 1723 546 1750 et
578 1717 715 1750 cuiusvis
744 1716 874 1750 alterius
898 1717 1026 1750 Ordinis

284 1772 392 1816 (etiam
404 1771 598 1812 iuramento,
619 1777 694 1812 ete,
711 1771 884 1814 roboratis)
902 1772 1026 1805 statutis

284 1831 315 1859 et
335 1825 624 1859 consuetudinibus
639 1853 646 1865 ,
674 1825 849 1869 privilegiis
877 1835 1023 1869 quoque,

284 1879 416 1912 indultis
446 1884 476 1912 et
506 1879 620 1912 litteris
645 1878 839 1922 apostolicis,
864 1878 1027 1921 quibusvis

285 1932 356 1965 aliis
373 1932 548 1966 Ordinibus
565 1942 601 1964 ac
619 1942 732 1965 eorum
754 1931 977 1975 superioribus
998 1937 1027 1965 ct

285 1985 454 2030 personis,
483 1985 542 2019 sub
572 1985 833 2029 quibuscumque
862 1985 1028 2018 tenoribus

285 2044 317 2072 et
345 2039 457 2072 formis
472 2066 479 2079 ,
504 2039 534 2072 in
556 2038 753 2072 contrarium
776 2038 1026 2082 praemissorum

285 2092 529 2137 quomodolibet
559 2092 736 2133 concessis,
768 2092 968 2125 confirmatis
999 2098 1029 2125 et

286 2146 444 2180 innovatis
459 2146 477 2179 ¹.
501 2146 623 2186 Quibus
644 2146 798 2179 omnibus
819 2151 850 2179 ct
870 2146 1025 2189 singulis,

285 2210 397 2233 eorum
417 2205 544 2233 tenores
561 2199 783 2243 praesentibus
797 2210 855 2243 pro
874 2199 1030 2243 expressis

286 2253 462 2292 babentes,
486 2253 546 2286 hac
569 2253 637 2286 vice
663 2253 829 2286 dumtaxat
848 2253 1030 2296 specialiter

287 2313 318 2341 et
337 2317 485 2352 expresse
505 2307 711 2349 derogamus,
735 2307 934 2350 caeterisque
954 2318 1030 2339 con-

288 2361 392 2394 trariis
413 2360 682 2405 quibuscumque.

333 2416 349 2458 S
367 2414 398 2448 4.
419 2414 574 2448 Volumus
593 2418 720 2455 autem,
750 2418 783 2453 ut
810 2413 1027 2457 praesentium

289 2468 512 2512 trunsumpfis,
537 2467 633 2501 etiam
656 2467 830 2511 impressis,
852 2477 948 2500 manu
970 2477 1028 2500 no-

289 2522 360 2556 tarii
375 2522 496 2567 publici
511 2521 698 2565 subscriptis
719 2526 746 2553 et
770 2520 874 2563 sigillo
895 2520 1047 2554 alicuius

324 2602 334 2628 1
358 2601 429 2628 Edit.
454 2600 532 2628 Main.
549 2601 632 2628 hahet
647 2602 854 2635 confirmamus
868 2604 893 2626 et
909 2601 1030 2627 innova-

289 2653 351 2672 mus
365 2647 404 2679 (n.
421 2645 469 2677 τ.).

374 2698 454 2726 Ball.
475 2698 558 2726 Rom.
581 2713 613 2718 -
634 2698 691 2725 Vol.
709 2697 759 2726 XI.
940 2697 973 2723 79

1697 224 1762 260 625

1056 290 1211 324 personae
1238 280 1267 313 in
1294 281 1448 324 dignitate
1475 281 1689 315 ecclesiastica
1713 293 1793 316 con-

1055 332 1182 365 stitutae
1203 333 1345 373 munitis,
1366 334 1477 367 eadem
1496 344 1629 378 prorsus
1647 334 1726 368 fides
1742 335 1797 369 ad-

1056 386 1216 426 hibeatur,
1231 397 1313 431 quae
1335 387 1409 430 ipsis
1429 387 1652 430 praesentibus
1666 388 1798 422 adhibe-

1056 445 1154 480 rctur,
1180 439 1204 472 si
1226 440 1327 473 forent
1347 440 1504 474 exhibitae
1523 441 1568 473 vel
1591 447 1747 475 ostensae.

1099 493 1211 526 Datum
1233 493 1354 527 Romae
1383 495 1467 538 apud
1494 495 1524 529 S.
1553 495 1709 535 Marcum,
1738 496 1796 529 sub

1056 547 1174 579 annulo
1206 546 1375 580 Piscatoris
1409 547 1460 581 die
1498 558 1550 581 vu1
1586 548 1661 582 maii
1694 559 1797 591 mnes,

1056 600 1260 643 pontificatus
1286 601 1386 634 nostri
1412 611 1496 634 anno
1517 601 1561 634 ν’.

1109 663 1168 690 Dat.
1190 663 1234 691 die
1254 665 1270 691 8
1290 664 1354 690 maii
1380 664 1458 697 1610,
1481 664 1575 699 pontif⁴
1588 672 1631 691 an.
1645 671 1671 692 v.

1386 823 1466 858 CLV.

1059 921 1102 954 De
1117 921 1283 965 Mayistris
1304 920 1498 970 {inquorum
1521 921 1699 963 hebraicae,
1711 932 1798 964 qrae-

1102 985 1166 1013 cae,
1191 974 1314 1007 latinae
1335 978 1362 1007 ct
1389 973 1554 1014 arabicae,
1575 985 1595 1006 α
1622 973 1798 1018 Requlari-

1061 1059 1066 1064 ,
1104 1028 1160 1060 bus
1181 1027 1296 1060 insitis
1316 1026 1434 1060 studiis
1448 1026 1605 1060 habendis
1615 1026 1636 1060 2.

1281 1114 1393 1140 Paulus
1413 1113 1577 1148 Episcopus

1257 1174 1364 1194 servus
1381 1173 1533 1194 servorum
1549 1167 1611 1200 Dei,

1178 1223 1213 1248 ad
1233 1224 1406 1254 perpetuam
1426 1220 1471 1247 rei
1491 1219 1671 1247 memoriam.

1102 1292 1304 1336 Apostolicae
1321 1290 1481 1325 servitutis
1502 1300 1600 1323 onere
1618 1289 1798 1322 infirmitati

1058 1353 1187 1380 nostrae
1208 1356 1226 1379 a
1246 1346 1382 1379 Domino
1397 1373 1404 1386 ,
1434 1343 1632 1378 inscrutabili
1664 1343 1799 1376 consilio

1059 1400 1137 1441 eius,
1163 1399 1314 1444 imposito
1339 1398 1465 1432 assidue
1490 1397 1715 1437 admonemur,
1743 1407 1796 1430 sa-

1059 1453 1220 1497 pientibus
1241 1458 1269 1486 ct
1292 1451 1515 1496 insipientibus
1533 1450 1722 1484 constitutos
1743 1460 1800 1483 nos

1059 1518 1126 1541 esse
1144 1507 1317 1545 debitores,
1332 1511 1365 1538 ut
1379 1505 1499 1539 scilicet
1512 1515 1569 1549 per
1587 1503 1800 1537 ministerium

1060 1561 1159 1595 nostri
1173 1560 1379 1604 apostolatus,
1397 1559 1450 1602 qui
1468 1558 1606 1602 sapiunt,
1628 1558 1715 1602 quod
1728 1568 1801 1591 san-

1059 1621 1128 1649 ctus
1146 1615 1239 1648 docet
1260 1614 1451 1654 Bernardus,
1475 1623 1540 1646 non
1562 1612 1731 1656 desipiant,
1748 1612 1802 1656 qui

1061 1680 1124 1702 non
1145 1669 1283 1713 sapiunt,
1304 1668 1440 1712 sapiantj.
1455 1672 1484 1700 et
1498 1666 1551 1710 qui
1573 1666 1796 1710 desipuerunt,

1063 1722 1259 1767 resipiscant:
1277 1722 1394 1766 quibus
1408 1720 1512 1754 verbis
1527 1720 1640 1754 instrui
1653 1730 1711 1753 nos
1725 1719 1800 1753 satis

1061 1776 1284 1821 perspicimus,
1301 1782 1335 1808 ut
1356 1775 1466 1808 fideles
1481 1774 1511 1806 in
1528 1773 1590 1807 fide
1604 1779 1634 1807 et
1647 1773 1803 1806 charitate

1061 1840 1269 1867 conservare,
1294 1828 1440 1862 infideles
1461 1828 1500 1860 ab
1533 1826 1730 1860 infidelitatis
1759 1833 1803 1860 te-

1061 1884 1169 1918 nebris
1192 1884 1340 1919 educere;
1362 1888 1391 1915 et
1405 1881 1581 1914 haereticos
1599 1891 1635 1913 ac
1655 1886 1803 1924 peccato-

1064 1949 1113 1972 res
1144 1949 1161 1971 a
1194 1936 1400 1982 perversitate
1429 1935 1547 1969 erroris
1582 1945 1619 1968 ac
1650 1934 1802 1968 servitute

1063 1991 1183 2037 peccati
1206 1991 1342 2024 liberare
1368 1989 1552 2034 adspirante
1574 1988 1674 2032 gratia
1696 1988 1762 2029 Dei,
1786 2000 1803 2021 a

1063 2057 1126 2089 quo
1149 2055 1277 2078 omnem
1304 2043 1521 2087 sapientiam³,
1538 2041 1690 2086 pastorali
1716 2041 1802 2074 solli-

1064 2099 1205 2133 citudine
1222 2107 1445 2142 procuremus.

1109 2154 1124 2195 ξ
1148 2152 1175 2184 l.
1193 2152 1269 2187 Cum
1292 2161 1365 2184 vero
1386 2155 1591 2194 praeceptum
1614 2148 1738 2182 Domini
1754 2150 1801 2182 lu-

1064 2205 1170 2239 cidum
1192 2204 1351 2238 illuminet
1376 2204 1497 2241 oculos,
1521 2213 1558 2236 ac
1584 2202 1800 2235 testimonium

1065 2259 1134 2292 eius
1159 2258 1253 2293 fidele
1278 2257 1466 2302 sapientiam
1490 2261 1629 2300 praestet
1649 2255 1800 2299 parvulis,

1065 2313 1152 2346 omni
1178 2312 1341 2354 vigilantia
1366 2320 1541 2355 procurare
1566 2309 1742 2349 debemus,
1769 2314 1805 2340 ut

1103 2421 1110 2446 l
1135 2419 1256 2446 Eri-onec
1272 2418 1335 2445 edit.
1353 2417 1432 2444 Maia.
1450 2416 1528 2442 babet
1541 2423 1616 2442 aimo
1633 2421 1656 2441 Η
1671 2416 1708 2446 (n.
1720 2415 1767 2442 τλ

1098 2466 1114 2491 ⁹2
1135 2463 1291 2491 Huiusmodi
1313 2462 1453 2497 magistros
1472 2461 1498 2486 iu
1519 2459 1613 2487 studiis
1632 2459 1806 2494 generalibus

1064 2509 1158 2537 baberi
1179 2509 1254 2535 iussit
1275 2508 1398 2533 Clemens
1416 2506 1435 2530 V
1452 2504 1650 2531 iutllementin.
1669 2510 1676 2530 ι
1692 2505 1724 2532 (Ie
1744 2505 1806 2531 Ma-

1063 2555 1145 2589 ssiscr.
1174 2552 1241 2579 Vide
1268 2552 1348 2578 ctiam
1377 2550 1488 2577 Constit.
1520 2555 1562 2575 xri
1593 2548 1723 2575 Bonisacii
1750 2549 1804 2576 Vlll

1064 2603 1116 2626 tom
1133 2606 1147 2623 v
1163 2606 1222 2634 pag.
1240 2598 1301 2624 157.

1098 2644 1113 2670 3
1129 2642 1274 2670 videretur
1286 2639 1431 2676 legendum
1445 2640 1539 2667 omnis
1554 2639 1701 2675 sapientia
1716 2640 1752 2674 (n.
1769 2639 1804 2673 TJ.

1809 235 1860 262 An.
1877 235 1905 262 C.
1929 235 1995 263 1610

1842 1303 1962 1324 Exordium.

1828 2183 1831 2185 ‚
1844 2156 1913 2185 Causa
1921 2157 2002 2177 msutu-

1817 2185 1880 2204 tionis
