<?xml version="1.0" encoding="UTF-8"?>
<!DOCTYPE html PUBLIC "-//W3C//DTD XHTML 1.0 Transitional//EN"
    "http://www.w3.org/TR/xhtml1/DTD/xhtml1-transitional.dtd">
<html xmlns="http://www.w3.org/1999/xhtml" xml:lang="en" lang="en">
 <head>
  <title>
</title>
<meta http-equiv="Content-Type" content="text/html;charset=utf-8" />
  <meta name='ocr-system' content='tesseract 3.04.00' />
  <meta name='ocr-capabilities' content='ocr_page ocr_carea ocr_par ocr_line ocrx_word'/>
</head>
<body>
  <div class='ocr_page' id='page_1' title='image "./bullarumdiplomat11cath_0616.png"; bbox 0 0 2227 3241; ppageno 0'>
   <div class='ocr_carea' id='block_1_1' title="bbox 191 255 488 291">
    <p class='ocr_par' dir='ltr' id='par_1_1' title="bbox 191 255 488 291">
     <span class='ocr_line' id='line_1_1' title="bbox 191 255 488 291; baseline 0 -3"><span class='ocrx_word' id='word_1_1' title='bbox 191 262 240 289; x_wconf 72' lang='lat' dir='ltr'><strong>An.</strong></span> <span class='ocrx_word' id='word_1_2' title='bbox 260 263 286 290; x_wconf 87' lang='lat' dir='ltr'><strong>c.</strong></span> <span class='ocrx_word' id='word_1_3' title='bbox 312 263 378 291; x_wconf 84' lang='lat'>1609</span> <span class='ocrx_word' id='word_1_4' title='bbox 425 255 488 289; x_wconf 80' lang='lat'><strong>578</strong></span> 
     </span>
    </p>
   </div>
   <div class='ocr_carea' id='block_1_2' title="bbox 390 310 1140 2629">
    <p class='ocr_par' dir='ltr' id='par_1_2' title="bbox 390 310 1140 2629">
     <span class='ocr_line' id='line_1_2' title="bbox 390 310 1126 355; baseline -0.003 -9"><span class='ocrx_word' id='word_1_5' title='bbox 390 313 431 355; x_wconf 71' lang='lat' dir='ltr'><strong>gii</strong></span> <span class='ocrx_word' id='word_1_6' title='bbox 459 312 606 346; x_wconf 85' lang='lat' dir='ltr'><strong>doctores</strong></span> <span class='ocrx_word' id='word_1_7' title='bbox 635 311 800 351; x_wconf 78' lang='lat' dir='ltr'><strong>resident)</strong></span> <span class='ocrx_word' id='word_1_8' title='bbox 833 310 988 351; x_wconf 67' lang='lat' dir='ltr'><strong>existere,</strong></span> <span class='ocrx_word' id='word_1_9' title='bbox 1021 311 1126 354; x_wconf 80' lang='lat' dir='ltr'><strong>quod-</strong></span> 
     </span>
     <span class='ocr_line' id='line_1_3' title="bbox 391 363 1129 410; baseline -0.004 -10"><span class='ocrx_word' id='word_1_10' title='bbox 391 377 453 410; x_wconf 86' lang='lat' dir='ltr'><strong>que</strong></span> <span class='ocrx_word' id='word_1_11' title='bbox 469 393 476 406; x_wconf 89' lang='lat'><strong>,</strong></span> <span class='ocrx_word' id='word_1_12' title='bbox 508 366 534 398; x_wconf 91' lang='lat' dir='ltr'><strong>si</strong></span> <span class='ocrx_word' id='word_1_13' title='bbox 561 371 707 409; x_wconf 87' lang='lat' dir='ltr'><strong>tempore</strong></span> <span class='ocrx_word' id='word_1_14' title='bbox 724 365 817 398; x_wconf 88' lang='lat' dir='ltr'><strong>datae</strong></span> <span class='ocrx_word' id='word_1_15' title='bbox 836 363 1051 398; x_wconf 71' lang='lat' dir='ltr'>concessionis</span> <span class='ocrx_word' id='word_1_16' title='bbox 1075 374 1129 398; x_wconf 92' lang='lat' dir='ltr'><strong>seu</strong></span> 
     </span>
     <span class='ocr_line' id='line_1_4' title="bbox 392 417 1130 462; baseline -0.003 -10"><span class='ocrx_word' id='word_1_17' title='bbox 392 419 505 453; x_wconf 89' lang='lat' dir='ltr'><strong>indulti</strong></span> <span class='ocrx_word' id='word_1_18' title='bbox 527 417 713 452; x_wconf 86' lang='lat' dir='ltr'><strong>huiusmodi</strong></span> <span class='ocrx_word' id='word_1_19' title='bbox 740 418 779 452; x_wconf 91' lang='lat' dir='ltr'><strong>de</strong></span> <span class='ocrx_word' id='word_1_20' title='bbox 807 417 1011 452; x_wconf 70' lang='lat' dir='ltr'><strong>universitate</strong></span> <span class='ocrx_word' id='word_1_21' title='bbox 1040 428 1130 462; x_wconf 90' lang='lat' dir='ltr'><strong>prae-</strong></span> 
     </span>
     <span class='ocr_line' id='line_1_5' title="bbox 391 470 1127 512; baseline 0 -7"><span class='ocrx_word' id='word_1_22' title='bbox 391 472 474 506; x_wconf 77' lang='lat' dir='ltr'><strong>dicta</strong></span> <span class='ocrx_word' id='word_1_23' title='bbox 495 471 642 505; x_wconf 73' lang='lat' dir='ltr'>notitiam</span> <span class='ocrx_word' id='word_1_24' title='bbox 670 471 910 512; x_wconf 81' lang='lat' dir='ltr'><strong>habuissemus,</strong></span> <span class='ocrx_word' id='word_1_25' title='bbox 941 470 1027 504; x_wconf 88' lang='lat' dir='ltr'><strong>illam</strong></span> <span class='ocrx_word' id='word_1_26' title='bbox 1053 472 1127 505; x_wconf 91' lang='lat' dir='ltr'><strong>nul-</strong></span> 
     </span>
     <span class='ocr_line' id='line_1_6' title="bbox 391 524 1131 569; baseline -0.003 -11"><span class='ocrx_word' id='word_1_27' title='bbox 391 526 514 558; x_wconf 86' lang='lat' dir='ltr'><strong>latcnus</strong></span> <span class='ocrx_word' id='word_1_28' title='bbox 546 524 826 566; x_wconf 78' lang='lat' dir='ltr'><strong>concessissemus,</strong></span> <span class='ocrx_word' id='word_1_29' title='bbox 843 525 930 569; x_wconf 75' lang='lat' dir='ltr'><strong>quia,</strong></span> <span class='ocrx_word' id='word_1_30' title='bbox 947 535 1020 558; x_wconf 83' lang='lat' dir='ltr'><strong>eum</strong></span> <span class='ocrx_word' id='word_1_31' title='bbox 1047 524 1131 557; x_wconf 84' lang='lat' dir='ltr'><strong>dicta</strong></span> 
     </span>
     <span class='ocr_line' id='line_1_7' title="bbox 391 577 1129 622; baseline 0.001 -12"><span class='ocrx_word' id='word_1_32' title='bbox 391 577 499 611; x_wconf 86' lang='lat' dir='ltr'><strong>civitas</strong></span> <span class='ocrx_word' id='word_1_33' title='bbox 515 577 682 611; x_wconf 84' lang='lat' dir='ltr'><strong>Bisuntina</strong></span> <span class='ocrx_word' id='word_1_34' title='bbox 702 577 854 612; x_wconf 87' lang='lat' dir='ltr'><strong>consistat</strong></span> <span class='ocrx_word' id='word_1_35' title='bbox 871 578 902 611; x_wconf 93' lang='lat' dir='ltr'><strong>in</strong></span> <span class='ocrx_word' id='word_1_36' title='bbox 920 578 1032 611; x_wconf 74' lang='lat' dir='ltr'><strong>eadent</strong></span> <span class='ocrx_word' id='word_1_37' title='bbox 1054 589 1129 622; x_wconf 87' lang='lat' dir='ltr'><strong>pro-</strong></span> 
     </span>
     <span class='ocr_line' id='line_1_8' title="bbox 391 631 1128 676; baseline 0.003 -12"><span class='ocrx_word' id='word_1_38' title='bbox 391 631 492 665; x_wconf 77' lang='lat' dir='ltr'><strong>vincia</strong></span> <span class='ocrx_word' id='word_1_39' title='bbox 519 632 732 674; x_wconf 74' lang='lat' dir='ltr'><strong>Burgundiae,</strong></span> <span class='ocrx_word' id='word_1_40' title='bbox 758 637 804 673; x_wconf 87' lang='lat' dir='ltr'><strong>ct,</strong></span> <span class='ocrx_word' id='word_1_41' title='bbox 831 632 912 665; x_wconf 85' lang='lat' dir='ltr'><strong>sicut</strong></span> <span class='ocrx_word' id='word_1_42' title='bbox 935 632 1128 676; x_wconf 80' lang='lat' dir='ltr'><strong>accepimus,</strong></span> 
     </span>
     <span class='ocr_line' id='line_1_9' title="bbox 391 685 1129 729; baseline 0 -11"><span class='ocrx_word' id='word_1_43' title='bbox 391 695 408 718; x_wconf 87' lang='lat' dir='ltr'><strong>a</strong></span> <span class='ocrx_word' id='word_1_44' title='bbox 433 685 598 729; x_wconf 84' lang='lat' dir='ltr'><strong>praedicto</strong></span> <span class='ocrx_word' id='word_1_45' title='bbox 619 685 739 729; x_wconf 89' lang='lat' dir='ltr'><strong>oppido</strong></span> <span class='ocrx_word' id='word_1_46' title='bbox 764 696 822 729; x_wconf 87' lang='lat' dir='ltr'><strong>per</strong></span> <span class='ocrx_word' id='word_1_47' title='bbox 843 691 913 719; x_wconf 83' lang='lat' dir='ltr'><strong>octo</strong></span> <span class='ocrx_word' id='word_1_48' title='bbox 931 686 1058 725; x_wconf 84' lang='lat' dir='ltr'><strong>leucas,</strong></span> <span class='ocrx_word' id='word_1_49' title='bbox 1083 686 1129 718; x_wconf 86' lang='lat' dir='ltr'><strong>vel</strong></span> 
     </span>
     <span class='ocr_line' id='line_1_10' title="bbox 391 738 1130 782; baseline 0 -12"><span class='ocrx_word' id='word_1_50' title='bbox 391 748 506 782; x_wconf 89' lang='lat' dir='ltr'><strong>parum</strong></span> <span class='ocrx_word' id='word_1_51' title='bbox 532 738 623 782; x_wconf 89' lang='lat' dir='ltr'><strong>plus,</strong></span> <span class='ocrx_word' id='word_1_52' title='bbox 653 738 756 771; x_wconf 90' lang='lat' dir='ltr'><strong>solum</strong></span> <span class='ocrx_word' id='word_1_53' title='bbox 792 739 907 779; x_wconf 85' lang='lat' dir='ltr'><strong>distet,</strong></span> <span class='ocrx_word' id='word_1_54' title='bbox 939 750 976 772; x_wconf 83' lang='lat' dir='ltr'><strong>ex</strong></span> <span class='ocrx_word' id='word_1_55' title='bbox 1005 738 1130 772; x_wconf 75' lang='lat' dir='ltr'><strong>modica</strong></span> 
     </span>
     <span class='ocr_line' id='line_1_11' title="bbox 392 791 1132 833; baseline 0.001 -9"><span class='ocrx_word' id='word_1_56' title='bbox 392 791 541 825; x_wconf 72' lang='lat' dir='ltr'><strong>distantia</strong></span> <span class='ocrx_word' id='word_1_57' title='bbox 562 791 759 833; x_wconf 88' lang='lat' dir='ltr'><strong>huiusmodi,</strong></span> <span class='ocrx_word' id='word_1_58' title='bbox 784 803 820 825; x_wconf 85' lang='lat' dir='ltr'><strong>ac</strong></span> <span class='ocrx_word' id='word_1_59' title='bbox 841 803 878 825; x_wconf 80' lang='lat' dir='ltr'><strong>ex</strong></span> <span class='ocrx_word' id='word_1_60' title='bbox 898 791 968 826; x_wconf 85' lang='lat' dir='ltr'><strong>aliis</strong></span> <span class='ocrx_word' id='word_1_61' title='bbox 989 791 1079 825; x_wconf 87' lang='lat' dir='ltr'><strong>iustis</strong></span> <span class='ocrx_word' id='word_1_62' title='bbox 1101 797 1132 825; x_wconf 88' lang='lat' dir='ltr'><strong>et</strong></span> 
     </span>
     <span class='ocr_line' id='line_1_12' title="bbox 392 844 1130 887; baseline 0.001 -9"><span class='ocrx_word' id='word_1_63' title='bbox 392 844 626 887; x_wconf 76' lang='lat' dir='ltr'><strong>urgentissimis</strong></span> <span class='ocrx_word' id='word_1_64' title='bbox 646 845 749 878; x_wconf 86' lang='lat' dir='ltr'><strong>causis</strong></span> <span class='ocrx_word' id='word_1_65' title='bbox 770 845 862 879; x_wconf 87' lang='lat' dir='ltr'><strong>nobis</strong></span> <span class='ocrx_word' id='word_1_66' title='bbox 880 845 975 886; x_wconf 84' lang='lat' dir='ltr'><strong>notis,</strong></span> <span class='ocrx_word' id='word_1_67' title='bbox 1000 856 1034 879; x_wconf 85' lang='lat' dir='ltr'><strong>ex</strong></span> <span class='ocrx_word' id='word_1_68' title='bbox 1060 856 1130 879; x_wconf 90' lang='lat' dir='ltr'><strong>ere-</strong></span> 
     </span>
     <span class='ocr_line' id='line_1_13' title="bbox 393 897 1132 942; baseline 0 -10"><span class='ocrx_word' id='word_1_69' title='bbox 393 897 499 932; x_wconf 84' lang='lat' dir='ltr'><strong>ctione</strong></span> <span class='ocrx_word' id='word_1_70' title='bbox 516 898 643 941; x_wconf 80' lang='lat' dir='ltr'><strong>collegii</strong></span> <span class='ocrx_word' id='word_1_71' title='bbox 664 898 849 933; x_wconf 86' lang='lat' dir='ltr'><strong>huiusmodi</strong></span> <span class='ocrx_word' id='word_1_72' title='bbox 870 898 979 942; x_wconf 78' lang='lat' dir='ltr'><strong>gravia</strong></span> <span class='ocrx_word' id='word_1_73' title='bbox 1000 904 1030 932; x_wconf 89' lang='lat' dir='ltr'><strong>et</strong></span> <span class='ocrx_word' id='word_1_74' title='bbox 1055 898 1132 932; x_wconf 86' lang='lat' dir='ltr'><strong>irre-</strong></span> 
     </span>
     <span class='ocr_line' id='line_1_14' title="bbox 392 951 1133 997; baseline 0.001 -12"><span class='ocrx_word' id='word_1_75' title='bbox 392 951 549 996; x_wconf 89' lang='lat' dir='ltr'><strong>parabilia</strong></span> <span class='ocrx_word' id='word_1_76' title='bbox 570 952 708 993; x_wconf 89' lang='lat' dir='ltr'><strong>damna,</strong></span> <span class='ocrx_word' id='word_1_77' title='bbox 728 953 878 986; x_wconf 89' lang='lat' dir='ltr'><strong>scandala</strong></span> <span class='ocrx_word' id='word_1_78' title='bbox 893 980 900 994; x_wconf 89' lang='lat'><em>‚</em></span> <span class='ocrx_word' id='word_1_79' title='bbox 931 953 1078 997; x_wconf 84' lang='lat' dir='ltr'><strong>malaque</strong></span> <span class='ocrx_word' id='word_1_80' title='bbox 1103 959 1133 986; x_wconf 88' lang='lat' dir='ltr'><strong>et</strong></span> 
     </span>
     <span class='ocr_line' id='line_1_15' title="bbox 393 1006 1132 1051; baseline 0.001 -12"><span class='ocrx_word' id='word_1_81' title='bbox 393 1006 649 1040; x_wconf 72' lang='lat' dir='ltr'><strong>inconvenientia</strong></span> <span class='ocrx_word' id='word_1_82' title='bbox 663 1006 879 1047; x_wconf 83' lang='lat' dir='ltr'><strong>verisimiliter</strong></span> <span class='ocrx_word' id='word_1_83' title='bbox 896 1006 974 1040; x_wconf 86' lang='lat' dir='ltr'><strong>oriri</strong></span> <span class='ocrx_word' id='word_1_84' title='bbox 992 1017 1026 1040; x_wconf 81' lang='lat' dir='ltr'><strong>ac</strong></span> <span class='ocrx_word' id='word_1_85' title='bbox 1042 1007 1132 1051; x_wconf 86' lang='lat' dir='ltr'><strong>sequi</strong></span> 
     </span>
     <span class='ocr_line' id='line_1_16' title="bbox 394 1065 1133 1104; baseline 0.001 -11"><span class='ocrx_word' id='word_1_86' title='bbox 394 1065 535 1104; x_wconf 83' lang='lat' dir='ltr'><strong>possent,</strong></span> <span class='ocrx_word' id='word_1_87' title='bbox 557 1070 653 1104; x_wconf 67' lang='lat' dir='ltr'><strong>quae,</strong></span> <span class='ocrx_word' id='word_1_88' title='bbox 670 1066 841 1104; x_wconf 80' lang='lat' dir='ltr'><strong>postquam</strong></span> <span class='ocrx_word' id='word_1_89' title='bbox 864 1066 933 1093; x_wconf 88' lang='lat' dir='ltr'><strong>orta</strong></span> <span class='ocrx_word' id='word_1_90' title='bbox 951 1066 981 1093; x_wconf 86' lang='lat' dir='ltr'><strong>et</strong></span> <span class='ocrx_word' id='word_1_91' title='bbox 998 1066 1133 1104; x_wconf 83' lang='lat' dir='ltr'><strong>sequuta</strong></span> 
     </span>
     <span class='ocr_line' id='line_1_17' title="bbox 394 1114 1130 1158; baseline 0.001 -11"><span class='ocrx_word' id='word_1_92' title='bbox 394 1115 508 1156; x_wconf 86' lang='lat' dir='ltr'><strong>forent,</strong></span> <span class='ocrx_word' id='word_1_93' title='bbox 523 1114 576 1147; x_wconf 84' lang='lat' dir='ltr'><strong>illa</strong></span> <span class='ocrx_word' id='word_1_94' title='bbox 593 1115 737 1158; x_wconf 87' lang='lat' dir='ltr'><strong>reparari</strong></span> <span class='ocrx_word' id='word_1_95' title='bbox 756 1120 786 1148; x_wconf 86' lang='lat' dir='ltr'><strong>ot</strong></span> <span class='ocrx_word' id='word_1_96' title='bbox 805 1115 871 1148; x_wconf 85' lang='lat' dir='ltr'><strong>tolli</strong></span> <span class='ocrx_word' id='word_1_97' title='bbox 890 1115 1020 1149; x_wconf 78' lang='lat' dir='ltr'><strong>difficile</strong></span> <span class='ocrx_word' id='word_1_98' title='bbox 1038 1116 1130 1156; x_wconf 74' lang='lat' dir='ltr'><strong>foret3</strong></span> 
     </span>
     <span class='ocr_line' id='line_1_18' title="bbox 394 1168 1134 1208; baseline 0.003 -8"><span class='ocrx_word' id='word_1_99' title='bbox 394 1178 452 1201; x_wconf 90' lang='lat' dir='ltr'><strong>nos</strong></span> <span class='ocrx_word' id='word_1_100' title='bbox 479 1168 571 1208; x_wconf 90' lang='lat' dir='ltr'><strong>ideo,</strong></span> <span class='ocrx_word' id='word_1_101' title='bbox 597 1169 721 1202; x_wconf 86' lang='lat' dir='ltr'><strong>damnis</strong></span> <span class='ocrx_word' id='word_1_102' title='bbox 746 1174 776 1202; x_wconf 84' lang='lat' dir='ltr'><strong>et</strong></span> <span class='ocrx_word' id='word_1_103' title='bbox 803 1169 961 1202; x_wconf 85' lang='lat' dir='ltr'><strong>scandalis</strong></span> <span class='ocrx_word' id='word_1_104' title='bbox 979 1180 1015 1203; x_wconf 83' lang='lat' dir='ltr'><strong>ac</strong></span> <span class='ocrx_word' id='word_1_105' title='bbox 1043 1169 1134 1202; x_wconf 86' lang='lat' dir='ltr'><strong>malis</strong></span> 
     </span>
     <span class='ocr_line' id='line_1_19' title="bbox 395 1221 1134 1267; baseline 0.003 -13"><span class='ocrx_word' id='word_1_106' title='bbox 395 1225 425 1255; x_wconf 87' lang='lat' dir='ltr'><strong>et</strong></span> <span class='ocrx_word' id='word_1_107' title='bbox 456 1221 756 1267; x_wconf 79' lang='lat' dir='ltr'><strong>inconvenientibus</strong></span> <span class='ocrx_word' id='word_1_108' title='bbox 787 1222 970 1256; x_wconf 85' lang='lat' dir='ltr'><strong>huiusmodi</strong></span> <span class='ocrx_word' id='word_1_109' title='bbox 1004 1223 1134 1256; x_wconf 89' lang='lat' dir='ltr'><strong>obviare</strong></span> 
     </span>
     <span class='ocr_line' id='line_1_20' title="bbox 395 1276 1134 1321; baseline 0.001 -12"><span class='ocrx_word' id='word_1_110' title='bbox 395 1276 571 1320; x_wconf 86' lang='lat' dir='ltr'><strong>cupientes,</strong></span> <span class='ocrx_word' id='word_1_111' title='bbox 591 1280 679 1310; x_wconf 90' lang='lat' dir='ltr'><strong>motu</strong></span> <span class='ocrx_word' id='word_1_112' title='bbox 698 1277 841 1321; x_wconf 88' lang='lat' dir='ltr'><strong>proprio,</strong></span> <span class='ocrx_word' id='word_1_113' title='bbox 862 1287 927 1310; x_wconf 92' lang='lat' dir='ltr'><strong>non</strong></span> <span class='ocrx_word' id='word_1_114' title='bbox 946 1277 985 1310; x_wconf 91' lang='lat' dir='ltr'><strong>ad</strong></span> <span class='ocrx_word' id='word_1_115' title='bbox 1000 1277 1134 1310; x_wconf 83' lang='lat' dir='ltr'><strong>alicuius</strong></span> 
     </span>
     <span class='ocr_line' id='line_1_21' title="bbox 395 1328 1135 1374; baseline 0.003 -12"><span class='ocrx_word' id='word_1_116' title='bbox 395 1328 488 1363; x_wconf 89' lang='lat' dir='ltr'><strong>nobis</strong></span> <span class='ocrx_word' id='word_1_117' title='bbox 505 1340 601 1373; x_wconf 89' lang='lat' dir='ltr'><strong>super</strong></span> <span class='ocrx_word' id='word_1_118' title='bbox 617 1330 678 1363; x_wconf 88' lang='lat' dir='ltr'><strong>hoc</strong></span> <span class='ocrx_word' id='word_1_119' title='bbox 695 1329 821 1364; x_wconf 85' lang='lat' dir='ltr'><strong>oblatae</strong></span> <span class='ocrx_word' id='word_1_120' title='bbox 837 1330 1001 1374; x_wconf 84' lang='lat' dir='ltr'><strong>petitionis</strong></span> <span class='ocrx_word' id='word_1_121' title='bbox 1020 1331 1135 1364; x_wconf 91' lang='lat' dir='ltr'><strong>instan-</strong></span> 
     </span>
     <span class='ocr_line' id='line_1_22' title="bbox 396 1383 1135 1425; baseline 0.003 -8"><span class='ocrx_word' id='word_1_122' title='bbox 396 1383 495 1425; x_wconf 84' lang='lat' dir='ltr'><strong>tiam,</strong></span> <span class='ocrx_word' id='word_1_123' title='bbox 522 1383 577 1418; x_wconf 90' lang='lat' dir='ltr'><strong>sed</strong></span> <span class='ocrx_word' id='word_1_124' title='bbox 603 1383 642 1417; x_wconf 90' lang='lat' dir='ltr'><strong>de</strong></span> <span class='ocrx_word' id='word_1_125' title='bbox 669 1386 778 1418; x_wconf 76' lang='lat' dir='ltr'><strong>nostra</strong></span> <span class='ocrx_word' id='word_1_126' title='bbox 803 1386 888 1417; x_wconf 71' lang='lat' dir='ltr'><strong>certa</strong></span> <span class='ocrx_word' id='word_1_127' title='bbox 917 1384 1069 1425; x_wconf 75' lang='lat' dir='ltr'><strong>scientia,</strong></span> <span class='ocrx_word' id='word_1_128' title='bbox 1099 1395 1135 1419; x_wconf 85' lang='lat' dir='ltr'><strong>ae</strong></span> 
     </span>
     <span class='ocr_line' id='line_1_23' title="bbox 397 1436 1135 1482; baseline 0.003 -11"><span class='ocrx_word' id='word_1_129' title='bbox 397 1437 500 1471; x_wconf 87' lang='lat' dir='ltr'><strong>dictae</strong></span> <span class='ocrx_word' id='word_1_130' title='bbox 521 1436 631 1472; x_wconf 89' lang='lat' dir='ltr'><strong>Sedis¹</strong></span> <span class='ocrx_word' id='word_1_131' title='bbox 650 1437 867 1482; x_wconf 86' lang='lat' dir='ltr'><strong>plenitudine,</strong></span> <span class='ocrx_word' id='word_1_132' title='bbox 895 1437 1079 1472; x_wconf 80' lang='lat' dir='ltr'><strong>facultatem</strong></span> <span class='ocrx_word' id='word_1_133' title='bbox 1106 1444 1135 1473; x_wconf 90' lang='lat' dir='ltr'><strong>et</strong></span> 
     </span>
     <span class='ocr_line' id='line_1_24' title="bbox 396 1491 1135 1536; baseline 0.001 -11"><span class='ocrx_word' id='word_1_134' title='bbox 396 1496 584 1536; x_wconf 88' lang='lat' dir='ltr'><strong>potestatem</strong></span> <span class='ocrx_word' id='word_1_135' title='bbox 610 1502 666 1525; x_wconf 85' lang='lat' dir='ltr'><strong>seu</strong></span> <span class='ocrx_word' id='word_1_136' title='bbox 683 1491 768 1525; x_wconf 91' lang='lat' dir='ltr'><strong>illius</strong></span> <span class='ocrx_word' id='word_1_137' title='bbox 786 1492 1025 1526; x_wconf 86' lang='lat' dir='ltr'><strong>concessionem</strong></span> <span class='ocrx_word' id='word_1_138' title='bbox 1044 1503 1135 1536; x_wconf 90' lang='lat' dir='ltr'><strong>prae-</strong></span> 
     </span>
     <span class='ocr_line' id='line_1_25' title="bbox 397 1545 1136 1589; baseline 0.001 -9"><span class='ocrx_word' id='word_1_139' title='bbox 397 1545 514 1580; x_wconf 84' lang='lat' dir='ltr'><strong>dictam</strong></span> <span class='ocrx_word' id='word_1_140' title='bbox 530 1573 537 1587; x_wconf 94' lang='lat'><strong>,</strong></span> <span class='ocrx_word' id='word_1_141' title='bbox 561 1556 599 1579; x_wconf 87' lang='lat' dir='ltr'><strong>ac</strong></span> <span class='ocrx_word' id='word_1_142' title='bbox 626 1545 735 1579; x_wconf 87' lang='lat' dir='ltr'><strong>omnia</strong></span> <span class='ocrx_word' id='word_1_143' title='bbox 762 1551 793 1579; x_wconf 91' lang='lat' dir='ltr'><strong>et</strong></span> <span class='ocrx_word' id='word_1_144' title='bbox 819 1545 945 1589; x_wconf 80' lang='lat' dir='ltr'><strong>singula</strong></span> <span class='ocrx_word' id='word_1_145' title='bbox 968 1545 997 1579; x_wconf 90' lang='lat' dir='ltr'><strong>in</strong></span> <span class='ocrx_word' id='word_1_146' title='bbox 1024 1546 1136 1581; x_wconf 86' lang='lat' dir='ltr'><strong>litteris</strong></span> 
     </span>
     <span class='ocr_line' id='line_1_26' title="bbox 398 1599 1132 1644; baseline 0.001 -11"><span class='ocrx_word' id='word_1_147' title='bbox 398 1599 535 1644; x_wconf 86' lang='lat' dir='ltr'><strong>desuper</strong></span> <span class='ocrx_word' id='word_1_148' title='bbox 566 1599 719 1634; x_wconf 90' lang='lat' dir='ltr'><strong>confectis</strong></span> <span class='ocrx_word' id='word_1_149' title='bbox 739 1604 794 1633; x_wconf 87' lang='lat' dir='ltr'><strong>aut</strong></span> <span class='ocrx_word' id='word_1_150' title='bbox 818 1599 1027 1634; x_wconf 80' lang='lat' dir='ltr'><strong>conficiendis</strong></span> <span class='ocrx_word' id='word_1_151' title='bbox 1054 1611 1132 1634; x_wconf 89' lang='lat' dir='ltr'><strong>con-</strong></span> 
     </span>
     <span class='ocr_line' id='line_1_27' title="bbox 397 1653 1134 1698; baseline 0.001 -11"><span class='ocrx_word' id='word_1_152' title='bbox 397 1658 494 1694; x_wconf 79' lang='lat' dir='ltr'><strong>tenta,</strong></span> <span class='ocrx_word' id='word_1_153' title='bbox 518 1659 548 1686; x_wconf 86' lang='lat' dir='ltr'><strong>et</strong></span> <span class='ocrx_word' id='word_1_154' title='bbox 567 1653 641 1686; x_wconf 91' lang='lat' dir='ltr'><strong>inde</strong></span> <span class='ocrx_word' id='word_1_155' title='bbox 662 1659 795 1697; x_wconf 86' lang='lat' dir='ltr'><strong>sequuta</strong></span> <span class='ocrx_word' id='word_1_156' title='bbox 816 1663 1050 1698; x_wconf 75' lang='lat' dir='ltr'><strong>quaecumque,</strong></span> <span class='ocrx_word' id='word_1_157' title='bbox 1068 1655 1134 1688; x_wconf 91' lang='lat' dir='ltr'><strong>etsi</strong></span> 
     </span>
     <span class='ocr_line' id='line_1_28' title="bbox 397 1706 1133 1750; baseline -0.001 -9"><span class='ocrx_word' id='word_1_158' title='bbox 397 1707 598 1750; x_wconf 76' lang='lat' dir='ltr'><strong>contingeret</strong></span> <span class='ocrx_word' id='word_1_159' title='bbox 618 1706 789 1749; x_wconf 78' lang='lat' dir='ltr'><strong>collegium</strong></span> <span class='ocrx_word' id='word_1_160' title='bbox 811 1706 995 1740; x_wconf 87' lang='lat' dir='ltr'><strong>huiusmodi</strong></span> <span class='ocrx_word' id='word_1_161' title='bbox 1022 1707 1133 1750; x_wconf 38' lang='lat' dir='ltr'><strong>effigi&amp;</strong></span> 
     </span>
     <span class='ocr_line' id='line_1_29' title="bbox 398 1760 1137 1805; baseline 0 -10"><span class='ocrx_word' id='word_1_162' title='bbox 398 1761 480 1796; x_wconf 76' lang='lat' dir='ltr'><strong>dicta</strong></span> <span class='ocrx_word' id='word_1_163' title='bbox 505 1760 694 1794; x_wconf 87' lang='lat' dir='ltr'><strong>auctoritate</strong></span> <span class='ocrx_word' id='word_1_164' title='bbox 715 1760 889 1804; x_wconf 81' lang='lat' dir='ltr'><strong>apostolica</strong></span> <span class='ocrx_word' id='word_1_165' title='bbox 910 1772 967 1805; x_wconf 86' lang='lat' dir='ltr'><strong>per</strong></span> <span class='ocrx_word' id='word_1_166' title='bbox 988 1772 1137 1804; x_wconf 86' lang='lat' dir='ltr'><strong>praesen-</strong></span> 
     </span>
     <span class='ocr_line' id='line_1_30' title="bbox 399 1814 1138 1855; baseline 0 -7"><span class='ocrx_word' id='word_1_167' title='bbox 399 1821 444 1849; x_wconf 89' lang='lat' dir='ltr'><strong>tes</strong></span> <span class='ocrx_word' id='word_1_168' title='bbox 471 1825 669 1855; x_wconf 79' lang='lat' dir='ltr'><strong>revocamus,</strong></span> <span class='ocrx_word' id='word_1_169' title='bbox 690 1824 862 1854; x_wconf 73' lang='lat' dir='ltr'><strong>cassamus,</strong></span> <span class='ocrx_word' id='word_1_170' title='bbox 886 1814 1089 1848; x_wconf 83' lang='lat' dir='ltr'><strong>annullamus</strong></span> <span class='ocrx_word' id='word_1_171' title='bbox 1108 1820 1138 1848; x_wconf 91' lang='lat' dir='ltr'><strong>et</strong></span> 
     </span>
     <span class='ocr_line' id='line_1_31' title="bbox 398 1868 1134 1913; baseline -0.001 -11"><span class='ocrx_word' id='word_1_172' title='bbox 398 1869 582 1909; x_wconf 89' lang='lat' dir='ltr'><strong>irritamus,</strong></span> <span class='ocrx_word' id='word_1_173' title='bbox 618 1879 654 1902; x_wconf 83' lang='lat' dir='ltr'><strong>ac</strong></span> <span class='ocrx_word' id='word_1_174' title='bbox 687 1879 746 1913; x_wconf 91' lang='lat' dir='ltr'><strong>pro</strong></span> <span class='ocrx_word' id='word_1_175' title='bbox 781 1868 951 1908; x_wconf 86' lang='lat' dir='ltr'><strong>revocatis,</strong></span> <span class='ocrx_word' id='word_1_176' title='bbox 986 1868 1134 1910; x_wconf 82' lang='lat' dir='ltr'><strong>cassatis,</strong></span> 
     </span>
     <span class='ocr_line' id='line_1_32' title="bbox 398 1921 1139 1956; baseline -0.001 0"><span class='ocrx_word' id='word_1_177' title='bbox 398 1922 570 1956; x_wconf 82' lang='lat' dir='ltr'><strong>annullatis</strong></span> <span class='ocrx_word' id='word_1_178' title='bbox 602 1933 638 1956; x_wconf 87' lang='lat' dir='ltr'><strong>ae</strong></span> <span class='ocrx_word' id='word_1_179' title='bbox 664 1922 760 1955; x_wconf 88' lang='lat' dir='ltr'><strong>irritis</strong></span> <span class='ocrx_word' id='word_1_180' title='bbox 792 1921 905 1955; x_wconf 89' lang='lat' dir='ltr'><strong>haberi</strong></span> <span class='ocrx_word' id='word_1_181' title='bbox 936 1922 1083 1955; x_wconf 91' lang='lat' dir='ltr'><strong>volumus</strong></span> <span class='ocrx_word' id='word_1_182' title='bbox 1109 1928 1139 1955; x_wconf 90' lang='lat' dir='ltr'><strong>et</strong></span> 
     </span>
     <span class='ocr_line' id='line_1_33' title="bbox 399 1975 1139 2010; baseline -0.003 0"><span class='ocrx_word' id='word_1_183' title='bbox 399 1976 602 2010; x_wconf 89' lang='lat' dir='ltr'><strong>decernimus</strong></span> <span class='ocrx_word' id='word_1_184' title='bbox 627 1986 663 2009; x_wconf 89' lang='lat' dir='ltr'><strong>ac</strong></span> <span class='ocrx_word' id='word_1_185' title='bbox 689 1975 894 2009; x_wconf 80' lang='lat' dir='ltr'><strong>mandamus:</strong></span> <span class='ocrx_word' id='word_1_186' title='bbox 919 1986 1045 2009; x_wconf 84' lang='lat' dir='ltr'><strong>necnon</strong></span> <span class='ocrx_word' id='word_1_187' title='bbox 1071 1986 1139 2009; x_wconf 91' lang='lat' dir='ltr'><strong>om-</strong></span> 
     </span>
     <span class='ocr_line' id='line_1_34' title="bbox 399 2029 1138 2064; baseline -0.001 0"><span class='ocrx_word' id='word_1_188' title='bbox 399 2030 493 2064; x_wconf 90' lang='lat' dir='ltr'><strong>nibus</strong></span> <span class='ocrx_word' id='word_1_189' title='bbox 514 2030 545 2063; x_wconf 94' lang='lat' dir='ltr'><strong>in</strong></span> <span class='ocrx_word' id='word_1_190' title='bbox 571 2029 663 2063; x_wconf 89' lang='lat' dir='ltr'><strong>dictis</strong></span> <span class='ocrx_word' id='word_1_191' title='bbox 689 2029 802 2063; x_wconf 88' lang='lat' dir='ltr'><strong>litteris</strong></span> <span class='ocrx_word' id='word_1_192' title='bbox 827 2029 1000 2062; x_wconf 84' lang='lat' dir='ltr'><strong>nominatis</strong></span> <span class='ocrx_word' id='word_1_193' title='bbox 1025 2035 1056 2063; x_wconf 89' lang='lat' dir='ltr'><strong>et</strong></span> <span class='ocrx_word' id='word_1_194' title='bbox 1080 2040 1138 2063; x_wconf 90' lang='lat' dir='ltr'><strong>no-</strong></span> 
     </span>
     <span class='ocr_line' id='line_1_35' title="bbox 401 2082 1135 2127; baseline -0.001 -10"><span class='ocrx_word' id='word_1_195' title='bbox 401 2083 571 2123; x_wconf 87' lang='lat' dir='ltr'><strong>minandis,</strong></span> <span class='ocrx_word' id='word_1_196' title='bbox 600 2094 636 2116; x_wconf 89' lang='lat' dir='ltr'><strong>ac</strong></span> <span class='ocrx_word' id='word_1_197' title='bbox 661 2082 913 2127; x_wconf 75' lang='lat' dir='ltr'><strong>exequutoribus</strong></span> <span class='ocrx_word' id='word_1_198' title='bbox 938 2082 970 2115; x_wconf 90' lang='lat' dir='ltr'><strong>in</strong></span> <span class='ocrx_word' id='word_1_199' title='bbox 996 2082 1057 2116; x_wconf 87' lang='lat' dir='ltr'><strong>illis</strong></span> <span class='ocrx_word' id='word_1_200' title='bbox 1078 2083 1135 2116; x_wconf 89' lang='lat' dir='ltr'><strong>de-</strong></span> 
     </span>
     <span class='ocr_line' id='line_1_36' title="bbox 400 2137 1139 2182; baseline -0.001 -11"><span class='ocrx_word' id='word_1_201' title='bbox 400 2138 516 2182; x_wconf 88' lang='lat' dir='ltr'><strong>putatis</strong></span> <span class='ocrx_word' id='word_1_202' title='bbox 541 2143 573 2172; x_wconf 91' lang='lat' dir='ltr'><strong>et</strong></span> <span class='ocrx_word' id='word_1_203' title='bbox 598 2137 799 2182; x_wconf 78' lang='lat' dir='ltr'><strong>deputandis,</strong></span> <span class='ocrx_word' id='word_1_204' title='bbox 824 2148 859 2171; x_wconf 87' lang='lat' dir='ltr'><strong>ac</strong></span> <span class='ocrx_word' id='word_1_205' title='bbox 881 2137 1139 2182; x_wconf 88' lang='lat' dir='ltr'><strong>quibuscumque</strong></span> 
     </span>
     <span class='ocr_line' id='line_1_37' title="bbox 400 2191 1137 2236; baseline -0.001 -11"><span class='ocrx_word' id='word_1_206' title='bbox 400 2192 469 2225; x_wconf 86' lang='lat' dir='ltr'><strong>aliis</strong></span> <span class='ocrx_word' id='word_1_207' title='bbox 495 2191 655 2225; x_wconf 88' lang='lat' dir='ltr'><strong>iudicibus</strong></span> <span class='ocrx_word' id='word_1_208' title='bbox 680 2196 710 2224; x_wconf 90' lang='lat' dir='ltr'><strong>et</strong></span> <span class='ocrx_word' id='word_1_209' title='bbox 728 2191 882 2236; x_wconf 68' lang='lat' dir='ltr'><strong>personis,</strong></span> <span class='ocrx_word' id='word_1_210' title='bbox 906 2201 946 2225; x_wconf 90' lang='lat' dir='ltr'><strong>ne</strong></span> <span class='ocrx_word' id='word_1_211' title='bbox 968 2191 1137 2234; x_wconf 82' lang='lat' dir='ltr'><strong>collegium</strong></span> 
     </span>
     <span class='ocr_line' id='line_1_38' title="bbox 401 2238 1139 2287; baseline -0.001 -8"><span class='ocrx_word' id='word_1_212' title='bbox 401 2245 585 2280; x_wconf 88' lang='lat' dir='ltr'><strong>huiusmodi</strong></span> <span class='ocrx_word' id='word_1_213' title='bbox 611 2245 745 2287; x_wconf 76' lang='lat' dir='ltr'><strong>erigere,</strong></span> <span class='ocrx_word' id='word_1_214' title='bbox 775 2245 925 2286; x_wconf 88' lang='lat' dir='ltr'><strong>fundare,</strong></span> <span class='ocrx_word' id='word_1_215' title='bbox 954 2238 1139 2279; x_wconf 66' lang='lat' dir='ltr'><strong>construere</strong></span> 
     </span>
     <span class='ocr_line' id='line_1_39' title="bbox 401 2299 1138 2349; baseline -0.001 -16"><span class='ocrx_word' id='word_1_216' title='bbox 401 2305 431 2333; x_wconf 91' lang='lat' dir='ltr'><strong>et</strong></span> <span class='ocrx_word' id='word_1_217' title='bbox 456 2300 584 2340; x_wconf 87' lang='lat' dir='ltr'><strong>dotare,</strong></span> <span class='ocrx_word' id='word_1_218' title='bbox 614 2309 672 2332; x_wconf 85' lang='lat' dir='ltr'><strong>nec</strong></span> <span class='ocrx_word' id='word_1_219' title='bbox 696 2299 794 2341; x_wconf 76' lang='lat' dir='ltr'><strong>erigi,</strong></span> <span class='ocrx_word' id='word_1_220' title='bbox 823 2299 972 2349; x_wconf 77' lang='lat' dir='ltr'><strong>fundari,</strong></span> <span class='ocrx_word' id='word_1_221' title='bbox 997 2299 1138 2333; x_wconf 90' lang='lat' dir='ltr'><strong>construi</strong></span> 
     </span>
     <span class='ocr_line' id='line_1_40' title="bbox 401 2353 1140 2397; baseline -0.003 -9"><span class='ocrx_word' id='word_1_222' title='bbox 401 2359 432 2388; x_wconf 86' lang='lat' dir='ltr'><strong>et</strong></span> <span class='ocrx_word' id='word_1_223' title='bbox 457 2353 560 2387; x_wconf 90' lang='lat' dir='ltr'><strong>dotari</strong></span> <span class='ocrx_word' id='word_1_224' title='bbox 586 2354 692 2386; x_wconf 88' lang='lat' dir='ltr'><strong>facere</strong></span> <span class='ocrx_word' id='word_1_225' title='bbox 711 2381 718 2393; x_wconf 94' lang='lat'>‚</span> <span class='ocrx_word' id='word_1_226' title='bbox 742 2363 777 2386; x_wconf 86' lang='lat' dir='ltr'><strong>ac</strong></span> <span class='ocrx_word' id='word_1_227' title='bbox 806 2353 1064 2397; x_wconf 84' lang='lat' dir='ltr'><strong>quibuscumque</strong></span> <span class='ocrx_word' id='word_1_228' title='bbox 1085 2354 1140 2386; x_wconf 93' lang='lat' dir='ltr'><strong>do-</strong></span> 
     </span>
     <span class='ocr_line' id='line_1_41' title="bbox 402 2406 1140 2450; baseline -0.001 -9"><span class='ocrx_word' id='word_1_229' title='bbox 402 2407 554 2447; x_wconf 87' lang='lat' dir='ltr'><strong>ctoribus,</strong></span> <span class='ocrx_word' id='word_1_230' title='bbox 577 2406 736 2449; x_wconf 80' lang='lat' dir='ltr'><strong>magistris</strong></span> <span class='ocrx_word' id='word_1_231' title='bbox 762 2412 791 2440; x_wconf 89' lang='lat' dir='ltr'><strong>ct</strong></span> <span class='ocrx_word' id='word_1_232' title='bbox 812 2406 975 2450; x_wconf 82' lang='lat' dir='ltr'><strong>quibusvis</strong></span> <span class='ocrx_word' id='word_1_233' title='bbox 996 2407 1076 2447; x_wconf 88' lang='lat' dir='ltr'><strong>aliis,</strong></span> <span class='ocrx_word' id='word_1_234' title='bbox 1101 2417 1140 2440; x_wconf 90' lang='lat' dir='ltr'><strong>ne</strong></span> 
     </span>
     <span class='ocr_line' id='line_1_42' title="bbox 403 2459 1139 2504; baseline -0.003 -10"><span class='ocrx_word' id='word_1_235' title='bbox 403 2461 432 2494; x_wconf 92' lang='lat' dir='ltr'><strong>in</strong></span> <span class='ocrx_word' id='word_1_236' title='bbox 459 2460 544 2494; x_wconf 77' lang='lat' dir='ltr'><strong>dicta</strong></span> <span class='ocrx_word' id='word_1_237' title='bbox 569 2460 694 2493; x_wconf 90' lang='lat' dir='ltr'><strong>civitate</strong></span> <span class='ocrx_word' id='word_1_238' title='bbox 717 2460 865 2503; x_wconf 75' lang='lat' dir='ltr'><strong>logicam,</strong></span> <span class='ocrx_word' id='word_1_239' title='bbox 890 2459 1139 2504; x_wconf 83' lang='lat' dir='ltr'><strong>philosophiam,</strong></span> 
     </span>
     <span class='ocr_line' id='line_1_43' title="bbox 402 2513 1140 2555; baseline 0 -8"><span class='ocrx_word' id='word_1_240' title='bbox 402 2513 598 2555; x_wconf 76' lang='lat' dir='ltr'><strong>theologiam</strong></span> <span class='ocrx_word' id='word_1_241' title='bbox 625 2519 654 2546; x_wconf 90' lang='lat' dir='ltr'><strong>et</strong></span> <span class='ocrx_word' id='word_1_242' title='bbox 678 2513 755 2546; x_wconf 87' lang='lat' dir='ltr'><strong>alias</strong></span> <span class='ocrx_word' id='word_1_243' title='bbox 781 2513 945 2546; x_wconf 81' lang='lat' dir='ltr'><strong>facultates</strong></span> <span class='ocrx_word' id='word_1_244' title='bbox 966 2524 1001 2546; x_wconf 86' lang='lat' dir='ltr'><strong>ac</strong></span> <span class='ocrx_word' id='word_1_245' title='bbox 1022 2513 1070 2546; x_wconf 91' lang='lat' dir='ltr'><strong>ius</strong></span> <span class='ocrx_word' id='word_1_246' title='bbox 1091 2524 1140 2547; x_wconf 87' lang='lat' dir='ltr'><strong>ca-</strong></span> 
     </span>
     <span class='ocr_line' id='line_1_44' title="bbox 440 2593 1098 2629; baseline 0.002 -9"><span class='ocrx_word' id='word_1_247' title='bbox 440 2596 449 2620; x_wconf 83' lang='grc'><strong>1</strong></span> <span class='ocrx_word' id='word_1_248' title='bbox 475 2593 567 2621; x_wconf 87' lang='lat' dir='ltr'><strong>Nescio</strong></span> <span class='ocrx_word' id='word_1_249' title='bbox 583 2602 615 2621; x_wconf 89' lang='lat' dir='ltr'><strong>an</strong></span> <span class='ocrx_word' id='word_1_250' title='bbox 633 2593 675 2621; x_wconf 81' lang='lat' dir='ltr'><strong>liic</strong></span> <span class='ocrx_word' id='word_1_251' title='bbox 691 2593 759 2621; x_wconf 88' lang='lat' dir='ltr'><strong>desit</strong></span> <span class='ocrx_word' id='word_1_252' title='bbox 776 2603 822 2621; x_wconf 87' lang='lat' dir='ltr'><strong>vox</strong></span> <span class='ocrx_word' id='word_1_253' title='bbox 838 2594 986 2629; x_wconf 72' lang='lat' dir='ltr'><strong>potestatis</strong></span> <span class='ocrx_word' id='word_1_254' title='bbox 1002 2596 1037 2627; x_wconf 84' lang='lat' dir='ltr'><strong>(n.</strong></span> <span class='ocrx_word' id='word_1_255' title='bbox 1051 2595 1098 2627; x_wconf 81' lang='grc' dir='ltr'>τ.).</span> 
     </span>
    </p>
   </div>
   <div class='ocr_carea' id='block_1_3' title="bbox 403 2637 1137 2719">
    <p class='ocr_par' dir='ltr' id='par_1_3' title="bbox 403 2637 1137 2719">
     <span class='ocr_line' id='line_1_45' title="bbox 437 2637 1137 2674; baseline 0.003 -11"><span class='ocrx_word' id='word_1_256' title='bbox 437 2637 452 2664; x_wconf 67' lang='lat'>2</span> <span class='ocrx_word' id='word_1_257' title='bbox 468 2638 578 2674; x_wconf 82' lang='lat' dir='ltr'><strong>Nempe:</strong></span> <span class='ocrx_word' id='word_1_258' title='bbox 590 2639 676 2666; x_wconf 77' lang='lat' dir='ltr'><strong>etiam</strong></span> <span class='ocrx_word' id='word_1_259' title='bbox 685 2639 881 2674; x_wconf 67' lang='lat' dir='ltr'><strong>cotteyium‚sz‘</strong></span> <span class='ocrx_word' id='word_1_260' title='bbox 891 2639 1078 2673; x_wconf 67' lang='lat' dir='ltr'><strong>concinyeret,</strong></span> <span class='ocrx_word' id='word_1_261' title='bbox 1088 2641 1137 2665; x_wconf 87' lang='lat' dir='ltr'><strong>etc.</strong></span> 
     </span>
     <span class='ocr_line' id='line_1_46' title="bbox 403 2684 493 2719; baseline 0.011 -10"><span class='ocrx_word' id='word_1_262' title='bbox 403 2684 439 2719; x_wconf 70' lang='lat' dir='ltr'><strong>(a.</strong></span> <span class='ocrx_word' id='word_1_263' title='bbox 458 2687 493 2716; x_wconf 76' lang='grc' dir='ltr'><strong>τ).</strong></span> 
     </span>
    </p>
   </div>
   <div class='ocr_carea' id='block_1_4' title="bbox 1150 1380 1159 2535">
    <p class='ocr_par' dir='ltr' id='par_1_4' title="bbox 1150 1380 1159 2535">
     <span class='ocr_line' id='line_1_47' title="bbox 1150 1380 1159 2535; baseline 0 0"><span class='ocrx_word' id='word_1_264' title='bbox 1150 1380 1159 2535; x_wconf 95' lang='lat' dir='ltr'><strong> </strong></span> 
     </span>
    </p>
   </div>
   <div class='ocr_carea' id='block_1_5' title="bbox 966 263 2097 294">
    <p class='ocr_par' dir='ltr' id='par_1_5' title="bbox 966 263 2097 294">
     <span class='ocr_line' id='line_1_48' title="bbox 966 263 2097 294; baseline 0.007 -8"><span class='ocrx_word' id='word_1_265' title='bbox 966 263 1146 287; x_wconf 59' lang='lat' dir='ltr'><strong>mmmmm!</strong></span> <span class='ocrx_word' id='word_1_266' title='bbox 1172 263 1323 289; x_wconf 64' lang='lat' dir='ltr'><strong>ROMANUM</strong></span> <span class='ocrx_word' id='word_1_267' title='bbox 1914 267 1961 292; x_wconf 77' lang='lat' dir='ltr'><strong>An.</strong></span> <span class='ocrx_word' id='word_1_268' title='bbox 1979 266 2006 293; x_wconf 88' lang='lat' dir='ltr'><strong>G.</strong></span> <span class='ocrx_word' id='word_1_269' title='bbox 2028 266 2097 294; x_wconf 81' lang='lat'>1609</span> 
     </span>
    </p>
   </div>
   <div class='ocr_carea' id='block_1_6' title="bbox 1164 311 2108 2609">
    <p class='ocr_par' dir='ltr' id='par_1_6' title="bbox 1164 311 1910 1686">
     <span class='ocr_line' id='line_1_49' title="bbox 1165 311 1901 356; baseline 0.007 -13"><span class='ocrx_word' id='word_1_270' title='bbox 1165 311 1317 344; x_wconf 89' lang='lat' dir='ltr'><strong>nonicum</strong></span> <span class='ocrx_word' id='word_1_271' title='bbox 1335 312 1382 345; x_wconf 76' lang='lat' dir='ltr'><strong>vel</strong></span> <span class='ocrx_word' id='word_1_272' title='bbox 1400 311 1490 345; x_wconf 77' lang='lat' dir='ltr'><strong>civile</strong></span> <span class='ocrx_word' id='word_1_273' title='bbox 1511 312 1695 347; x_wconf 84' lang='lat' dir='ltr'><strong>huiusmodi</strong></span> <span class='ocrx_word' id='word_1_274' title='bbox 1713 313 1829 356; x_wconf 79' lang='lat' dir='ltr'><strong>legere,</strong></span> <span class='ocrx_word' id='word_1_275' title='bbox 1854 314 1901 348; x_wconf 92' lang='lat' dir='ltr'><strong>in-</strong></span> 
     </span>
     <span class='ocr_line' id='line_1_50' title="bbox 1166 364 1900 410; baseline 0.007 -14"><span class='ocrx_word' id='word_1_276' title='bbox 1166 364 1333 408; x_wconf 88' lang='lat' dir='ltr'><strong>terpretari</strong></span> <span class='ocrx_word' id='word_1_277' title='bbox 1358 365 1498 398; x_wconf 87' lang='lat' dir='ltr'><strong>audeant</strong></span> <span class='ocrx_word' id='word_1_278' title='bbox 1522 376 1577 399; x_wconf 87' lang='lat' dir='ltr'><strong>seu</strong></span> <span class='ocrx_word' id='word_1_279' title='bbox 1602 372 1819 410; x_wconf 86' lang='lat' dir='ltr'><strong>praesumant,</strong></span> <span class='ocrx_word' id='word_1_280' title='bbox 1843 368 1900 401; x_wconf 88' lang='lat' dir='ltr'><strong>sub</strong></span> 
     </span>
     <span class='ocr_line' id='line_1_51' title="bbox 1166 417 1898 460; baseline 0.005 -10"><span class='ocrx_word' id='word_1_281' title='bbox 1166 417 1394 460; x_wconf 82' lang='lat' dir='ltr'><strong>indignationis</strong></span> <span class='ocrx_word' id='word_1_282' title='bbox 1424 423 1551 452; x_wconf 85' lang='lat' dir='ltr'><strong>nostrae</strong></span> <span class='ocrx_word' id='word_1_283' title='bbox 1584 424 1615 453; x_wconf 90' lang='lat' dir='ltr'><strong>et</strong></span> <span class='ocrx_word' id='word_1_284' title='bbox 1639 419 1898 454; x_wconf 79' lang='lat' dir='ltr'><strong>excommunica-</strong></span> 
     </span>
     <span class='ocr_line' id='line_1_52' title="bbox 1166 470 1903 516; baseline 0.003 -12"><span class='ocrx_word' id='word_1_285' title='bbox 1166 470 1260 505; x_wconf 91' lang='lat' dir='ltr'><strong>tionis</strong></span> <span class='ocrx_word' id='word_1_286' title='bbox 1293 471 1450 505; x_wconf 77' lang='lat' dir='ltr'><strong>sententia</strong></span> <span class='ocrx_word' id='word_1_287' title='bbox 1486 471 1554 516; x_wconf 91' lang='lat' dir='ltr'><strong>ipso</strong></span> <span class='ocrx_word' id='word_1_288' title='bbox 1591 472 1674 506; x_wconf 87' lang='lat' dir='ltr'><strong>facto</strong></span> <span class='ocrx_word' id='word_1_289' title='bbox 1709 472 1903 507; x_wconf 78' lang='lat' dir='ltr'><strong>incurrenda</strong></span> 
     </span>
     <span class='ocr_line' id='line_1_53' title="bbox 1165 524 1903 568; baseline 0.003 -11"><span class='ocrx_word' id='word_1_290' title='bbox 1165 526 1279 568; x_wconf 76' lang='lat' dir='ltr'><strong>poena,</strong></span> <span class='ocrx_word' id='word_1_291' title='bbox 1307 524 1523 568; x_wconf 85' lang='lat' dir='ltr'><strong>praecipimus</strong></span> <span class='ocrx_word' id='word_1_292' title='bbox 1544 530 1575 559; x_wconf 89' lang='lat' dir='ltr'><strong>et</strong></span> <span class='ocrx_word' id='word_1_293' title='bbox 1595 525 1785 559; x_wconf 85' lang='lat' dir='ltr'><strong>mandamus</strong></span> <span class='ocrx_word' id='word_1_294' title='bbox 1803 530 1833 560; x_wconf 87' lang='lat' dir='ltr'><strong>et</strong></span> <span class='ocrx_word' id='word_1_295' title='bbox 1852 536 1903 560; x_wconf 88' lang='lat' dir='ltr'><strong>ex-</strong></span> 
     </span>
     <span class='ocr_line' id='line_1_54' title="bbox 1166 577 1904 624; baseline 0.004 -14"><span class='ocrx_word' id='word_1_296' title='bbox 1166 587 1273 620; x_wconf 87' lang='lat' dir='ltr'><strong>presse</strong></span> <span class='ocrx_word' id='word_1_297' title='bbox 1299 577 1502 611; x_wconf 86' lang='lat' dir='ltr'><strong>inhibemus:</strong></span> <span class='ocrx_word' id='word_1_298' title='bbox 1540 588 1666 613; x_wconf 88' lang='lat' dir='ltr'><strong>necnon</strong></span> <span class='ocrx_word' id='word_1_299' title='bbox 1691 578 1774 623; x_wconf 84' lang='lat' dir='ltr'><strong>ipsas</strong></span> <span class='ocrx_word' id='word_1_300' title='bbox 1805 590 1904 624; x_wconf 88' lang='lat' dir='ltr'><strong>prae-</strong></span> 
     </span>
     <span class='ocr_line' id='line_1_55' title="bbox 1164 632 1900 678; baseline 0.004 -14"><span class='ocrx_word' id='word_1_301' title='bbox 1164 637 1268 664; x_wconf 83' lang='lat' dir='ltr'><strong>sentes</strong></span> <span class='ocrx_word' id='word_1_302' title='bbox 1294 632 1332 665; x_wconf 90' lang='lat' dir='ltr'><strong>de</strong></span> <span class='ocrx_word' id='word_1_303' title='bbox 1357 632 1586 676; x_wconf 82' lang='lat' dir='ltr'><strong>subreptionis,</strong></span> <span class='ocrx_word' id='word_1_304' title='bbox 1611 639 1666 667; x_wconf 88' lang='lat' dir='ltr'><strong>aut</strong></span> <span class='ocrx_word' id='word_1_305' title='bbox 1690 633 1900 678; x_wconf 89' lang='lat' dir='ltr'><strong>obreptionis,</strong></span> 
     </span>
     <span class='ocr_line' id='line_1_56' title="bbox 1165 679 1905 730; baseline 0.004 -13"><span class='ocrx_word' id='word_1_306' title='bbox 1165 695 1220 718; x_wconf 86' lang='lat' dir='ltr'><strong>scu</strong></span> <span class='ocrx_word' id='word_1_307' title='bbox 1246 695 1451 730; x_wconf 85' lang='lat' dir='ltr'><strong>quocumque</strong></span> <span class='ocrx_word' id='word_1_308' title='bbox 1483 686 1546 720; x_wconf 91' lang='lat' dir='ltr'><strong>alio</strong></span> <span class='ocrx_word' id='word_1_309' title='bbox 1572 686 1647 720; x_wconf 91' lang='lat' dir='ltr'><strong>vitio</strong></span> <span class='ocrx_word' id='word_1_310' title='bbox 1663 714 1670 728; x_wconf 91' lang='lat'><strong>,</strong></span> <span class='ocrx_word' id='word_1_311' title='bbox 1698 696 1753 720; x_wconf 89' lang='lat' dir='ltr'><strong>seu</strong></span> <span class='ocrx_word' id='word_1_312' title='bbox 1776 679 1905 721; x_wconf 88' lang='lat' dir='ltr'><strong>defectu</strong></span> 
     </span>
     <span class='ocr_line' id='line_1_57' title="bbox 1165 738 1901 784; baseline 0.004 -13"><span class='ocrx_word' id='word_1_313' title='bbox 1165 738 1268 772; x_wconf 86' lang='lat' dir='ltr'><strong>notari</strong></span> <span class='ocrx_word' id='word_1_314' title='bbox 1294 749 1356 772; x_wconf 84' lang='lat' dir='ltr'><strong>non</strong></span> <span class='ocrx_word' id='word_1_315' title='bbox 1381 749 1491 782; x_wconf 87' lang='lat' dir='ltr'><strong>posse;</strong></span> <span class='ocrx_word' id='word_1_316' title='bbox 1514 739 1690 784; x_wconf 86' lang='lat' dir='ltr'><strong>sicque‚·et</strong></span> <span class='ocrx_word' id='word_1_317' title='bbox 1710 750 1773 775; x_wconf 92' lang='lat' dir='ltr'><strong>non</strong></span> <span class='ocrx_word' id='word_1_318' title='bbox 1799 740 1901 782; x_wconf 87' lang='lat' dir='ltr'><strong>aliter,</strong></span> 
     </span>
     <span class='ocr_line' id='line_1_58' title="bbox 1165 792 1904 836; baseline 0.003 -12"><span class='ocrx_word' id='word_1_319' title='bbox 1165 802 1221 834; x_wconf 90' lang='lat' dir='ltr'><strong>per</strong></span> <span class='ocrx_word' id='word_1_320' title='bbox 1246 802 1466 836; x_wconf 83' lang='lat' dir='ltr'><strong>quoscumque</strong></span> <span class='ocrx_word' id='word_1_321' title='bbox 1499 792 1640 835; x_wconf 88' lang='lat' dir='ltr'><strong>iudices,</strong></span> <span class='ocrx_word' id='word_1_322' title='bbox 1669 804 1705 827; x_wconf 88' lang='lat' dir='ltr'><strong>ac</strong></span> <span class='ocrx_word' id='word_1_323' title='bbox 1737 804 1904 828; x_wconf 88' lang='lat' dir='ltr'><strong>causarum</strong></span> 
     </span>
     <span class='ocr_line' id='line_1_59' title="bbox 1165 844 1906 889; baseline 0.005 -12"><span class='ocrx_word' id='word_1_324' title='bbox 1165 844 1277 878; x_wconf 85' lang='lat' dir='ltr'><strong>Palatii</strong></span> <span class='ocrx_word' id='word_1_325' title='bbox 1303 845 1477 889; x_wconf 76' lang='lat' dir='ltr'><strong>Apostolici</strong></span> <span class='ocrx_word' id='word_1_326' title='bbox 1504 846 1667 881; x_wconf 88' lang='lat' dir='ltr'><strong>auditores</strong></span> <span class='ocrx_word' id='word_1_327' title='bbox 1685 874 1692 888; x_wconf 87' lang='lat'>‚</span> <span class='ocrx_word' id='word_1_328' title='bbox 1720 852 1752 881; x_wconf 88' lang='lat' dir='ltr'><strong>et</strong></span> <span class='ocrx_word' id='word_1_329' title='bbox 1776 852 1906 881; x_wconf 86' lang='lat' dir='ltr'><strong>sanctae</strong></span> 
     </span>
     <span class='ocr_line' id='line_1_60' title="bbox 1166 898 1906 943; baseline 0.004 -12"><span class='ocrx_word' id='word_1_330' title='bbox 1166 898 1330 932; x_wconf 82' lang='lat' dir='ltr'><strong>Romanae</strong></span> <span class='ocrx_word' id='word_1_331' title='bbox 1361 899 1519 933; x_wconf 87' lang='lat' dir='ltr'><strong>Ecclesiae</strong></span> <span class='ocrx_word' id='word_1_332' title='bbox 1547 900 1728 934; x_wconf 87' lang='lat' dir='ltr'><strong>cardinales</strong></span> <span class='ocrx_word' id='word_1_333' title='bbox 1756 899 1906 943; x_wconf 82' lang='lat' dir='ltr'><strong>(sublata</strong></span> 
     </span>
     <span class='ocr_line' id='line_1_61' title="bbox 1167 950 1905 997; baseline 0.005 -13"><span class='ocrx_word' id='word_1_334' title='bbox 1167 950 1211 984; x_wconf 91' lang='lat' dir='ltr'><strong>eis</strong></span> <span class='ocrx_word' id='word_1_335' title='bbox 1237 956 1268 985; x_wconf 90' lang='lat' dir='ltr'><strong>et</strong></span> <span class='ocrx_word' id='word_1_336' title='bbox 1295 962 1406 986; x_wconf 89' lang='lat' dir='ltr'><strong>eorum</strong></span> <span class='ocrx_word' id='word_1_337' title='bbox 1428 952 1559 987; x_wconf 89' lang='lat' dir='ltr'><strong>cuilibet</strong></span> <span class='ocrx_word' id='word_1_338' title='bbox 1579 953 1689 997; x_wconf 90' lang='lat' dir='ltr'><strong>quavis</strong></span> <span class='ocrx_word' id='word_1_339' title='bbox 1709 953 1802 988; x_wconf 86' lang='lat' dir='ltr'><strong>aliter</strong></span> <span class='ocrx_word' id='word_1_340' title='bbox 1822 953 1905 988; x_wconf 87' lang='lat' dir='ltr'><strong>iudi-</strong></span> 
     </span>
     <span class='ocr_line' id='line_1_62' title="bbox 1167 1004 1903 1050; baseline 0.005 -12"><span class='ocrx_word' id='word_1_341' title='bbox 1167 1004 1260 1038; x_wconf 84' lang='lat' dir='ltr'><strong>candi</strong></span> <span class='ocrx_word' id='word_1_342' title='bbox 1287 1011 1318 1038; x_wconf 89' lang='lat' dir='ltr'><strong>et</strong></span> <span class='ocrx_word' id='word_1_343' title='bbox 1338 1005 1571 1050; x_wconf 87' lang='lat' dir='ltr'><strong>interpretandi</strong></span> <span class='ocrx_word' id='word_1_344' title='bbox 1598 1006 1763 1049; x_wconf 84' lang='lat' dir='ltr'><strong>facultate,</strong></span> <span class='ocrx_word' id='word_1_345' title='bbox 1791 1013 1903 1042; x_wconf 86' lang='lat' dir='ltr'><strong>aucto-</strong></span> 
     </span>
     <span class='ocr_line' id='line_1_63' title="bbox 1168 1059 1906 1104; baseline 0.005 -12"><span class='ocrx_word' id='word_1_346' title='bbox 1168 1059 1261 1092; x_wconf 89' lang='lat' dir='ltr'><strong>ritate</strong></span> <span class='ocrx_word' id='word_1_347' title='bbox 1287 1065 1317 1093; x_wconf 90' lang='lat' dir='ltr'><strong>et</strong></span> <span class='ocrx_word' id='word_1_348' title='bbox 1341 1063 1535 1104; x_wconf 82' lang='lat' dir='ltr'><strong>potestate),</strong></span> <span class='ocrx_word' id='word_1_349' title='bbox 1564 1060 1698 1094; x_wconf 88' lang='lat' dir='ltr'><strong>iudicari</strong></span> <span class='ocrx_word' id='word_1_350' title='bbox 1724 1067 1755 1094; x_wconf 89' lang='lat' dir='ltr'><strong>et</strong></span> <span class='ocrx_word' id='word_1_351' title='bbox 1779 1061 1906 1096; x_wconf 85' lang='lat' dir='ltr'><strong>definiri</strong></span> 
     </span>
     <span class='ocr_line' id='line_1_64' title="bbox 1168 1112 1906 1158; baseline 0.005 -13"><span class='ocrx_word' id='word_1_352' title='bbox 1168 1112 1298 1153; x_wconf 87' lang='lat' dir='ltr'><strong>debere,</strong></span> <span class='ocrx_word' id='word_1_353' title='bbox 1319 1113 1444 1146; x_wconf 89' lang='lat' dir='ltr'><strong>irritum</strong></span> <span class='ocrx_word' id='word_1_354' title='bbox 1470 1124 1600 1158; x_wconf 85' lang='lat' dir='ltr'><strong>quoque</strong></span> <span class='ocrx_word' id='word_1_355' title='bbox 1626 1119 1656 1151; x_wconf 91' lang='lat' dir='ltr'><strong>et</strong></span> <span class='ocrx_word' id='word_1_356' title='bbox 1681 1115 1785 1157; x_wconf 88' lang='lat' dir='ltr'><strong>inane,</strong></span> <span class='ocrx_word' id='word_1_357' title='bbox 1809 1115 1835 1149; x_wconf 90' lang='lat' dir='ltr'><strong>si</strong></span> <span class='ocrx_word' id='word_1_358' title='bbox 1856 1127 1906 1150; x_wconf 89' lang='lat' dir='ltr'><strong>se-</strong></span> 
     </span>
     <span class='ocr_line' id='line_1_65' title="bbox 1168 1160 1903 1213; baseline 0.007 -14"><span class='ocrx_word' id='word_1_359' title='bbox 1168 1178 1223 1199; x_wconf 87' lang='lat' dir='ltr'><strong>cus</strong></span> <span class='ocrx_word' id='word_1_360' title='bbox 1248 1178 1344 1211; x_wconf 84' lang='lat' dir='ltr'><strong>super</strong></span> <span class='ocrx_word' id='word_1_361' title='bbox 1373 1167 1421 1201; x_wconf 86' lang='lat' dir='ltr'><strong>his</strong></span> <span class='ocrx_word' id='word_1_362' title='bbox 1447 1178 1464 1201; x_wconf 86' lang='lat' dir='ltr'><strong>a</strong></span> <span class='ocrx_word' id='word_1_363' title='bbox 1488 1179 1651 1212; x_wconf 87' lang='lat' dir='ltr'><strong>quoquam</strong></span> <span class='ocrx_word' id='word_1_364' title='bbox 1668 1160 1686 1210; x_wconf 44' lang='lat'><strong>‚⁴</strong></span> <span class='ocrx_word' id='word_1_365' title='bbox 1710 1169 1820 1213; x_wconf 88' lang='lat' dir='ltr'><strong>quavis</strong></span> <span class='ocrx_word' id='word_1_366' title='bbox 1845 1180 1903 1204; x_wconf 86' lang='lat' dir='ltr'><strong>au-</strong></span> 
     </span>
     <span class='ocr_line' id='line_1_66' title="bbox 1169 1220 1904 1265; baseline 0.007 -12"><span class='ocrx_word' id='word_1_367' title='bbox 1169 1220 1333 1261; x_wconf 84' lang='lat' dir='ltr'><strong>ctoritate,</strong></span> <span class='ocrx_word' id='word_1_368' title='bbox 1362 1220 1498 1255; x_wconf 84' lang='lat' dir='ltr'><strong>scienter</strong></span> <span class='ocrx_word' id='word_1_369' title='bbox 1523 1222 1571 1255; x_wconf 91' lang='lat' dir='ltr'><strong>vel</strong></span> <span class='ocrx_word' id='word_1_370' title='bbox 1594 1222 1796 1265; x_wconf 79' lang='lat' dir='ltr'><strong>ignoranter,</strong></span> <span class='ocrx_word' id='word_1_371' title='bbox 1825 1234 1904 1258; x_wconf 86' lang='lat' dir='ltr'><strong>con-</strong></span> 
     </span>
     <span class='ocr_line' id='line_1_67' title="bbox 1171 1273 1904 1317; baseline 0.007 -11"><span class='ocrx_word' id='word_1_372' title='bbox 1171 1273 1276 1317; x_wconf 72' lang='lat' dir='ltr'><strong>tigerit</strong></span> <span class='ocrx_word' id='word_1_373' title='bbox 1307 1275 1478 1316; x_wconf 87' lang='lat' dir='ltr'><strong>attentari,</strong></span> <span class='ocrx_word' id='word_1_374' title='bbox 1513 1275 1716 1310; x_wconf 86' lang='lat' dir='ltr'><strong>decernimus</strong></span> <span class='ocrx_word' id='word_1_375' title='bbox 1741 1282 1771 1311; x_wconf 90' lang='lat' dir='ltr'><strong>et</strong></span> <span class='ocrx_word' id='word_1_376' title='bbox 1795 1277 1904 1311; x_wconf 88' lang='lat' dir='ltr'><strong>decla-</strong></span> 
     </span>
     <span class='ocr_line' id='line_1_68' title="bbox 1169 1328 1908 1366; baseline 0.008 -6"><span class='ocrx_word' id='word_1_377' title='bbox 1169 1339 1285 1361; x_wconf 83' lang='lat' dir='ltr'><strong>ramus.</strong></span> <span class='ocrx_word' id='word_1_378' title='bbox 1323 1329 1391 1362; x_wconf 83' lang='lat' dir='ltr'><strong>Non</strong></span> <span class='ocrx_word' id='word_1_379' title='bbox 1417 1328 1618 1363; x_wconf 84' lang='lat' dir='ltr'><strong>obstantibus</strong></span> <span class='ocrx_word' id='word_1_380' title='bbox 1643 1330 1758 1364; x_wconf 89' lang='lat' dir='ltr'><strong>litteris</strong></span> <span class='ocrx_word' id='word_1_381' title='bbox 1783 1337 1813 1365; x_wconf 89' lang='lat' dir='ltr'><strong>et</strong></span> <span class='ocrx_word' id='word_1_382' title='bbox 1837 1331 1908 1366; x_wconf 85' lang='lat' dir='ltr'><strong>aliis</strong></span> 
     </span>
     <span class='ocr_line' id='line_1_69' title="bbox 1169 1381 1908 1426; baseline 0.008 -12"><span class='ocrx_word' id='word_1_383' title='bbox 1169 1381 1371 1426; x_wconf 83' lang='lat' dir='ltr'><strong>praemissis,</strong></span> <span class='ocrx_word' id='word_1_384' title='bbox 1401 1394 1436 1416; x_wconf 85' lang='lat' dir='ltr'><strong>ac</strong></span> <span class='ocrx_word' id='word_1_385' title='bbox 1462 1383 1744 1418; x_wconf 88' lang='lat' dir='ltr'><strong>constitutionibus</strong></span> <span class='ocrx_word' id='word_1_386' title='bbox 1769 1391 1799 1419; x_wconf 87' lang='lat' dir='ltr'><strong>et</strong></span> <span class='ocrx_word' id='word_1_387' title='bbox 1823 1385 1908 1420; x_wconf 90' lang='lat' dir='ltr'><strong>ordi-</strong></span> 
     </span>
     <span class='ocr_line' id='line_1_70' title="bbox 1169 1436 1905 1484; baseline 0.007 -15"><span class='ocrx_word' id='word_1_388' title='bbox 1169 1436 1353 1475; x_wconf 83' lang='lat' dir='ltr'><strong>nationibus</strong></span> <span class='ocrx_word' id='word_1_389' title='bbox 1386 1437 1570 1481; x_wconf 84' lang='lat' dir='ltr'><strong>apostolicis</strong></span> <span class='ocrx_word' id='word_1_390' title='bbox 1603 1438 1802 1484; x_wconf 83' lang='lat' dir='ltr'><strong>caeterisque</strong></span> <span class='ocrx_word' id='word_1_391' title='bbox 1826 1450 1905 1474; x_wconf 78' lang='lat' dir='ltr'><strong>con-</strong></span> 
     </span>
     <span class='ocr_line' id='line_1_71' title="bbox 1169 1490 1910 1535; baseline 0.005 -11"><span class='ocrx_word' id='word_1_392' title='bbox 1169 1490 1274 1524; x_wconf 84' lang='lat' dir='ltr'><strong>trariis</strong></span> <span class='ocrx_word' id='word_1_393' title='bbox 1316 1490 1583 1535; x_wconf 83' lang='lat' dir='ltr'><strong>quibuscumque.</strong></span> <span class='ocrx_word' id='word_1_394' title='bbox 1631 1492 1744 1526; x_wconf 75' lang='lat' dir='ltr'><strong>Datum</strong></span> <span class='ocrx_word' id='word_1_395' title='bbox 1789 1493 1910 1528; x_wconf 86' lang='lat' dir='ltr'><strong>Romae</strong></span> 
     </span>
     <span class='ocr_line' id='line_1_72' title="bbox 1170 1544 1909 1588; baseline 0.004 -10"><span class='ocrx_word' id='word_1_396' title='bbox 1170 1544 1254 1588; x_wconf 88' lang='lat' dir='ltr'><strong>apud</strong></span> <span class='ocrx_word' id='word_1_397' title='bbox 1275 1550 1420 1578; x_wconf 88' lang='lat' dir='ltr'><strong>sanctum</strong></span> <span class='ocrx_word' id='word_1_398' title='bbox 1447 1544 1598 1587; x_wconf 87' lang='lat' dir='ltr'><strong>Petrum,</strong></span> <span class='ocrx_word' id='word_1_399' title='bbox 1627 1545 1685 1579; x_wconf 88' lang='lat' dir='ltr'><strong>sub</strong></span> <span class='ocrx_word' id='word_1_400' title='bbox 1712 1547 1833 1581; x_wconf 86' lang='lat' dir='ltr'><strong>annulo</strong></span> <span class='ocrx_word' id='word_1_401' title='bbox 1857 1547 1909 1581; x_wconf 77' lang='lat' dir='ltr'><strong>Pi-</strong></span> 
     </span>
     <span class='ocr_line' id='line_1_73' title="bbox 1170 1598 1910 1645; baseline 0.008 -15"><span class='ocrx_word' id='word_1_402' title='bbox 1170 1598 1313 1637; x_wconf 82' lang='lat' dir='ltr'><strong>scatoris,</strong></span> <span class='ocrx_word' id='word_1_403' title='bbox 1334 1598 1385 1631; x_wconf 89' lang='lat' dir='ltr'><strong>die</strong></span> <span class='ocrx_word' id='word_1_404' title='bbox 1407 1608 1488 1632; x_wconf 78' lang='lat' dir='ltr'><strong>xxm</strong></span> <span class='ocrx_word' id='word_1_405' title='bbox 1510 1598 1651 1632; x_wconf 84' lang='lat' dir='ltr'><strong>octobris</strong></span> <span class='ocrx_word' id='word_1_406' title='bbox 1669 1610 1812 1642; x_wconf 63' lang='lat' dir='ltr'><strong>nnmvn,</strong></span> <span class='ocrx_word' id='word_1_407' title='bbox 1833 1611 1910 1645; x_wconf 89' lang='lat' dir='ltr'><strong>pon-</strong></span> 
     </span>
     <span class='ocr_line' id='line_1_74' title="bbox 1171 1651 1604 1686; baseline 0 -1"><span class='ocrx_word' id='word_1_408' title='bbox 1171 1651 1306 1685; x_wconf 81' lang='lat' dir='ltr'><strong>tificatus</strong></span> <span class='ocrx_word' id='word_1_409' title='bbox 1327 1651 1427 1685; x_wconf 89' lang='lat' dir='ltr'><strong>nostri</strong></span> <span class='ocrx_word' id='word_1_410' title='bbox 1448 1662 1532 1685; x_wconf 89' lang='lat' dir='ltr'><strong>anno</strong></span> <span class='ocrx_word' id='word_1_411' title='bbox 1555 1651 1604 1686; x_wconf 74' lang='grc' dir='ltr'><strong>μ’.</strong></span> 
     </span>
    </p>

    <p class='ocr_par' dir='ltr' id='par_1_7' title="bbox 1172 1704 2108 2449">
     <span class='ocr_line' id='line_1_75' title="bbox 1215 1704 2107 1749; baseline 0.006 -11"><span class='ocrx_word' id='word_1_412' title='bbox 1215 1707 1230 1747; x_wconf 65' lang='grc' dir='ltr'>ξ</span> <span class='ocrx_word' id='word_1_413' title='bbox 1252 1704 1281 1738; x_wconf 81' lang='lat'><strong>3.</strong></span> <span class='ocrx_word' id='word_1_414' title='bbox 1306 1705 1486 1739; x_wconf 83' lang='lat' dir='ltr'><strong>Successive</strong></span> <span class='ocrx_word' id='word_1_415' title='bbox 1514 1716 1586 1739; x_wconf 80' lang='lat' dir='ltr'><strong>vero</strong></span> <span class='ocrx_word' id='word_1_416' title='bbox 1612 1706 1732 1741; x_wconf 86' lang='lat' dir='ltr'><strong>eisdem</strong></span> <span class='ocrx_word' id='word_1_417' title='bbox 1753 1709 1908 1743; x_wconf 86' lang='lat' dir='ltr'><strong>senatori·</strong></span> <span class='ocrx_word' id='word_1_418' title='bbox 1937 1718 2107 1749; x_wconf 63' lang='lat' dir='ltr'><strong>Eamdernsacut-</strong></span> 
     </span>
     <span class='ocr_line' id='line_1_76' title="bbox 1172 1745 2108 1808; baseline 0.007 -17"><span class='ocrx_word' id='word_1_419' title='bbox 1172 1759 1229 1792; x_wconf 89' lang='lat' dir='ltr'><strong>bus</strong></span> <span class='ocrx_word' id='word_1_420' title='bbox 1254 1759 1368 1792; x_wconf 89' lang='lat' dir='ltr'><strong>iterum</strong></span> <span class='ocrx_word' id='word_1_421' title='bbox 1394 1759 1491 1792; x_wconf 87' lang='lat' dir='ltr'><strong>simili</strong></span> <span class='ocrx_word' id='word_1_422' title='bbox 1516 1760 1664 1794; x_wconf 83' lang='lat' dir='ltr'><strong>facultate</strong></span> <span class='ocrx_word' id='word_1_423' title='bbox 1684 1771 1742 1805; x_wconf 89' lang='lat' dir='ltr'><strong>per</strong></span> <span class='ocrx_word' id='word_1_424' title='bbox 1761 1745 2108 1808; x_wconf 47' lang='lat' dir='ltr'><strong>1·e0013n-l}¹=ic¹2÷}a÷i¹&#39;}els</strong></span> 
     </span>
     <span class='ocr_line' id='line_1_77' title="bbox 1172 1800 2108 1859; baseline 0.001 -14"><span class='ocrx_word' id='word_1_425' title='bbox 1172 1812 1230 1845; x_wconf 91' lang='lat' dir='ltr'><strong>dae</strong></span> <span class='ocrx_word' id='word_1_426' title='bbox 1262 1812 1438 1846; x_wconf 88' lang='lat' dir='ltr'><strong>memoriae</strong></span> <span class='ocrx_word' id='word_1_427' title='bbox 1460 1812 1582 1847; x_wconf 83' lang='lat' dir='ltr'><strong>Sixtum</strong></span> <span class='ocrx_word' id='word_1_428' title='bbox 1608 1814 1723 1859; x_wconf 87' lang='lat' dir='ltr'><strong>Papam</strong></span> <span class='ocrx_word' id='word_1_429' title='bbox 1750 1815 1784 1856; x_wconf 87' lang='lat' dir='ltr'><strong>V,</strong></span> <span class='ocrx_word' id='word_1_430' title='bbox 1813 1816 1908 1850; x_wconf 87' lang='lat' dir='ltr'><strong>etiam</strong></span> <span class='ocrx_word' id='word_1_431' title='bbox 1924 1800 2108 1848; x_wconf 54' lang='lat' dir='ltr'><strong>biffli&#39;fflllif‘</strong></span> 
     </span>
     <span class='ocr_line' id='line_1_78' title="bbox 1172 1866 1910 1910; baseline 0.008 -12"><span class='ocrx_word' id='word_1_432' title='bbox 1172 1866 1451 1910; x_wconf 84' lang='lat' dir='ltr'><strong>praedecessorem</strong></span> <span class='ocrx_word' id='word_1_433' title='bbox 1482 1871 1646 1908; x_wconf 84' lang='lat' dir='ltr'><strong>nostrum,</strong></span> <span class='ocrx_word' id='word_1_434' title='bbox 1671 1871 1845 1910; x_wconf 77' lang='lat' dir='ltr'><strong>concessa,</strong></span> <span class='ocrx_word' id='word_1_435' title='bbox 1879 1875 1910 1904; x_wconf 86' lang='lat' dir='ltr'><strong>et</strong></span> 
     </span>
     <span class='ocr_line' id='line_1_79' title="bbox 1172 1919 1910 1963; baseline 0.008 -11"><span class='ocrx_word' id='word_1_436' title='bbox 1172 1924 1284 1963; x_wconf 78' lang='lat' dir='ltr'><strong>postea</strong></span> <span class='ocrx_word' id='word_1_437' title='bbox 1304 1919 1424 1953; x_wconf 86' lang='lat' dir='ltr'><strong>eisdem</strong></span> <span class='ocrx_word' id='word_1_438' title='bbox 1450 1920 1489 1953; x_wconf 88' lang='lat' dir='ltr'><strong>de</strong></span> <span class='ocrx_word' id='word_1_439' title='bbox 1515 1920 1618 1954; x_wconf 85' lang='lat' dir='ltr'><strong>causis</strong></span> <span class='ocrx_word' id='word_1_440' title='bbox 1642 1932 1660 1955; x_wconf 90' lang='lat' dir='ltr'><strong>a</strong></span> <span class='ocrx_word' id='word_1_441' title='bbox 1684 1921 1797 1956; x_wconf 89' lang='lat' dir='ltr'><strong>similis</strong></span> <span class='ocrx_word' id='word_1_442' title='bbox 1818 1933 1910 1958; x_wconf 90' lang='lat' dir='ltr'><strong>reco-</strong></span> 
     </span>
     <span class='ocr_line' id='line_1_80' title="bbox 1172 1973 1911 2022; baseline 0.007 -16"><span class='ocrx_word' id='word_1_443' title='bbox 1172 1973 1286 2020; x_wconf 83' lang='lat' dir='ltr'><strong>lendae</strong></span> <span class='ocrx_word' id='word_1_444' title='bbox 1301 1973 1477 2007; x_wconf 83' lang='lat' dir='ltr'><strong>memoriae</strong></span> <span class='ocrx_word' id='word_1_445' title='bbox 1490 1973 1644 2017; x_wconf 75' lang='lat' dir='ltr'><strong>Gregorio</strong></span> <span class='ocrx_word' id='word_1_446' title='bbox 1658 1975 1743 2020; x_wconf 85' lang='lat' dir='ltr'><strong>Papa</strong></span> <span class='ocrx_word' id='word_1_447' title='bbox 1762 1975 1838 2018; x_wconf 76' lang='lat' dir='ltr'><strong>XIV,</strong></span> <span class='ocrx_word' id='word_1_448' title='bbox 1855 1988 1911 2022; x_wconf 87' lang='lat' dir='ltr'><strong>pa-</strong></span> 
     </span>
     <span class='ocr_line' id='line_1_81' title="bbox 1174 2028 1911 2072; baseline 0.008 -12"><span class='ocrx_word' id='word_1_449' title='bbox 1174 2028 1250 2061; x_wconf 85' lang='lat' dir='ltr'><strong>riter</strong></span> <span class='ocrx_word' id='word_1_450' title='bbox 1276 2028 1522 2072; x_wconf 85' lang='lat' dir='ltr'><strong>praedecessore</strong></span> <span class='ocrx_word' id='word_1_451' title='bbox 1547 2034 1677 2070; x_wconf 89' lang='lat' dir='ltr'><strong>nostro,</strong></span> <span class='ocrx_word' id='word_1_452' title='bbox 1698 2029 1811 2064; x_wconf 89' lang='lat' dir='ltr'><strong>litteris</strong></span> <span class='ocrx_word' id='word_1_453' title='bbox 1828 2030 1911 2066; x_wconf 89' lang='lat' dir='ltr'><strong>eius-</strong></span> 
     </span>
     <span class='ocr_line' id='line_1_82' title="bbox 1173 2081 1911 2126; baseline 0.007 -12"><span class='ocrx_word' id='word_1_454' title='bbox 1173 2082 1245 2114; x_wconf 91' lang='lat' dir='ltr'><strong>dem</strong></span> <span class='ocrx_word' id='word_1_455' title='bbox 1267 2081 1412 2124; x_wconf 81' lang='lat' dir='ltr'><strong>Gregorii</strong></span> <span class='ocrx_word' id='word_1_456' title='bbox 1430 2081 1697 2126; x_wconf 89' lang='lat' dir='ltr'><strong>praedecessoris,</strong></span> <span class='ocrx_word' id='word_1_457' title='bbox 1721 2087 1823 2118; x_wconf 77' lang='lat' dir='ltr'><strong>morte</strong></span> <span class='ocrx_word' id='word_1_458' title='bbox 1843 2084 1911 2119; x_wconf 88' lang='lat' dir='ltr'><strong>eius</strong></span> 
     </span>
     <span class='ocr_line' id='line_1_83' title="bbox 1172 2135 1907 2181; baseline 0.008 -14"><span class='ocrx_word' id='word_1_459' title='bbox 1172 2135 1418 2179; x_wconf 85' lang='lat' dir='ltr'><strong>superveniente</strong></span> <span class='ocrx_word' id='word_1_460' title='bbox 1448 2135 1581 2170; x_wconf 87' lang='lat' dir='ltr'><strong>minime</strong></span> <span class='ocrx_word' id='word_1_461' title='bbox 1605 2137 1782 2181; x_wconf 82' lang='lat' dir='ltr'><strong>expeditis,</strong></span> <span class='ocrx_word' id='word_1_462' title='bbox 1813 2149 1907 2173; x_wconf 90' lang='lat' dir='ltr'><strong>revo-</strong></span> 
     </span>
     <span class='ocr_line' id='line_1_84' title="bbox 1173 2189 1906 2234; baseline 0.007 -12"><span class='ocrx_word' id='word_1_463' title='bbox 1173 2192 1263 2230; x_wconf 80' lang='lat' dir='ltr'><strong>cata,</strong></span> <span class='ocrx_word' id='word_1_464' title='bbox 1292 2201 1308 2223; x_wconf 85' lang='lat' dir='ltr'><strong>a</strong></span> <span class='ocrx_word' id='word_1_465' title='bbox 1333 2189 1445 2223; x_wconf 88' lang='lat' dir='ltr'><strong>similis</strong></span> <span class='ocrx_word' id='word_1_466' title='bbox 1479 2201 1608 2234; x_wconf 83' lang='lat' dir='ltr'><strong>quoque</strong></span> <span class='ocrx_word' id='word_1_467' title='bbox 1634 2192 1810 2226; x_wconf 88' lang='lat' dir='ltr'><strong>memoriae</strong></span> <span class='ocrx_word' id='word_1_468' title='bbox 1836 2191 1906 2227; x_wconf 88' lang='lat' dir='ltr'><strong>Cle-</strong></span> 
     </span>
     <span class='ocr_line' id='line_1_85' title="bbox 1174 2244 1922 2289; baseline 0.007 -13"><span class='ocrx_word' id='word_1_469' title='bbox 1174 2250 1279 2278; x_wconf 90' lang='lat' dir='ltr'><strong>mente</strong></span> <span class='ocrx_word' id='word_1_470' title='bbox 1316 2244 1401 2288; x_wconf 80' lang='lat' dir='ltr'><strong>Papa</strong></span> <span class='ocrx_word' id='word_1_471' title='bbox 1425 2245 1511 2285; x_wconf 86' lang='lat' dir='ltr'><strong>VIII,</strong></span> <span class='ocrx_word' id='word_1_472' title='bbox 1545 2244 1639 2278; x_wconf 89' lang='lat' dir='ltr'><strong>etiam</strong></span> <span class='ocrx_word' id='word_1_473' title='bbox 1664 2246 1922 2289; x_wconf 75' lang='lat' dir='ltr'><strong>praedecessore</strong></span> 
     </span>
     <span class='ocr_line' id='line_1_86' title="bbox 1174 2298 1912 2343; baseline 0.005 -13"><span class='ocrx_word' id='word_1_474' title='bbox 1174 2303 1303 2338; x_wconf 88' lang='lat' dir='ltr'><strong>nostro,</strong></span> <span class='ocrx_word' id='word_1_475' title='bbox 1332 2298 1414 2332; x_wconf 85' lang='lat' dir='ltr'><strong>aliae</strong></span> <span class='ocrx_word' id='word_1_476' title='bbox 1440 2298 1564 2333; x_wconf 89' lang='lat' dir='ltr'><strong>litterae</strong></span> <span class='ocrx_word' id='word_1_477' title='bbox 1588 2309 1684 2343; x_wconf 89' lang='lat' dir='ltr'><strong>super</strong></span> <span class='ocrx_word' id='word_1_478' title='bbox 1708 2299 1912 2334; x_wconf 87' lang='lat' dir='ltr'><strong>revocatione</strong></span> 
     </span>
     <span class='ocr_line' id='line_1_87' title="bbox 1175 2351 1913 2397; baseline 0.005 -14"><span class='ocrx_word' id='word_1_479' title='bbox 1175 2351 1287 2385; x_wconf 91' lang='lat' dir='ltr'><strong>ultimo</strong></span> <span class='ocrx_word' id='word_1_480' title='bbox 1313 2351 1397 2385; x_wconf 82' lang='lat' dir='ltr'><strong>dicta</strong></span> <span class='ocrx_word' id='word_1_481' title='bbox 1423 2358 1635 2394; x_wconf 82' lang='lat' dir='ltr'><strong>emanarunt,</strong></span> <span class='ocrx_word' id='word_1_482' title='bbox 1658 2363 1794 2397; x_wconf 89' lang='lat' dir='ltr'><strong>quarum</strong></span> <span class='ocrx_word' id='word_1_483' title='bbox 1821 2358 1913 2387; x_wconf 88' lang='lat' dir='ltr'><strong>tenor</strong></span> 
     </span>
     <span class='ocr_line' id='line_1_88' title="bbox 1175 2405 1504 2449; baseline 0.003 -11"><span class='ocrx_word' id='word_1_484' title='bbox 1175 2411 1241 2445; x_wconf 85' lang='lat' dir='ltr'><strong>est,</strong></span> <span class='ocrx_word' id='word_1_485' title='bbox 1266 2405 1321 2449; x_wconf 89' lang='lat' dir='ltr'><strong>qui</strong></span> <span class='ocrx_word' id='word_1_486' title='bbox 1345 2406 1504 2449; x_wconf 84' lang='lat' dir='ltr'><strong>seqnitur:</strong></span> 
     </span>
    </p>

    <p class='ocr_par' dir='ltr' id='par_1_8' title="bbox 1176 2458 1914 2609">
     <span class='ocr_line' id='line_1_89' title="bbox 1221 2458 1914 2503; baseline 0.001 -11"><span class='ocrx_word' id='word_1_487' title='bbox 1221 2458 1367 2492; x_wconf 78' lang='lat' dir='ltr'><strong>Clemens</strong></span> <span class='ocrx_word' id='word_1_488' title='bbox 1391 2459 1487 2502; x_wconf 79' lang='lat' dir='ltr'><strong>Papa</strong></span> <span class='ocrx_word' id='word_1_489' title='bbox 1517 2458 1609 2500; x_wconf 85' lang='lat' dir='ltr'><strong>VIII,</strong></span> <span class='ocrx_word' id='word_1_490' title='bbox 1629 2458 1671 2492; x_wconf 78' lang='lat' dir='ltr'><strong>acl</strong></span> <span class='ocrx_word' id='word_1_491' title='bbox 1695 2460 1841 2503; x_wconf 80' lang='lat' dir='ltr'><strong>suturam</strong></span> <span class='ocrx_word' id='word_1_492' title='bbox 1867 2460 1914 2493; x_wconf 79' lang='lat' dir='ltr'><strong>rei</strong></span> 
     </span>
     <span class='ocr_line' id='line_1_90' title="bbox 1177 2511 1910 2555; baseline 0.005 -12"><span class='ocrx_word' id='word_1_493' title='bbox 1177 2511 1377 2545; x_wconf 75' lang='lat' dir='ltr'><strong>memoriam.</strong></span> <span class='ocrx_word' id='word_1_494' title='bbox 1415 2512 1541 2546; x_wconf 86' lang='lat' dir='ltr'><strong>Rationi</strong></span> <span class='ocrx_word' id='word_1_495' title='bbox 1580 2512 1728 2555; x_wconf 82' lang='lat' dir='ltr'><strong>congruit</strong></span> <span class='ocrx_word' id='word_1_496' title='bbox 1763 2518 1793 2546; x_wconf 94' lang='lat' dir='ltr'><strong>et</strong></span> <span class='ocrx_word' id='word_1_497' title='bbox 1830 2523 1910 2547; x_wconf 88' lang='lat' dir='ltr'><strong>con-</strong></span> 
     </span>
     <span class='ocr_line' id='line_1_91' title="bbox 1176 2563 1912 2609; baseline 0.004 -12"><span class='ocrx_word' id='word_1_498' title='bbox 1176 2564 1261 2598; x_wconf 87' lang='lat' dir='ltr'><strong>venit</strong></span> <span class='ocrx_word' id='word_1_499' title='bbox 1284 2563 1452 2607; x_wconf 88' lang='lat' dir='ltr'><strong>honestati,</strong></span> <span class='ocrx_word' id='word_1_500' title='bbox 1476 2571 1511 2598; x_wconf 92' lang='lat' dir='ltr'><strong>ut</strong></span> <span class='ocrx_word' id='word_1_501' title='bbox 1536 2575 1582 2607; x_wconf 86' lang='lat' dir='ltr'><strong>ea,</strong></span> <span class='ocrx_word' id='word_1_502' title='bbox 1607 2576 1689 2609; x_wconf 86' lang='lat' dir='ltr'><strong>quae</strong></span> <span class='ocrx_word' id='word_1_503' title='bbox 1714 2566 1753 2600; x_wconf 85' lang='lat' dir='ltr'><strong>de</strong></span> <span class='ocrx_word' id='word_1_504' title='bbox 1778 2566 1912 2600; x_wconf 89' lang='lat' dir='ltr'><strong>Romani</strong></span> 
     </span>
    </p>
   </div>
   <div class='ocr_carea' id='block_1_7' title="bbox 1174 2635 1911 2718">
    <p class='ocr_par' dir='ltr' id='par_1_9' title="bbox 1174 2635 1911 2718">
     <span class='ocr_line' id='line_1_92' title="bbox 1211 2635 1911 2666; baseline 0.006 -4"><span class='ocrx_word' id='word_1_505' title='bbox 1211 2636 1220 2662; x_wconf 89' lang='lat'>1</span> <span class='ocrx_word' id='word_1_506' title='bbox 1246 2635 1397 2664; x_wconf 83' lang='lat' dir='ltr'><strong>Istiusmodi</strong></span> <span class='ocrx_word' id='word_1_507' title='bbox 1415 2637 1569 2665; x_wconf 88' lang='lat' dir='ltr'><strong>constitutio</strong></span> <span class='ocrx_word' id='word_1_508' title='bbox 1580 2636 1607 2664; x_wconf 90' lang='lat' dir='ltr'><strong>in</strong></span> <span class='ocrx_word' id='word_1_509' title='bbox 1623 2637 1757 2665; x_wconf 74' lang='lat' dir='ltr'><strong>Bullario</strong></span> <span class='ocrx_word' id='word_1_510' title='bbox 1773 2637 1822 2665; x_wconf 88' lang='lat' dir='ltr'><strong>sub</strong></span> <span class='ocrx_word' id='word_1_511' title='bbox 1838 2639 1911 2666; x_wconf 86' lang='lat' dir='ltr'><strong>Pon-</strong></span> 
     </span>
     <span class='ocr_line' id='line_1_93' title="bbox 1174 2679 1741 2718; baseline 0 -9"><span class='ocrx_word' id='word_1_512' title='bbox 1174 2679 1278 2709; x_wconf 75' lang='lat' dir='ltr'><strong>tificatu</strong></span> <span class='ocrx_word' id='word_1_513' title='bbox 1299 2681 1338 2709; x_wconf 85' lang='lat' dir='ltr'><strong>Pii</strong></span> <span class='ocrx_word' id='word_1_514' title='bbox 1357 2681 1376 2709; x_wconf 91' lang='lat' dir='ltr'>V</span> <span class='ocrx_word' id='word_1_515' title='bbox 1396 2689 1449 2710; x_wconf 85' lang='lat' dir='ltr'><strong>non</strong></span> <span class='ocrx_word' id='word_1_516' title='bbox 1470 2681 1622 2711; x_wconf 84' lang='lat' dir='ltr'><strong>habebatur</strong></span> <span class='ocrx_word' id='word_1_517' title='bbox 1636 2682 1676 2718; x_wconf 77' lang='lat' dir='ltr'><strong>(a.</strong></span> <span class='ocrx_word' id='word_1_518' title='bbox 1693 2683 1741 2718; x_wconf 83' lang='grc' dir='ltr'>τ.).</span> 
     </span>
    </p>
   </div>
   <div class='ocr_carea' id='block_1_8' title="bbox 2129 0 2227 3241">
    <p class='ocr_par' dir='ltr' id='par_1_10' title="bbox 2129 0 2227 3241">
     <span class='ocr_line' id='line_1_94' title="bbox 2129 0 2227 3241; baseline 0 0"><span class='ocrx_word' id='word_1_519' title='bbox 2129 0 2227 3241; x_wconf 95' lang='lat' dir='ltr'><strong> </strong></span> 
     </span>
    </p>
   </div>
  </div>
 </body>
</html>
