<?xml version="1.0" encoding="UTF-8"?>
<!DOCTYPE html PUBLIC "-//W3C//DTD XHTML 1.0 Transitional//EN"
    "http://www.w3.org/TR/xhtml1/DTD/xhtml1-transitional.dtd">
<html xmlns="http://www.w3.org/1999/xhtml" xml:lang="en" lang="en">
 <head>
  <title>
</title>
<meta http-equiv="Content-Type" content="text/html;charset=utf-8" />
  <meta name='ocr-system' content='tesseract 3.04.00' />
  <meta name='ocr-capabilities' content='ocr_page ocr_carea ocr_par ocr_line ocrx_word'/>
</head>
<body>
  <div class='ocr_page' id='page_1' title='image "./bullarumdiplomat11cath_0430.png"; bbox 0 0 2227 3241; ppageno 0'>
   <div class='ocr_carea' id='block_1_1' title="bbox 253 269 1193 362">
    <p class='ocr_par' dir='ltr' id='par_1_1' title="bbox 253 269 1193 362">
     <span class='ocr_line' id='line_1_1' title="bbox 254 269 436 298; baseline 0.016 -4"><span class='ocrx_word' id='word_1_1' title='bbox 254 269 301 295; x_wconf 73' lang='lat' dir='ltr'>An.</span> <span class='ocrx_word' id='word_1_2' title='bbox 321 270 350 298; x_wconf 91' lang='lat' dir='ltr'>C.</span> <span class='ocrx_word' id='word_1_3' title='bbox 368 269 436 297; x_wconf 75' lang='lat'>1607</span> 
     </span>
     <span class='ocr_line' id='line_1_2' title="bbox 253 318 1193 362; baseline 0.003 -11"><span class='ocrx_word' id='word_1_4' title='bbox 253 341 325 356; x_wconf 61' lang='lat' dir='ltr'>mm„</span> <span class='ocrx_word' id='word_1_5' title='bbox 348 337 373 357; x_wconf 64' lang='lat' dir='ltr'>u»</span> <span class='ocrx_word' id='word_1_6' title='bbox 396 343 438 357; x_wconf 62' lang='lat' dir='ltr'>mu.</span> <span class='ocrx_word' id='word_1_7' title='bbox 454 324 483 351; x_wconf 87' lang='lat' dir='ltr'>et</span> <span class='ocrx_word' id='word_1_8' title='bbox 505 318 722 362; x_wconf 79' lang='lat' dir='ltr'>Neapolitana,</span> <span class='ocrx_word' id='word_1_9' title='bbox 740 318 792 351; x_wconf 87' lang='lat' dir='ltr'>alii</span> <span class='ocrx_word' id='word_1_10' title='bbox 810 329 884 352; x_wconf 78' lang='lat' dir='ltr'>vero</span> <span class='ocrx_word' id='word_1_11' title='bbox 898 330 934 352; x_wconf 85' lang='lat' dir='ltr'>ex</span> <span class='ocrx_word' id='word_1_12' title='bbox 953 318 1085 361; x_wconf 74' lang='lat' dir='ltr'>Veneta,</span> <span class='ocrx_word' id='word_1_13' title='bbox 1102 320 1193 354; x_wconf 76' lang='lat' dir='ltr'>Lorn-</span> 
     </span>
    </p>
   </div>
   <div class='ocr_carea' id='block_1_2' title="bbox 248 1565 433 1665">
    <p class='ocr_par' dir='ltr' id='par_1_2' title="bbox 248 1565 433 1665">
     <span class='ocr_line' id='line_1_3' title="bbox 278 1565 433 1587; baseline 0 -2"><span class='ocrx_word' id='word_1_14' title='bbox 278 1565 386 1587; x_wconf 54' lang='lat' dir='ltr'>4bbatum.</span> <span class='ocrx_word' id='word_1_15' title='bbox 398 1567 433 1585; x_wconf 71' lang='lat' dir='ltr'>etc.</span> 
     </span>
     <span class='ocr_line' id='line_1_4' title="bbox 248 1592 432 1618; baseline -0.005 -7"><span class='ocrx_word' id='word_1_16' title='bbox 248 1598 346 1612; x_wconf 80' lang='lat' dir='ltr'>numerus</span> <span class='ocrx_word' id='word_1_17' title='bbox 362 1592 405 1618; x_wconf 76' lang='lat' dir='ltr'>qui,</span> <span class='ocrx_word' id='word_1_18' title='bbox 414 1594 432 1611; x_wconf 81' lang='lat' dir='ltr'>et</span> 
     </span>
     <span class='ocr_line' id='line_1_5' title="bbox 248 1619 433 1644; baseline 0.011 -7"><span class='ocrx_word' id='word_1_19' title='bbox 248 1624 303 1643; x_wconf 81' lang='lat' dir='ltr'>quae</span> <span class='ocrx_word' id='word_1_20' title='bbox 342 1619 433 1644; x_wconf 79' lang='lat' dir='ltr'>ipsorum</span> 
     </span>
     <span class='ocr_line' id='line_1_6' title="bbox 248 1645 332 1665; baseline 0.012 -1"><span class='ocrx_word' id='word_1_21' title='bbox 248 1645 332 1665; x_wconf 75' lang='lat' dir='ltr'>electio.</span> 
     </span>
    </p>
   </div>
   <div class='ocr_carea' id='block_1_3' title="bbox 249 2312 435 2365">
    <p class='ocr_par' dir='ltr' id='par_1_3' title="bbox 249 2312 435 2365">
     <span class='ocr_line' id='line_1_7' title="bbox 275 2312 434 2335; baseline 0.013 -2"><span class='ocrx_word' id='word_1_22' title='bbox 275 2312 368 2333; x_wconf 57' lang='lat' dir='ltr'>Abbati-s</span> <span class='ocrx_word' id='word_1_23' title='bbox 378 2319 390 2333; x_wconf 83' lang='lat' dir='ltr'>a</span> <span class='ocrx_word' id='word_1_24' title='bbox 399 2314 434 2335; x_wconf 82' lang='lat' dir='ltr'>de-</span> 
     </span>
     <span class='ocr_line' id='line_1_8' title="bbox 249 2340 435 2365; baseline 0.011 -6"><span class='ocrx_word' id='word_1_25' title='bbox 249 2340 340 2360; x_wconf 75' lang='lat' dir='ltr'>l‘untorto</span> <span class='ocrx_word' id='word_1_26' title='bbox 357 2341 435 2365; x_wconf 62' lang='lat' dir='ltr'>etigun-</span> 
     </span>
    </p>
   </div>
   <div class='ocr_carea' id='block_1_4' title="bbox 485 260 548 294">
    <p class='ocr_par' dir='ltr' id='par_1_4' title="bbox 485 260 548 294">
     <span class='ocr_line' id='line_1_9' title="bbox 485 260 548 294; baseline -0.016 0"><span class='ocrx_word' id='word_1_27' title='bbox 485 260 548 294; x_wconf 70' lang='lat'>39⁵3</span> 
     </span>
    </p>
   </div>
   <div class='ocr_carea' id='block_1_5' title="bbox 452 371 1193 685">
    <p class='ocr_par' dir='ltr' id='par_1_5' title="bbox 452 371 1193 685">
     <span class='ocr_line' id='line_1_10' title="bbox 453 371 1193 417; baseline 0.005 -13"><span class='ocrx_word' id='word_1_28' title='bbox 453 371 583 404; x_wconf 74' lang='lat' dir='ltr'>ltardiae</span> <span class='ocrx_word' id='word_1_29' title='bbox 605 377 634 403; x_wconf 81' lang='lat' dir='ltr'>et</span> <span class='ocrx_word' id='word_1_30' title='bbox 654 371 801 414; x_wconf 81' lang='lat' dir='ltr'>Liguriae</span> <span class='ocrx_word' id='word_1_31' title='bbox 827 373 998 415; x_wconf 84' lang='lat' dir='ltr'>provinciis</span> <span class='ocrx_word' id='word_1_32' title='bbox 1023 374 1193 417; x_wconf 85' lang='lat' dir='ltr'>praedictis</span> 
     </span>
     <span class='ocr_line' id='line_1_11' title="bbox 453 425 1189 470; baseline 0.005 -13"><span class='ocrx_word' id='word_1_33' title='bbox 453 425 623 467; x_wconf 83' lang='lat' dir='ltr'>eligantur,</span> <span class='ocrx_word' id='word_1_34' title='bbox 644 425 769 470; x_wconf 87' lang='lat' dir='ltr'>ipsique</span> <span class='ocrx_word' id='word_1_35' title='bbox 794 427 839 460; x_wconf 85' lang='lat' dir='ltr'>sic</span> <span class='ocrx_word' id='word_1_36' title='bbox 865 427 955 460; x_wconf 85' lang='lat' dir='ltr'>electi</span> <span class='ocrx_word' id='word_1_37' title='bbox 977 439 1050 461; x_wconf 87' lang='lat' dir='ltr'>cum</span> <span class='ocrx_word' id='word_1_38' title='bbox 1071 428 1125 462; x_wconf 82' lang='lat' dir='ltr'>Dei</span> <span class='ocrx_word' id='word_1_39' title='bbox 1150 429 1189 461; x_wconf 90' lang='lat' dir='ltr'>ti-</span> 
     </span>
     <span class='ocr_line' id='line_1_12' title="bbox 453 479 1192 522; baseline 0.007 -12"><span class='ocrx_word' id='word_1_40' title='bbox 453 489 542 511; x_wconf 87' lang='lat' dir='ltr'>more</span> <span class='ocrx_word' id='word_1_41' title='bbox 563 479 717 522; x_wconf 84' lang='lat' dir='ltr'>omnique</span> <span class='ocrx_word' id='word_1_42' title='bbox 736 479 900 522; x_wconf 77' lang='lat' dir='ltr'>diligentia</span> <span class='ocrx_word' id='word_1_43' title='bbox 915 481 1024 514; x_wconf 91' lang='lat' dir='ltr'>omnia</span> <span class='ocrx_word' id='word_1_44' title='bbox 1041 481 1095 515; x_wconf 92' lang='lat' dir='ltr'>illo</span> <span class='ocrx_word' id='word_1_45' title='bbox 1109 492 1192 515; x_wconf 86' lang='lat' dir='ltr'>anno</span> 
     </span>
     <span class='ocr_line' id='line_1_13' title="bbox 452 531 1192 578; baseline 0.008 -16"><span class='ocrx_word' id='word_1_46' title='bbox 452 541 468 563; x_wconf 80' lang='lat' dir='ltr'>a</span> <span class='ocrx_word' id='word_1_47' title='bbox 490 531 736 571; x_wconf 55' lang='lat' dir='ltr'>definitoribus,</span> <span class='ocrx_word' id='word_1_48' title='bbox 765 532 981 567; x_wconf 67' lang='lat' dir='ltr'>visitatoribus</span> <span class='ocrx_word' id='word_1_49' title='bbox 1009 545 1045 567; x_wconf 86' lang='lat' dir='ltr'>ac</span> <span class='ocrx_word' id='word_1_50' title='bbox 1073 535 1192 578; x_wconf 86' lang='lat' dir='ltr'>praesi-</span> 
     </span>
     <span class='ocr_line' id='line_1_14' title="bbox 452 585 1192 632; baseline 0.005 -14"><span class='ocrx_word' id='word_1_51' title='bbox 452 585 546 618; x_wconf 87' lang='lat' dir='ltr'>dente</span> <span class='ocrx_word' id='word_1_52' title='bbox 566 585 738 629; x_wconf 86' lang='lat' dir='ltr'>praedictis</span> <span class='ocrx_word' id='word_1_53' title='bbox 758 592 861 628; x_wconf 80' lang='lat' dir='ltr'>gesta,</span> <span class='ocrx_word' id='word_1_54' title='bbox 885 593 914 620; x_wconf 88' lang='lat' dir='ltr'>et.</span> <span class='ocrx_word' id='word_1_55' title='bbox 935 588 1107 632; x_wconf 78' lang='lat' dir='ltr'>praecipue</span> <span class='ocrx_word' id='word_1_56' title='bbox 1128 589 1192 622; x_wconf 88' lang='lat' dir='ltr'>ele-</span> 
     </span>
     <span class='ocr_line' id='line_1_15' title="bbox 452 638 1193 685; baseline 0.005 -15"><span class='ocrx_word' id='word_1_57' title='bbox 452 638 572 671; x_wconf 76' lang='lat' dir='ltr'>ctiones</span> <span class='ocrx_word' id='word_1_58' title='bbox 592 639 809 682; x_wconf 79' lang='lat' dir='ltr'>praelatorum</span> <span class='ocrx_word' id='word_1_59' title='bbox 825 646 854 673; x_wconf 88' lang='lat' dir='ltr'>et</span> <span class='ocrx_word' id='word_1_60' title='bbox 869 640 1055 673; x_wconf 81' lang='lat' dir='ltr'>officialium</span> <span class='ocrx_word' id='word_1_61' title='bbox 1070 642 1193 685; x_wconf 88' lang='lat' dir='ltr'>perspi-</span> 
     </span>
    </p>
   </div>
   <div class='ocr_carea' id='block_1_6' title="bbox 1036 273 1392 298">
    <p class='ocr_par' dir='ltr' id='par_1_6' title="bbox 1036 273 1392 298">
     <span class='ocr_line' id='line_1_16' title="bbox 1036 273 1392 298; baseline 0.003 -2"><span class='ocrx_word' id='word_1_62' title='bbox 1036 273 1218 297; x_wconf 55' lang='lat' dir='ltr'>natantem</span> <span class='ocrx_word' id='word_1_63' title='bbox 1239 275 1392 298; x_wconf 70' lang='lat' dir='ltr'>ROMAM&#39;M</span> 
     </span>
    </p>
   </div>
   <div class='ocr_carea' id='block_1_7' title="bbox 1226 321 1968 684">
    <p class='ocr_par' dir='ltr' id='par_1_7' title="bbox 1226 321 1968 684">
     <span class='ocr_line' id='line_1_17' title="bbox 1226 321 1961 366; baseline 0.003 -12"><span class='ocrx_word' id='word_1_64' title='bbox 1226 321 1435 366; x_wconf 73' lang='lat' dir='ltr'>provinciam,</span> <span class='ocrx_word' id='word_1_65' title='bbox 1453 327 1548 365; x_wconf 85' lang='lat' dir='ltr'>prout</span> <span class='ocrx_word' id='word_1_66' title='bbox 1558 322 1728 366; x_wconf 83' lang='lat' dir='ltr'>expediens</span> <span class='ocrx_word' id='word_1_67' title='bbox 1740 322 1777 355; x_wconf 89' lang='lat' dir='ltr'>ei¹</span> <span class='ocrx_word' id='word_1_68' title='bbox 1793 322 1961 364; x_wconf 85' lang='lat' dir='ltr'>videbitur,</span> 
     </span>
     <span class='ocr_line' id='line_1_18' title="bbox 1227 375 1964 418; baseline 0.001 -11"><span class='ocrx_word' id='word_1_69' title='bbox 1227 380 1261 407; x_wconf 92' lang='lat' dir='ltr'>ut</span> <span class='ocrx_word' id='word_1_70' title='bbox 1278 379 1371 407; x_wconf 86' lang='lat' dir='ltr'>antea</span> <span class='ocrx_word' id='word_1_71' title='bbox 1391 380 1541 418; x_wconf 86' lang='lat' dir='ltr'>poterant</span> <span class='ocrx_word' id='word_1_72' title='bbox 1561 381 1591 408; x_wconf 88' lang='lat' dir='ltr'>et</span> <span class='ocrx_word' id='word_1_73' title='bbox 1607 375 1766 415; x_wconf 76' lang='lat' dir='ltr'>valebant,</span> <span class='ocrx_word' id='word_1_74' title='bbox 1787 375 1829 408; x_wconf 89' lang='lat' dir='ltr'>ita</span> <span class='ocrx_word' id='word_1_75' title='bbox 1847 381 1964 409; x_wconf 70' lang='lat' dir='ltr'>utoni-</span> 
     </span>
     <span class='ocr_line' id='line_1_19' title="bbox 1228 427 1966 470; baseline 0.003 -10"><span class='ocrx_word' id='word_1_76' title='bbox 1228 427 1279 460; x_wconf 87' lang='lat' dir='ltr'>nia</span> <span class='ocrx_word' id='word_1_77' title='bbox 1312 428 1343 460; x_wconf 89' lang='lat' dir='ltr'>in</span> <span class='ocrx_word' id='word_1_78' title='bbox 1375 427 1459 461; x_wconf 74' lang='lat' dir='ltr'>dicta</span> <span class='ocrx_word' id='word_1_79' title='bbox 1491 427 1745 470; x_wconf 80' lang='lat' dir='ltr'>Congregatione</span> <span class='ocrx_word' id='word_1_80' title='bbox 1782 429 1966 462; x_wconf 88' lang='lat' dir='ltr'>eommunia</span> 
     </span>
     <span class='ocr_line' id='line_1_20' title="bbox 1226 480 1966 523; baseline 0.003 -10"><span class='ocrx_word' id='word_1_81' title='bbox 1226 480 1289 513; x_wconf 88' lang='lat' dir='ltr'>sint</span> <span class='ocrx_word' id='word_1_82' title='bbox 1309 486 1339 514; x_wconf 92' lang='lat' dir='ltr'>et</span> <span class='ocrx_word' id='word_1_83' title='bbox 1352 491 1420 514; x_wconf 87' lang='lat' dir='ltr'>esse</span> <span class='ocrx_word' id='word_1_84' title='bbox 1438 480 1670 523; x_wconf 72' lang='lat' dir='ltr'>intelligantur,</span> <span class='ocrx_word' id='word_1_85' title='bbox 1688 491 1836 514; x_wconf 85' lang='lat' dir='ltr'>amovere</span> <span class='ocrx_word' id='word_1_86' title='bbox 1852 487 1882 514; x_wconf 87' lang='lat' dir='ltr'>et</span> <span class='ocrx_word' id='word_1_87' title='bbox 1897 481 1966 515; x_wconf 84' lang='lat' dir='ltr'>des-</span> 
     </span>
     <span class='ocr_line' id='line_1_21' title="bbox 1228 533 1965 578; baseline 0 -11"><span class='ocrx_word' id='word_1_88' title='bbox 1228 533 1342 567; x_wconf 84' lang='lat' dir='ltr'>tina1·e&#39;·&#39;</span> <span class='ocrx_word' id='word_1_89' title='bbox 1356 534 1479 578; x_wconf 79' lang='lat' dir='ltr'>possint</span> <span class='ocrx_word' id='word_1_90' title='bbox 1497 539 1526 566; x_wconf 87' lang='lat' dir='ltr'>ct</span> <span class='ocrx_word' id='word_1_91' title='bbox 1548 534 1682 574; x_wconf 80' lang='lat' dir='ltr'>valeant,</span> <span class='ocrx_word' id='word_1_92' title='bbox 1699 534 1788 567; x_wconf 80' lang='lat' dir='ltr'>nulla</span> <span class='ocrx_word' id='word_1_93' title='bbox 1800 533 1965 568; x_wconf 89' lang='lat' dir='ltr'>nationum</span> 
     </span>
     <span class='ocr_line' id='line_1_22' title="bbox 1228 586 1968 631; baseline 0.001 -12"><span class='ocrx_word' id='word_1_94' title='bbox 1228 592 1259 619; x_wconf 88' lang='lat' dir='ltr'>et</span> <span class='ocrx_word' id='word_1_95' title='bbox 1278 597 1488 631; x_wconf 85' lang='lat' dir='ltr'>personarum</span> <span class='ocrx_word' id='word_1_96' title='bbox 1504 597 1559 620; x_wconf 89' lang='lat' dir='ltr'>seu</span> <span class='ocrx_word' id='word_1_97' title='bbox 1575 586 1844 620; x_wconf 79' lang='lat' dir='ltr'>monasteriorum</span> <span class='ocrx_word' id='word_1_98' title='bbox 1859 587 1968 620; x_wconf 76' lang='lat' dir='ltr'>habita</span> 
     </span>
     <span class='ocr_line' id='line_1_23' title="bbox 1229 639 1966 684; baseline 0.001 -12"><span class='ocrx_word' id='word_1_99' title='bbox 1229 640 1372 681; x_wconf 84' lang='lat' dir='ltr'>ratione;</span> <span class='ocrx_word' id='word_1_100' title='bbox 1397 640 1543 684; x_wconf 80' lang='lat' dir='ltr'>quinimo</span> <span class='ocrx_word' id='word_1_101' title='bbox 1570 639 1685 682; x_wconf 77' lang='lat' dir='ltr'>singuli</span> <span class='ocrx_word' id='word_1_102' title='bbox 1708 640 1839 673; x_wconf 81' lang='lat' dir='ltr'>abbates</span> <span class='ocrx_word' id='word_1_103' title='bbox 1859 639 1966 674; x_wconf 89' lang='lat' dir='ltr'>cuius-</span> 
     </span>
    </p>
   </div>
   <div class='ocr_carea' id='block_1_8' title="bbox 452 690 1968 738">
    <p class='ocr_par' dir='ltr' id='par_1_8' title="bbox 452 690 1968 738">
     <span class='ocr_line' id='line_1_24' title="bbox 452 690 1968 738; baseline 0.003 -16"><span class='ocrx_word' id='word_1_104' title='bbox 452 690 537 722; x_wconf 87' lang='lat' dir='ltr'>ciant</span> <span class='ocrx_word' id='word_1_105' title='bbox 557 701 593 723; x_wconf 83' lang='lat' dir='ltr'>ac</span> <span class='ocrx_word' id='word_1_106' title='bbox 607 698 838 733; x_wconf 81' lang='lat' dir='ltr'>recognoscant</span> <span class='ocrx_word' id='word_1_107' title='bbox 850 693 892 735; x_wconf 86' lang='lat' dir='ltr'>(ct</span> <span class='ocrx_word' id='word_1_108' title='bbox 911 693 1068 737; x_wconf 84' lang='lat' dir='ltr'>quidquid</span> <span class='ocrx_word' id='word_1_109' title='bbox 1083 700 1193 727; x_wconf 88' lang='lat' dir='ltr'>contra</span> <span class='ocrx_word' id='word_1_110' title='bbox 1209 696 1211 725; x_wconf 89' lang='lat' dir='ltr'>l</span> <span class='ocrx_word' id='word_1_111' title='bbox 1227 704 1290 738; x_wconf 88' lang='lat' dir='ltr'>que</span> <span class='ocrx_word' id='word_1_112' title='bbox 1317 693 1502 738; x_wconf 78' lang='lat' dir='ltr'>provinciae</span> <span class='ocrx_word' id='word_1_113' title='bbox 1522 693 1727 726; x_wconf 86' lang='lat' dir='ltr'>monasteriis</span> <span class='ocrx_word' id='word_1_114' title='bbox 1745 692 1968 736; x_wconf 79' lang='lat' dir='ltr'>Congregatio-</span> 
     </span>
    </p>
   </div>
   <div class='ocr_carea' id='block_1_9' title="bbox 452 743 1190 789">
    <p class='ocr_par' dir='ltr' id='par_1_9' title="bbox 452 743 1190 789">
     <span class='ocr_line' id='line_1_25' title="bbox 452 743 1190 789; baseline 0.008 -14"><span class='ocrx_word' id='word_1_115' title='bbox 452 743 669 776; x_wconf 84' lang='lat' dir='ltr'>Romanorum</span> <span class='ocrx_word' id='word_1_116' title='bbox 693 744 884 778; x_wconf 76' lang='lat' dir='ltr'>Pontificum</span> <span class='ocrx_word' id='word_1_117' title='bbox 907 746 1190 789; x_wconf 85' lang='lat' dir='ltr'>praedecessorum</span> 
     </span>
    </p>
   </div>
   <div class='ocr_carea' id='block_1_10' title="bbox 1227 746 1967 789">
    <p class='ocr_par' dir='ltr' id='par_1_10' title="bbox 1227 746 1967 789">
     <span class='ocr_line' id='line_1_26' title="bbox 1227 746 1967 789; baseline 0 -9"><span class='ocrx_word' id='word_1_118' title='bbox 1227 747 1286 787; x_wconf 86' lang='lat' dir='ltr'>nis,</span> <span class='ocrx_word' id='word_1_119' title='bbox 1307 747 1481 780; x_wconf 83' lang='lat' dir='ltr'>definitorii</span> <span class='ocrx_word' id='word_1_120' title='bbox 1496 753 1526 779; x_wconf 88' lang='lat' dir='ltr'>et</span> <span class='ocrx_word' id='word_1_121' title='bbox 1543 746 1709 789; x_wconf 85' lang='lat' dir='ltr'>regiminis</span> <span class='ocrx_word' id='word_1_122' title='bbox 1727 746 1892 788; x_wconf 88' lang='lat' dir='ltr'>arbitratu,</span> <span class='ocrx_word' id='word_1_123' title='bbox 1913 746 1967 780; x_wconf 89' lang='lat' dir='ltr'>de-</span> 
     </span>
    </p>
   </div>
   <div class='ocr_carea' id='block_1_11' title="bbox 450 777 1699 845">
    <p class='ocr_par' dir='ltr' id='par_1_11' title="bbox 450 777 1699 845">
     <span class='ocr_line' id='line_1_27' title="bbox 450 777 1699 845; baseline 0.004 -17"><span class='ocrx_word' id='word_1_124' title='bbox 450 802 633 830; x_wconf 86' lang='lat' dir='ltr'>nostrorum</span> <span class='ocrx_word' id='word_1_125' title='bbox 668 798 796 831; x_wconf 82' lang='lat' dir='ltr'>decreta</span> <span class='ocrx_word' id='word_1_126' title='bbox 821 810 856 832; x_wconf 86' lang='lat' dir='ltr'>ac</span> <span class='ocrx_word' id='word_1_127' title='bbox 882 800 1126 834; x_wconf 72' lang='lat' dir='ltr'>constitutiones</span> <span class='ocrx_word' id='word_1_128' title='bbox 1146 801 1192 834; x_wconf 87' lang='lat' dir='ltr'>di·</span> <span class='ocrx_word' id='word_1_129' title='bbox 1209 777 1211 836; x_wconf 68' lang='lat' dir='ltr'>i</span> <span class='ocrx_word' id='word_1_130' title='bbox 1227 806 1381 845; x_wconf 86' lang='lat' dir='ltr'>putentur</span> <span class='ocrx_word' id='word_1_131' title='bbox 1400 806 1432 834; x_wconf 85' lang='lat' dir='ltr'>et</span> <span class='ocrx_word' id='word_1_132' title='bbox 1452 801 1699 844; x_wconf 74' lang='lat' dir='ltr'>praeficiantur,</span> 
     </span>
    </p>
   </div>
   <div class='ocr_carea' id='block_1_12' title="bbox 449 850 1965 1163">
    <p class='ocr_par' dir='ltr' id='par_1_12' title="bbox 449 850 1965 1163">
     <span class='ocr_line' id='line_1_28' title="bbox 451 850 1210 899; baseline 0.008 -18"><span class='ocrx_word' id='word_1_133' title='bbox 451 855 519 883; x_wconf 87' lang='lat' dir='ltr'>ctae</span> <span class='ocrx_word' id='word_1_134' title='bbox 533 850 796 893; x_wconf 82' lang='lat' dir='ltr'>Congregationis</span> <span class='ocrx_word' id='word_1_135' title='bbox 808 853 926 885; x_wconf 83' lang='lat' dir='ltr'>sactum</span> <span class='ocrx_word' id='word_1_136' title='bbox 939 863 1006 886; x_wconf 89' lang='lat' dir='ltr'>esse</span> <span class='ocrx_word' id='word_1_137' title='bbox 1019 854 1191 897; x_wconf 84' lang='lat' dir='ltr'>reperient,</span> <span class='ocrx_word' id='word_1_138' title='bbox 1208 867 1210 899; x_wconf 62' lang='lat' dir='ltr'>,j</span> 
     </span>
     <span class='ocr_line' id='line_1_29' title="bbox 450 901 1210 950; baseline 0.007 -15"><span class='ocrx_word' id='word_1_139' title='bbox 450 903 528 936; x_wconf 90' lang='lat' dir='ltr'>illud</span> <span class='ocrx_word' id='word_1_140' title='bbox 542 903 667 936; x_wconf 89' lang='lat' dir='ltr'>nullum</span> <span class='ocrx_word' id='word_1_141' title='bbox 683 909 713 937; x_wconf 88' lang='lat' dir='ltr'>et</span> <span class='ocrx_word' id='word_1_142' title='bbox 727 904 852 938; x_wconf 88' lang='lat' dir='ltr'>irritum</span> <span class='ocrx_word' id='word_1_143' title='bbox 873 906 1050 950; x_wconf 82' lang='lat' dir='ltr'>declarent)</span> <span class='ocrx_word' id='word_1_144' title='bbox 1064 918 1100 940; x_wconf 87' lang='lat' dir='ltr'>ac</span> <span class='ocrx_word' id='word_1_145' title='bbox 1118 918 1189 940; x_wconf 90' lang='lat' dir='ltr'>cum</span> <span class='ocrx_word' id='word_1_146' title='bbox 1208 901 1210 919; x_wconf 67' lang='lat'>³</span> 
     </span>
     <span class='ocr_line' id='line_1_30' title="bbox 450 952 1210 1005; baseline 0.007 -16"><span class='ocrx_word' id='word_1_147' title='bbox 450 956 577 998; x_wconf 79' lang='lat' dir='ltr'>effectu,</span> <span class='ocrx_word' id='word_1_148' title='bbox 599 958 657 991; x_wconf 85' lang='lat' dir='ltr'>sub</span> <span class='ocrx_word' id='word_1_149' title='bbox 678 959 865 1002; x_wconf 79' lang='lat' dir='ltr'>privationis</span> <span class='ocrx_word' id='word_1_150' title='bbox 886 960 1090 1003; x_wconf 77' lang='lat' dir='ltr'>dignitatum,</span> <span class='ocrx_word' id='word_1_151' title='bbox 1114 952 1210 1005; x_wconf 55' lang='lat' dir='ltr'>quas³</span> 
     </span>
     <span class='ocr_line' id='line_1_31' title="bbox 449 1008 1210 1054; baseline 0.007 -12"><span class='ocrx_word' id='word_1_152' title='bbox 449 1020 509 1053; x_wconf 90' lang='lat' dir='ltr'>pro</span> <span class='ocrx_word' id='word_1_153' title='bbox 531 1015 676 1054; x_wconf 86' lang='lat' dir='ltr'>tempore</span> <span class='ocrx_word' id='word_1_154' title='bbox 696 1011 901 1053; x_wconf 82' lang='lat' dir='ltr'>obtinerent,</span> <span class='ocrx_word' id='word_1_155' title='bbox 925 1024 961 1046; x_wconf 86' lang='lat' dir='ltr'>ac</span> <span class='ocrx_word' id='word_1_156' title='bbox 983 1008 1210 1054; x_wconf 63' lang='lat' dir='ltr'>inhabilitatis]</span> 
     </span>
     <span class='ocr_line' id='line_1_32' title="bbox 450 1063 1210 1111; baseline 0.007 -15"><span class='ocrx_word' id='word_1_157' title='bbox 450 1064 489 1096; x_wconf 88' lang='lat' dir='ltr'>ad</span> <span class='ocrx_word' id='word_1_158' title='bbox 507 1063 596 1097; x_wconf 87' lang='lat' dir='ltr'>illas¹</span> <span class='ocrx_word' id='word_1_159' title='bbox 620 1065 809 1099; x_wconf 88' lang='lat' dir='ltr'>obtinendas</span> <span class='ocrx_word' id='word_1_160' title='bbox 822 1067 934 1110; x_wconf 88' lang='lat' dir='ltr'>poenis</span> <span class='ocrx_word' id='word_1_161' title='bbox 949 1078 987 1100; x_wconf 89' lang='lat' dir='ltr'>eo</span> <span class='ocrx_word' id='word_1_162' title='bbox 1001 1067 1070 1111; x_wconf 89' lang='lat' dir='ltr'>ipso</span> <span class='ocrx_word' id='word_1_163' title='bbox 1085 1067 1191 1101; x_wconf 89' lang='lat' dir='ltr'>incur·</span> <span class='ocrx_word' id='word_1_164' title='bbox 1209 1088 1210 1093; x_wconf 65' lang='lat'>=</span> 
     </span>
     <span class='ocr_line' id='line_1_33' title="bbox 1209 1118 1965 1163; baseline 0 -11"><span class='ocrx_word' id='word_1_165' title='bbox 1209 1126 1210 1135; x_wconf 66' lang='lat'>¹</span> <span class='ocrx_word' id='word_1_166' title='bbox 1227 1118 1322 1152; x_wconf 86' lang='lat' dir='ltr'>etiam</span> <span class='ocrx_word' id='word_1_167' title='bbox 1353 1130 1412 1162; x_wconf 86' lang='lat' dir='ltr'>per</span> <span class='ocrx_word' id='word_1_168' title='bbox 1442 1119 1723 1163; x_wconf 88' lang='lat' dir='ltr'>quinquennnium</span> <span class='ocrx_word' id='word_1_169' title='bbox 1753 1118 1887 1152; x_wconf 89' lang='lat' dir='ltr'>omnino</span> <span class='ocrx_word' id='word_1_170' title='bbox 1907 1128 1965 1152; x_wconf 88' lang='lat' dir='ltr'>va-</span> 
     </span>
    </p>
   </div>
   <div class='ocr_carea' id='block_1_13' title="bbox 449 1117 1192 1593">
    <p class='ocr_par' dir='ltr' id='par_1_13' title="bbox 449 1117 1192 1538">
     <span class='ocr_line' id='line_1_34' title="bbox 452 1117 1192 1158; baseline 0.007 -9"><span class='ocrx_word' id='word_1_171' title='bbox 452 1117 571 1158; x_wconf 71' lang='lat' dir='ltr'>lendis,</span> <span class='ocrx_word' id='word_1_172' title='bbox 601 1117 730 1151; x_wconf 90' lang='lat' dir='ltr'>illorum</span> <span class='ocrx_word' id='word_1_173' title='bbox 764 1119 1019 1154; x_wconf 70' lang='lat' dir='ltr'>ltabilitationem</span> <span class='ocrx_word' id='word_1_174' title='bbox 1047 1121 1142 1154; x_wconf 89' lang='lat' dir='ltr'>nobis</span> <span class='ocrx_word' id='word_1_175' title='bbox 1162 1127 1192 1154; x_wconf 91' lang='lat' dir='ltr'>et</span> 
     </span>
     <span class='ocr_line' id='line_1_35' title="bbox 450 1171 1190 1207; baseline 0.005 -4"><span class='ocrx_word' id='word_1_176' title='bbox 450 1171 692 1205; x_wconf 87' lang='lat' dir='ltr'>successoribus</span> <span class='ocrx_word' id='word_1_177' title='bbox 711 1173 830 1206; x_wconf 86' lang='lat' dir='ltr'>nostris</span> <span class='ocrx_word' id='word_1_178' title='bbox 850 1173 1002 1207; x_wconf 86' lang='lat' dir='ltr'>Romanis</span> <span class='ocrx_word' id='word_1_179' title='bbox 1026 1173 1190 1207; x_wconf 83' lang='lat' dir='ltr'>Pontifici-</span> 
     </span>
     <span class='ocr_line' id='line_1_36' title="bbox 450 1224 1192 1270; baseline 0.007 -14"><span class='ocrx_word' id='word_1_180' title='bbox 450 1224 519 1265; x_wconf 85' lang='lat' dir='ltr'>bus,</span> <span class='ocrx_word' id='word_1_181' title='bbox 537 1227 808 1270; x_wconf 76' lang='lat' dir='ltr'>quandocumque</span> <span class='ocrx_word' id='word_1_182' title='bbox 826 1227 1044 1268; x_wconf 80' lang='lat' dir='ltr'>existentibus,</span> <span class='ocrx_word' id='word_1_183' title='bbox 1059 1227 1192 1261; x_wconf 89' lang='lat' dir='ltr'>omnino</span> 
     </span>
     <span class='ocr_line' id='line_1_37' title="bbox 450 1279 1191 1324; baseline 0.004 -13"><span class='ocrx_word' id='word_1_184' title='bbox 450 1279 658 1321; x_wconf 83' lang='lat' dir='ltr'>reservando,</span> <span class='ocrx_word' id='word_1_185' title='bbox 687 1280 800 1324; x_wconf 81' lang='lat' dir='ltr'>exequi</span> <span class='ocrx_word' id='word_1_186' title='bbox 827 1281 997 1314; x_wconf 84' lang='lat' dir='ltr'>mandent:</span> <span class='ocrx_word' id='word_1_187' title='bbox 1027 1287 1057 1314; x_wconf 91' lang='lat' dir='ltr'>et</span> <span class='ocrx_word' id='word_1_188' title='bbox 1081 1287 1191 1315; x_wconf 84' lang='lat' dir='ltr'>contra</span> 
     </span>
     <span class='ocr_line' id='line_1_38' title="bbox 449 1332 1192 1376; baseline 0.004 -11"><span class='ocrx_word' id='word_1_189' title='bbox 449 1332 683 1375; x_wconf 84' lang='lat' dir='ltr'>inobedientes,</span> <span class='ocrx_word' id='word_1_190' title='bbox 700 1333 795 1367; x_wconf 87' lang='lat' dir='ltr'>etiam</span> <span class='ocrx_word' id='word_1_191' title='bbox 816 1334 1014 1376; x_wconf 82' lang='lat' dir='ltr'>definitores,</span> <span class='ocrx_word' id='word_1_192' title='bbox 1035 1335 1123 1369; x_wconf 73' lang='lat' dir='ltr'>nulla</span> <span class='ocrx_word' id='word_1_193' title='bbox 1137 1335 1192 1368; x_wconf 86' lang='lat' dir='ltr'>ha-</span> 
     </span>
     <span class='ocr_line' id='line_1_39' title="bbox 449 1386 1188 1431; baseline 0.004 -12"><span class='ocrx_word' id='word_1_194' title='bbox 449 1386 515 1419; x_wconf 71' lang='lat' dir='ltr'>bita</span> <span class='ocrx_word' id='word_1_195' title='bbox 539 1397 749 1430; x_wconf 86' lang='lat' dir='ltr'>personarum</span> <span class='ocrx_word' id='word_1_196' title='bbox 771 1388 819 1421; x_wconf 84' lang='lat' dir='ltr'>vel</span> <span class='ocrx_word' id='word_1_197' title='bbox 841 1387 1033 1431; x_wconf 70' lang='lat' dir='ltr'>dignitatum</span> <span class='ocrx_word' id='word_1_198' title='bbox 1053 1389 1188 1429; x_wconf 87' lang='lat' dir='ltr'>ratione,</span> 
     </span>
     <span class='ocr_line' id='line_1_40' title="bbox 450 1442 1191 1485; baseline 0.004 -13"><span class='ocrx_word' id='word_1_199' title='bbox 450 1451 508 1484; x_wconf 88' lang='lat' dir='ltr'>per</span> <span class='ocrx_word' id='word_1_200' title='bbox 541 1451 691 1473; x_wconf 85' lang='lat' dir='ltr'>censuras</span> <span class='ocrx_word' id='word_1_201' title='bbox 724 1447 752 1474; x_wconf 89' lang='lat' dir='ltr'>et</span> <span class='ocrx_word' id='word_1_202' title='bbox 788 1452 908 1485; x_wconf 87' lang='lat' dir='ltr'>poenas</span> <span class='ocrx_word' id='word_1_203' title='bbox 940 1442 1191 1483; x_wconf 82' lang='lat' dir='ltr'>ecclesiasticas,</span> 
     </span>
     <span class='ocr_line' id='line_1_41' title="bbox 449 1493 994 1538; baseline 0.006 -13"><span class='ocrx_word' id='word_1_204' title='bbox 449 1493 639 1527; x_wconf 85' lang='lat' dir='ltr'>auctoritate</span> <span class='ocrx_word' id='word_1_205' title='bbox 657 1496 776 1533; x_wconf 70' lang='lat' dir='ltr'>nostra,</span> <span class='ocrx_word' id='word_1_206' title='bbox 800 1495 994 1538; x_wconf 86' lang='lat' dir='ltr'>procedant;</span> 
     </span>
    </p>

    <p class='ocr_par' dir='ltr' id='par_1_14' title="bbox 493 1546 1191 1593">
     <span class='ocr_line' id='line_1_42' title="bbox 493 1546 1191 1593; baseline 0.003 -14"><span class='ocrx_word' id='word_1_207' title='bbox 493 1549 509 1588; x_wconf 64' lang='grc' dir='ltr'>ξ</span> <span class='ocrx_word' id='word_1_208' title='bbox 531 1546 583 1580; x_wconf 79' lang='grc'>13.</span> <span class='ocrx_word' id='word_1_209' title='bbox 604 1548 639 1580; x_wconf 82' lang='lat' dir='ltr'>Et</span> <span class='ocrx_word' id='word_1_210' title='bbox 654 1547 684 1580; x_wconf 92' lang='lat' dir='ltr'>in</span> <span class='ocrx_word' id='word_1_211' title='bbox 703 1548 845 1591; x_wconf 85' lang='lat' dir='ltr'>qualibet</span> <span class='ocrx_word' id='word_1_212' title='bbox 861 1560 896 1581; x_wconf 72' lang='lat' dir='ltr'>ex</span> <span class='ocrx_word' id='word_1_213' title='bbox 911 1548 1085 1592; x_wconf 83' lang='lat' dir='ltr'>provinciis</span> <span class='ocrx_word' id='word_1_214' title='bbox 1098 1559 1191 1593; x_wconf 88' lang='lat' dir='ltr'>prae-</span> 
     </span>
    </p>
   </div>
   <div class='ocr_carea' id='block_1_14' title="bbox 450 1599 1208 1645">
    <p class='ocr_par' dir='ltr' id='par_1_15' title="bbox 450 1599 1208 1645">
     <span class='ocr_line' id='line_1_43' title="bbox 450 1599 1208 1645; baseline 0.004 -13"><span class='ocrx_word' id='word_1_215' title='bbox 450 1599 541 1633; x_wconf 81' lang='lat' dir='ltr'>dictis</span> <span class='ocrx_word' id='word_1_216' title='bbox 573 1606 617 1634; x_wconf 92' lang='lat' dir='ltr'>tot</span> <span class='ocrx_word' id='word_1_217' title='bbox 645 1601 786 1642; x_wconf 81' lang='lat' dir='ltr'>abbates,</span> <span class='ocrx_word' id='word_1_218' title='bbox 810 1602 945 1645; x_wconf 82' lang='lat' dir='ltr'>priores,</span> <span class='ocrx_word' id='word_1_219' title='bbox 974 1602 1132 1635; x_wconf 86' lang='lat' dir='ltr'>cellerarii</span> <span class='ocrx_word' id='word_1_220' title='bbox 1154 1614 1208 1636; x_wconf 51' lang='lat' dir='ltr'>ac*</span> 
     </span>
    </p>
   </div>
   <div class='ocr_carea' id='block_1_15' title="bbox 448 1653 1190 2019">
    <p class='ocr_par' dir='ltr' id='par_1_16' title="bbox 448 1653 1190 2019">
     <span class='ocr_line' id='line_1_44' title="bbox 450 1653 1187 1699; baseline 0.005 -14"><span class='ocrx_word' id='word_1_221' title='bbox 450 1653 593 1696; x_wconf 82' lang='lat' dir='ltr'>magistri</span> <span class='ocrx_word' id='word_1_222' title='bbox 616 1654 811 1687; x_wconf 88' lang='lat' dir='ltr'>novitiorum</span> <span class='ocrx_word' id='word_1_223' title='bbox 834 1666 869 1687; x_wconf 80' lang='lat' dir='ltr'>ex</span> <span class='ocrx_word' id='word_1_224' title='bbox 891 1657 926 1687; x_wconf 71' lang='lat' dir='ltr'>ea</span> <span class='ocrx_word' id='word_1_225' title='bbox 947 1655 1088 1696; x_wconf 88' lang='lat' dir='ltr'>oriundi,</span> <span class='ocrx_word' id='word_1_226' title='bbox 1112 1662 1187 1699; x_wconf 87' lang='lat' dir='ltr'>quot</span> 
     </span>
     <span class='ocr_line' id='line_1_45' title="bbox 449 1706 1187 1751; baseline 0.005 -13"><span class='ocrx_word' id='word_1_227' title='bbox 449 1711 522 1739; x_wconf 87' lang='lat' dir='ltr'>sunt</span> <span class='ocrx_word' id='word_1_228' title='bbox 543 1706 574 1739; x_wconf 90' lang='lat' dir='ltr'>in</span> <span class='ocrx_word' id='word_1_229' title='bbox 592 1708 628 1739; x_wconf 74' lang='lat' dir='ltr'>ea</span> <span class='ocrx_word' id='word_1_230' title='bbox 651 1707 843 1740; x_wconf 85' lang='lat' dir='ltr'>monasteria</span> <span class='ocrx_word' id='word_1_231' title='bbox 865 1708 912 1741; x_wconf 84' lang='lat' dir='ltr'>vel</span> <span class='ocrx_word' id='word_1_232' title='bbox 933 1708 1135 1751; x_wconf 66' lang='lat' dir='ltr'>praelaturae</span> <span class='ocrx_word' id='word_1_233' title='bbox 1160 1714 1187 1742; x_wconf 92' lang='lat' dir='ltr'>et</span> 
     </span>
     <span class='ocr_line' id='line_1_46' title="bbox 448 1760 1189 1806; baseline 0.003 -14"><span class='ocrx_word' id='word_1_234' title='bbox 448 1760 565 1801; x_wconf 80' lang='lat' dir='ltr'>officia,</span> <span class='ocrx_word' id='word_1_235' title='bbox 587 1760 739 1801; x_wconf 76' lang='lat' dir='ltr'>existant3</span> <span class='ocrx_word' id='word_1_236' title='bbox 757 1765 887 1801; x_wconf 87' lang='lat' dir='ltr'>eteasu,</span> <span class='ocrx_word' id='word_1_237' title='bbox 909 1772 973 1806; x_wconf 87' lang='lat' dir='ltr'>quo</span> <span class='ocrx_word' id='word_1_238' title='bbox 999 1761 1030 1794; x_wconf 93' lang='lat' dir='ltr'>in</span> <span class='ocrx_word' id='word_1_239' title='bbox 1055 1761 1189 1804; x_wconf 78' lang='lat' dir='ltr'>singulis</span> 
     </span>
     <span class='ocr_line' id='line_1_47' title="bbox 448 1814 1188 1849; baseline 0.003 -3"><span class='ocrx_word' id='word_1_240' title='bbox 448 1814 652 1847; x_wconf 85' lang='lat' dir='ltr'>monasteriis</span> <span class='ocrx_word' id='word_1_241' title='bbox 667 1814 774 1847; x_wconf 87' lang='lat' dir='ltr'>idonei</span> <span class='ocrx_word' id='word_1_242' title='bbox 792 1814 904 1848; x_wconf 86' lang='lat' dir='ltr'>adhoc</span> <span class='ocrx_word' id='word_1_243' title='bbox 919 1825 1036 1849; x_wconf 87' lang='lat' dir='ltr'>munus</span> <span class='ocrx_word' id='word_1_244' title='bbox 1049 1815 1188 1848; x_wconf 90' lang='lat' dir='ltr'>subeun-</span> 
     </span>
     <span class='ocr_line' id='line_1_48' title="bbox 448 1867 1187 1912; baseline 0.004 -13"><span class='ocrx_word' id='word_1_245' title='bbox 448 1867 524 1900; x_wconf 90' lang='lat' dir='ltr'>dum</span> <span class='ocrx_word' id='word_1_246' title='bbox 552 1867 684 1900; x_wconf 89' lang='lat' dir='ltr'>minime</span> <span class='ocrx_word' id='word_1_247' title='bbox 716 1867 940 1912; x_wconf 87' lang='lat' dir='ltr'>reperiantur,</span> <span class='ocrx_word' id='word_1_248' title='bbox 973 1874 1048 1902; x_wconf 91' lang='lat' dir='ltr'>tunc</span> <span class='ocrx_word' id='word_1_249' title='bbox 1081 1869 1187 1902; x_wconf 88' lang='lat' dir='ltr'>idonei</span> 
     </span>
     <span class='ocr_line' id='line_1_49' title="bbox 448 1921 1190 1965; baseline 0.003 -12"><span class='ocrx_word' id='word_1_250' title='bbox 448 1921 517 1954; x_wconf 89' lang='lat' dir='ltr'>aliis</span> <span class='ocrx_word' id='word_1_251' title='bbox 543 1932 579 1954; x_wconf 83' lang='lat' dir='ltr'>ex</span> <span class='ocrx_word' id='word_1_252' title='bbox 606 1921 809 1954; x_wconf 88' lang='lat' dir='ltr'>monasteriis</span> <span class='ocrx_word' id='word_1_253' title='bbox 834 1921 976 1955; x_wconf 85' lang='lat' dir='ltr'>eiusdem</span> <span class='ocrx_word' id='word_1_254' title='bbox 1007 1922 1190 1965; x_wconf 86' lang='lat' dir='ltr'>provinciae</span> 
     </span>
     <span class='ocr_line' id='line_1_50' title="bbox 448 1974 1190 2019; baseline 0.003 -13"><span class='ocrx_word' id='word_1_255' title='bbox 448 1974 582 2018; x_wconf 75' lang='lat' dir='ltr'>professi</span> <span class='ocrx_word' id='word_1_256' title='bbox 597 1974 830 2017; x_wconf 70' lang='lat' dir='ltr'>sut&gt;rogentur3</span> <span class='ocrx_word' id='word_1_257' title='bbox 848 1975 934 2018; x_wconf 88' lang='lat' dir='ltr'>quod</span> <span class='ocrx_word' id='word_1_258' title='bbox 948 1975 972 2007; x_wconf 83' lang='lat' dir='ltr'>si</span> <span class='ocrx_word' id='word_1_259' title='bbox 992 1975 1023 2007; x_wconf 93' lang='lat' dir='ltr'>in</span> <span class='ocrx_word' id='word_1_260' title='bbox 1037 1977 1102 2008; x_wconf 74' lang='lat' dir='ltr'>tota</span> <span class='ocrx_word' id='word_1_261' title='bbox 1117 1986 1190 2019; x_wconf 90' lang='lat' dir='ltr'>pro-</span> 
     </span>
    </p>
   </div>
   <div class='ocr_carea' id='block_1_16' title="bbox 450 2027 1968 2338">
    <p class='ocr_par' dir='ltr' id='par_1_17' title="bbox 450 2027 1968 2282">
     <span class='ocr_line' id='line_1_51' title="bbox 451 2027 1209 2076; baseline 0.004 -17"><span class='ocrx_word' id='word_1_262' title='bbox 451 2027 554 2060; x_wconf 68' lang='lat' dir='ltr'>vincia</span> <span class='ocrx_word' id='word_1_263' title='bbox 574 2038 636 2060; x_wconf 90' lang='lat' dir='ltr'>non</span> <span class='ocrx_word' id='word_1_264' title='bbox 659 2027 721 2060; x_wconf 88' lang='lat' dir='ltr'>sint</span> <span class='ocrx_word' id='word_1_265' title='bbox 743 2033 784 2060; x_wconf 92' lang='lat' dir='ltr'>tot</span> <span class='ocrx_word' id='word_1_266' title='bbox 809 2028 958 2061; x_wconf 84' lang='lat' dir='ltr'>monachi</span> <span class='ocrx_word' id='word_1_267' title='bbox 985 2028 1090 2062; x_wconf 88' lang='lat' dir='ltr'>idonei</span> <span class='ocrx_word' id='word_1_268' title='bbox 1108 2039 1187 2073; x_wconf 89' lang='lat' dir='ltr'>pro-</span> <span class='ocrx_word' id='word_1_269' title='bbox 1207 2054 1209 2076; x_wconf 34' lang='grc' dir='ltr'>ἰ</span> 
     </span>
     <span class='ocr_line' id='line_1_52' title="bbox 450 2080 1208 2126; baseline 0.004 -14"><span class='ocrx_word' id='word_1_270' title='bbox 450 2080 532 2121; x_wconf 80' lang='lat' dir='ltr'>sessi,</span> <span class='ocrx_word' id='word_1_271' title='bbox 548 2081 601 2124; x_wconf 84' lang='lat' dir='ltr'>qui</span> <span class='ocrx_word' id='word_1_272' title='bbox 623 2081 661 2114; x_wconf 86' lang='lat' dir='ltr'>ad</span> <span class='ocrx_word' id='word_1_273' title='bbox 678 2081 841 2124; x_wconf 84' lang='lat' dir='ltr'>praedicta</span> <span class='ocrx_word' id='word_1_274' title='bbox 854 2081 961 2115; x_wconf 81' lang='lat' dir='ltr'>officia</span> <span class='ocrx_word' id='word_1_275' title='bbox 974 2092 1050 2115; x_wconf 86' lang='lat' dir='ltr'>suae</span> <span class='ocrx_word' id='word_1_276' title='bbox 1062 2082 1191 2126; x_wconf 78' lang='lat' dir='ltr'>prorin-</span> <span class='ocrx_word' id='word_1_277' title='bbox 1207 2096 1208 2099; x_wconf 48' lang='lat'>¹</span> 
     </span>
     <span class='ocr_line' id='line_1_53' title="bbox 451 2133 1209 2177; baseline 0.004 -12"><span class='ocrx_word' id='word_1_278' title='bbox 451 2133 518 2167; x_wconf 85' lang='lat' dir='ltr'>ciae</span> <span class='ocrx_word' id='word_1_279' title='bbox 539 2134 656 2167; x_wconf 86' lang='lat' dir='ltr'>assumi</span> <span class='ocrx_word' id='word_1_280' title='bbox 678 2134 811 2177; x_wconf 85' lang='lat' dir='ltr'>possint,</span> <span class='ocrx_word' id='word_1_281' title='bbox 836 2140 910 2168; x_wconf 92' lang='lat' dir='ltr'>tunc</span> <span class='ocrx_word' id='word_1_282' title='bbox 932 2145 966 2168; x_wconf 83' lang='lat' dir='ltr'>ex</span> <span class='ocrx_word' id='word_1_283' title='bbox 989 2135 1209 2168; x_wconf 78' lang='lat' dir='ltr'>monasteriis</span> 
     </span>
     <span class='ocr_line' id='line_1_54' title="bbox 1208 2186 1968 2231; baseline 0.003 -12"><span class='ocrx_word' id='word_1_284' title='bbox 1208 2193 1209 2203; x_wconf 66' lang='lat'>¹</span> <span class='ocrx_word' id='word_1_285' title='bbox 1226 2192 1308 2227; x_wconf 86' lang='lat' dir='ltr'>rant,</span> <span class='ocrx_word' id='word_1_286' title='bbox 1335 2186 1418 2220; x_wconf 70' lang='lat' dir='ltr'>nisi⁵</span> <span class='ocrx_word' id='word_1_287' title='bbox 1438 2196 1511 2220; x_wconf 89' lang='lat' dir='ltr'>cum</span> <span class='ocrx_word' id='word_1_288' title='bbox 1537 2186 1718 2231; x_wconf 84' lang='lat' dir='ltr'>hospitibus</span> <span class='ocrx_word' id='word_1_289' title='bbox 1739 2186 1885 2231; x_wconf 90' lang='lat' dir='ltr'>impediti</span> <span class='ocrx_word' id='word_1_290' title='bbox 1905 2187 1968 2222; x_wconf 91' lang='lat' dir='ltr'>sint</span> 
     </span>
     <span class='ocr_line' id='line_1_55' title="bbox 1208 2240 1821 2282; baseline 0.002 -9"><span class='ocrx_word' id='word_1_291' title='bbox 1208 2241 1272 2278; x_wconf 53' lang='lat' dir='ltr'>{vel</span> <span class='ocrx_word' id='word_1_292' title='bbox 1299 2241 1361 2274; x_wconf 73' lang='lat' dir='ltr'>alia</span> <span class='ocrx_word' id='word_1_293' title='bbox 1386 2240 1466 2274; x_wconf 73' lang='lat' dir='ltr'>iusta</span> <span class='ocrx_word' id='word_1_294' title='bbox 1493 2242 1588 2274; x_wconf 70' lang='lat' dir='ltr'>causa</span> <span class='ocrx_word' id='word_1_295' title='bbox 1608 2246 1821 2282; x_wconf 79' lang='lat' dir='ltr'>excusentur3</span> 
     </span>
    </p>

    <p class='ocr_par' dir='ltr' id='par_1_18' title="bbox 496 2293 1210 2338">
     <span class='ocr_line' id='line_1_56' title="bbox 496 2293 1210 2338; baseline 0.003 -12"><span class='ocrx_word' id='word_1_296' title='bbox 496 2295 510 2336; x_wconf 62' lang='grc' dir='ltr'>,ξ</span> <span class='ocrx_word' id='word_1_297' title='bbox 531 2293 583 2327; x_wconf 47' lang='lat'>«14.</span> <span class='ocrx_word' id='word_1_298' title='bbox 607 2294 652 2328; x_wconf 89' lang='lat' dir='ltr'>Ne</span> <span class='ocrx_word' id='word_1_299' title='bbox 672 2300 778 2328; x_wconf 87' lang='lat' dir='ltr'>autem</span> <span class='ocrx_word' id='word_1_300' title='bbox 802 2295 934 2328; x_wconf 82' lang='lat' dir='ltr'>facultas</span> <span class='ocrx_word' id='word_1_301' title='bbox 958 2295 1124 2338; x_wconf 79' lang='lat' dir='ltr'>regiminis</span> <span class='ocrx_word' id='word_1_302' title='bbox 1144 2296 1191 2329; x_wconf 88' lang='lat' dir='ltr'>di·</span> <span class='ocrx_word' id='word_1_303' title='bbox 1209 2323 1210 2328; x_wconf 72' lang='grc'>,</span> 
     </span>
    </p>
   </div>
   <div class='ocr_carea' id='block_1_17' title="bbox 450 2186 1192 2281">
    <p class='ocr_par' dir='ltr' id='par_1_19' title="bbox 450 2186 1192 2281">
     <span class='ocr_line' id='line_1_57' title="bbox 450 2186 1192 2231; baseline 0.005 -13"><span class='ocrx_word' id='word_1_304' title='bbox 450 2186 660 2220; x_wconf 84' lang='lat' dir='ltr'>vicinioribus</span> <span class='ocrx_word' id='word_1_305' title='bbox 674 2187 804 2220; x_wconf 88' lang='lat' dir='ltr'>alterius</span> <span class='ocrx_word' id='word_1_306' title='bbox 822 2187 1006 2231; x_wconf 87' lang='lat' dir='ltr'>provinciae</span> <span class='ocrx_word' id='word_1_307' title='bbox 1022 2188 1130 2222; x_wconf 87' lang='lat' dir='ltr'>idonei</span> <span class='ocrx_word' id='word_1_308' title='bbox 1144 2199 1192 2222; x_wconf 88' lang='lat' dir='ltr'>as-</span> 
     </span>
     <span class='ocr_line' id='line_1_58' title="bbox 452 2246 638 2281; baseline 0.005 -9"><span class='ocrx_word' id='word_1_309' title='bbox 452 2246 638 2281; x_wconf 78' lang='lat' dir='ltr'>sumantur3</span> 
     </span>
    </p>
   </div>
   <div class='ocr_carea' id='block_1_18' title="bbox 451 2347 1191 2392">
    <p class='ocr_par' dir='ltr' id='par_1_20' title="bbox 451 2347 1191 2392">
     <span class='ocr_line' id='line_1_59' title="bbox 451 2347 1191 2392; baseline 0.001 -11"><span class='ocrx_word' id='word_1_310' title='bbox 451 2353 521 2381; x_wconf 89' lang='lat' dir='ltr'>ctae</span> <span class='ocrx_word' id='word_1_311' title='bbox 535 2347 796 2390; x_wconf 78' lang='lat' dir='ltr'>Congregationis</span> <span class='ocrx_word' id='word_1_312' title='bbox 809 2348 966 2382; x_wconf 88' lang='lat' dir='ltr'>diminuta</span> <span class='ocrx_word' id='word_1_313' title='bbox 985 2348 1191 2392; x_wconf 81' lang='lat' dir='ltr'>intelligatur,</span> 
     </span>
    </p>
   </div>
   <div class='ocr_carea' id='block_1_19' title="bbox 451 2400 1210 2445">
    <p class='ocr_par' dir='ltr' id='par_1_21' title="bbox 451 2400 1210 2445">
     <span class='ocr_line' id='line_1_60' title="bbox 451 2400 1210 2445; baseline 0.003 -11"><span class='ocrx_word' id='word_1_314' title='bbox 451 2400 568 2445; x_wconf 64' lang='lat' dir='ltr'>quod&#39;,</span> <span class='ocrx_word' id='word_1_315' title='bbox 586 2411 644 2445; x_wconf 90' lang='lat' dir='ltr'>pro</span> <span class='ocrx_word' id='word_1_316' title='bbox 657 2401 791 2434; x_wconf 88' lang='lat' dir='ltr'>arbitrio</span> <span class='ocrx_word' id='word_1_317' title='bbox 805 2401 880 2435; x_wconf 86' lang='lat' dir='ltr'>dicti</span> <span class='ocrx_word' id='word_1_318' title='bbox 906 2402 1082 2445; x_wconf 83' lang='lat' dir='ltr'>regiminis,</span> <span class='ocrx_word' id='word_1_319' title='bbox 1095 2403 1193 2436; x_wconf 84' lang='lat' dir='ltr'>abba·</span> <span class='ocrx_word' id='word_1_320' title='bbox 1208 2419 1210 2428; x_wconf 62' lang='lat' dir='ltr'>v</span> 
     </span>
    </p>
   </div>
   <div class='ocr_carea' id='block_1_20' title="bbox 451 2455 1192 2498">
    <p class='ocr_par' dir='ltr' id='par_1_22' title="bbox 451 2455 1192 2498">
     <span class='ocr_line' id='line_1_61' title="bbox 451 2455 1192 2498; baseline 0.004 -11"><span class='ocrx_word' id='word_1_321' title='bbox 451 2461 506 2495; x_wconf 86' lang='lat' dir='ltr'>tes,</span> <span class='ocrx_word' id='word_1_322' title='bbox 523 2455 658 2498; x_wconf 79' lang='lat' dir='ltr'>priores,</span> <span class='ocrx_word' id='word_1_323' title='bbox 682 2465 860 2498; x_wconf 85' lang='lat' dir='ltr'>omnesque</span> <span class='ocrx_word' id='word_1_324' title='bbox 884 2455 1051 2497; x_wconf 82' lang='lat' dir='ltr'>officiales,</span> <span class='ocrx_word' id='word_1_325' title='bbox 1073 2467 1109 2489; x_wconf 92' lang='lat' dir='ltr'>ac</span> <span class='ocrx_word' id='word_1_326' title='bbox 1128 2457 1192 2490; x_wconf 91' lang='lat' dir='ltr'>sin-</span> 
     </span>
    </p>
   </div>
   <div class='ocr_carea' id='block_1_21' title="bbox 450 2509 1209 2553">
    <p class='ocr_par' dir='ltr' id='par_1_23' title="bbox 450 2509 1209 2553">
     <span class='ocr_line' id='line_1_62' title="bbox 450 2509 1209 2553; baseline 0.001 -12"><span class='ocrx_word' id='word_1_327' title='bbox 450 2509 541 2551; x_wconf 86' lang='lat' dir='ltr'>gulos</span> <span class='ocrx_word' id='word_1_328' title='bbox 555 2509 694 2552; x_wconf 74' lang='lat' dir='ltr'>privatos</span> <span class='ocrx_word' id='word_1_329' title='bbox 717 2509 892 2542; x_wconf 83' lang='lat' dir='ltr'>monachos</span> <span class='ocrx_word' id='word_1_330' title='bbox 913 2519 947 2542; x_wconf 82' lang='lat' dir='ltr'>ex</span> <span class='ocrx_word' id='word_1_331' title='bbox 973 2509 1139 2553; x_wconf 70' lang='lat' dir='ltr'>provincia</span> <span class='ocrx_word' id='word_1_332' title='bbox 1160 2509 1190 2542; x_wconf 95' lang='lat' dir='ltr'>in</span> <span class='ocrx_word' id='word_1_333' title='bbox 1208 2524 1209 2528; x_wconf 50' lang='lat'>¹</span> 
     </span>
    </p>
   </div>
   <div class='ocr_carea' id='block_1_22' title="bbox 451 2588 1189 2713">
    <p class='ocr_par' dir='ltr' id='par_1_24' title="bbox 451 2588 1189 2713">
     <span class='ocr_line' id='line_1_63' title="bbox 487 2588 1188 2626; baseline 0.003 -11"><span class='ocrx_word' id='word_1_334' title='bbox 487 2590 495 2615; x_wconf 86' lang='lat'>1</span> <span class='ocrx_word' id='word_1_335' title='bbox 522 2588 620 2616; x_wconf 77' lang='lat' dir='ltr'>Forsan</span> <span class='ocrx_word' id='word_1_336' title='bbox 637 2589 670 2616; x_wconf 91' lang='lat' dir='ltr'>de</span> <span class='ocrx_word' id='word_1_337' title='bbox 691 2597 765 2617; x_wconf 86' lang='lat' dir='ltr'>more</span> <span class='ocrx_word' id='word_1_338' title='bbox 781 2588 934 2616; x_wconf 87' lang='lat' dir='ltr'>addendum</span> <span class='ocrx_word' id='word_1_339' title='bbox 949 2593 974 2616; x_wconf 80' lang='lat' dir='ltr'>et</span> <span class='ocrx_word' id='word_1_340' title='bbox 995 2590 1071 2617; x_wconf 74' lang='lat' dir='ltr'>alias</span> <span class='ocrx_word' id='word_1_341' title='bbox 1088 2591 1123 2626; x_wconf 87' lang='lat' dir='ltr'>(n.</span> <span class='ocrx_word' id='word_1_342' title='bbox 1141 2590 1188 2624; x_wconf 85' lang='grc' dir='ltr'>τ,).</span> 
     </span>
     <span class='ocr_line' id='line_1_64' title="bbox 485 2633 1189 2670; baseline 0.003 -10"><span class='ocrx_word' id='word_1_343' title='bbox 485 2634 502 2660; x_wconf 80' lang='lat'>‘2</span> <span class='ocrx_word' id='word_1_344' title='bbox 523 2633 712 2670; x_wconf 81' lang='lat' dir='ltr'>l&#39;raeintellige</span> <span class='ocrx_word' id='word_1_345' title='bbox 727 2643 834 2670; x_wconf 83' lang='lat' dir='ltr'>semper</span> <span class='ocrx_word' id='word_1_346' title='bbox 848 2635 1004 2663; x_wconf 76' lang='lat' dir='ltr'>statuimus</span> <span class='ocrx_word' id='word_1_347' title='bbox 1023 2638 1048 2663; x_wconf 81' lang='lat' dir='ltr'>el</span> <span class='ocrx_word' id='word_1_348' title='bbox 1062 2635 1189 2663; x_wconf 72' lang='lat' dir='ltr'>ordina-</span> 
     </span>
     <span class='ocr_line' id='line_1_65' title="bbox 451 2679 632 2713; baseline 0.006 -9"><span class='ocrx_word' id='word_1_349' title='bbox 451 2686 514 2704; x_wconf 79' lang='lat' dir='ltr'>mus</span> <span class='ocrx_word' id='word_1_350' title='bbox 528 2680 567 2712; x_wconf 87' lang='lat' dir='ltr'>(n.</span> <span class='ocrx_word' id='word_1_351' title='bbox 585 2679 632 2713; x_wconf 84' lang='lat' dir='ltr'><strong>T.).</strong></span> 
     </span>
    </p>
   </div>
   <div class='ocr_carea' id='block_1_23' title="bbox 1207 1015 1211 2704">
    <p class='ocr_par' dir='ltr' id='par_1_25' title="bbox 1207 1015 1211 2704">
     <span class='ocr_line' id='line_1_66' title="bbox 1207 1015 1211 2704; baseline 0 0"><span class='ocrx_word' id='word_1_352' title='bbox 1207 1015 1211 2704; x_wconf 95' lang='lat' dir='ltr'> </span> 
     </span>
    </p>
   </div>
   <div class='ocr_carea' id='block_1_24' title="bbox 1271 853 1966 898">
    <p class='ocr_par' dir='ltr' id='par_1_26' title="bbox 1271 853 1966 898">
     <span class='ocr_line' id='line_1_67' title="bbox 1271 853 1966 898; baseline 0.001 -11"><span class='ocrx_word' id='word_1_353' title='bbox 1271 854 1358 896; x_wconf 55' lang='lat'>5115.</span> <span class='ocrx_word' id='word_1_354' title='bbox 1387 854 1544 898; x_wconf 85' lang='lat' dir='ltr'>Quodque</span> <span class='ocrx_word' id='word_1_355' title='bbox 1572 853 1720 894; x_wconf 86' lang='lat' dir='ltr'>abbates,</span> <span class='ocrx_word' id='word_1_356' title='bbox 1747 853 1872 897; x_wconf 84' lang='lat' dir='ltr'>priores</span> <span class='ocrx_word' id='word_1_357' title='bbox 1895 863 1966 888; x_wconf 87' lang='lat' dir='ltr'>eae-</span> 
     </span>
    </p>
   </div>
   <div class='ocr_carea' id='block_1_25' title="bbox 1226 959 1969 1109">
    <p class='ocr_par' dir='ltr' id='par_1_27' title="bbox 1226 959 1969 1109">
     <span class='ocr_line' id='line_1_68' title="bbox 1226 959 1967 1004; baseline 0 -11"><span class='ocrx_word' id='word_1_358' title='bbox 1226 965 1316 1004; x_wconf 89' lang='lat' dir='ltr'>ptum</span> <span class='ocrx_word' id='word_1_359' title='bbox 1338 971 1431 993; x_wconf 90' lang='lat' dir='ltr'>usum</span> <span class='ocrx_word' id='word_1_360' title='bbox 1454 960 1557 993; x_wconf 83' lang='lat' dir='ltr'>dictae</span> <span class='ocrx_word' id='word_1_361' title='bbox 1577 959 1851 1003; x_wconf 79' lang='lat' dir='ltr'>Congregationis,</span> <span class='ocrx_word' id='word_1_362' title='bbox 1871 959 1967 995; x_wconf 83' lang='lat' dir='ltr'>alicui</span> 
     </span>
     <span class='ocr_line' id='line_1_69' title="bbox 1228 1012 1967 1057; baseline 0.001 -12"><span class='ocrx_word' id='word_1_363' title='bbox 1228 1014 1422 1047; x_wconf 87' lang='lat' dir='ltr'>monasterio</span> <span class='ocrx_word' id='word_1_364' title='bbox 1443 1023 1508 1046; x_wconf 87' lang='lat' dir='ltr'>non</span> <span class='ocrx_word' id='word_1_365' title='bbox 1526 1013 1756 1057; x_wconf 86' lang='lat' dir='ltr'>praeficiantur</span> <span class='ocrx_word' id='word_1_366' title='bbox 1773 1013 1857 1046; x_wconf 89' lang='lat' dir='ltr'>ultra</span> <span class='ocrx_word' id='word_1_367' title='bbox 1873 1012 1967 1057; x_wconf 92' lang='lat' dir='ltr'>quin-</span> 
     </span>
     <span class='ocr_line' id='line_1_70' title="bbox 1227 1065 1969 1109; baseline 0.001 -11"><span class='ocrx_word' id='word_1_368' title='bbox 1227 1066 1402 1109; x_wconf 86' lang='lat' dir='ltr'>quennium</span> <span class='ocrx_word' id='word_1_369' title='bbox 1419 1093 1426 1107; x_wconf 90' lang='lat'>‚</span> <span class='ocrx_word' id='word_1_370' title='bbox 1455 1071 1485 1099; x_wconf 86' lang='lat' dir='ltr'>et</span> <span class='ocrx_word' id='word_1_371' title='bbox 1517 1066 1555 1098; x_wconf 89' lang='lat' dir='ltr'>ab</span> <span class='ocrx_word' id='word_1_372' title='bbox 1583 1066 1669 1099; x_wconf 92' lang='lat' dir='ltr'>illius</span> <span class='ocrx_word' id='word_1_373' title='bbox 1689 1065 1969 1099; x_wconf 84' lang='lat' dir='ltr'>administratione</span> 
     </span>
    </p>
   </div>
   <div class='ocr_carea' id='block_1_26' title="bbox 1223 1171 2010 2176">
    <p class='ocr_par' dir='ltr' id='par_1_28' title="bbox 1225 1171 1968 1805">
     <span class='ocr_line' id='line_1_71' title="bbox 1227 1171 1967 1216; baseline 0 -11"><span class='ocrx_word' id='word_1_374' title='bbox 1227 1177 1318 1212; x_wconf 76' lang='lat' dir='ltr'>cent3</span> <span class='ocrx_word' id='word_1_375' title='bbox 1341 1172 1385 1205; x_wconf 83' lang='lat' dir='ltr'>ita</span> <span class='ocrx_word' id='word_1_376' title='bbox 1409 1178 1444 1205; x_wconf 93' lang='lat' dir='ltr'>ut</span> <span class='ocrx_word' id='word_1_377' title='bbox 1469 1177 1532 1205; x_wconf 84' lang='lat' dir='ltr'>tarn</span> <span class='ocrx_word' id='word_1_378' title='bbox 1561 1172 1693 1205; x_wconf 83' lang='lat' dir='ltr'>abbates</span> <span class='ocrx_word' id='word_1_379' title='bbox 1724 1182 1820 1216; x_wconf 87' lang='lat' dir='ltr'>quam</span> <span class='ocrx_word' id='word_1_380' title='bbox 1850 1171 1967 1205; x_wconf 84' lang='lat' dir='ltr'>caeteri</span> 
     </span>
     <span class='ocr_line' id='line_1_72' title="bbox 1227 1225 1964 1269; baseline 0.001 -11"><span class='ocrx_word' id='word_1_381' title='bbox 1227 1225 1382 1259; x_wconf 84' lang='lat' dir='ltr'>officiales</span> <span class='ocrx_word' id='word_1_382' title='bbox 1414 1225 1572 1269; x_wconf 87' lang='lat' dir='ltr'>praedicti</span> <span class='ocrx_word' id='word_1_383' title='bbox 1599 1231 1677 1269; x_wconf 90' lang='lat' dir='ltr'>quot</span> <span class='ocrx_word' id='word_1_384' title='bbox 1698 1226 1789 1259; x_wconf 90' lang='lat' dir='ltr'>annis</span> <span class='ocrx_word' id='word_1_385' title='bbox 1813 1225 1964 1269; x_wconf 83' lang='lat' dir='ltr'>praefue-</span> 
     </span>
     <span class='ocr_line' id='line_1_73' title="bbox 1228 1278 1968 1319; baseline 0.001 -8"><span class='ocrx_word' id='word_1_386' title='bbox 1228 1283 1314 1319; x_wconf 88' lang='lat' dir='ltr'>runt,</span> <span class='ocrx_word' id='word_1_387' title='bbox 1335 1284 1382 1311; x_wconf 89' lang='lat' dir='ltr'>tot</span> <span class='ocrx_word' id='word_1_388' title='bbox 1400 1278 1495 1311; x_wconf 89' lang='lat' dir='ltr'>etiam</span> <span class='ocrx_word' id='word_1_389' title='bbox 1517 1278 1556 1311; x_wconf 84' lang='lat' dir='ltr'>ab</span> <span class='ocrx_word' id='word_1_390' title='bbox 1577 1278 1645 1311; x_wconf 86' lang='lat' dir='ltr'>eius</span> <span class='ocrx_word' id='word_1_391' title='bbox 1665 1278 1849 1312; x_wconf 87' lang='lat' dir='ltr'>monasterii</span> <span class='ocrx_word' id='word_1_392' title='bbox 1864 1288 1901 1312; x_wconf 86' lang='lat' dir='ltr'>ac</span> <span class='ocrx_word' id='word_1_393' title='bbox 1920 1279 1968 1312; x_wconf 86' lang='lat' dir='ltr'>of-</span> 
     </span>
     <span class='ocr_line' id='line_1_74' title="bbox 1227 1331 1968 1376; baseline 0.004 -13"><span class='ocrx_word' id='word_1_394' title='bbox 1227 1331 1290 1364; x_wconf 84' lang='lat' dir='ltr'>ficii</span> <span class='ocrx_word' id='word_1_395' title='bbox 1309 1331 1589 1366; x_wconf 84' lang='lat' dir='ltr'>administratione</span> <span class='ocrx_word' id='word_1_396' title='bbox 1607 1337 1736 1365; x_wconf 87' lang='lat' dir='ltr'>vacent:</span> <span class='ocrx_word' id='word_1_397' title='bbox 1754 1338 1785 1365; x_wconf 87' lang='lat' dir='ltr'>et</span> <span class='ocrx_word' id='word_1_398' title='bbox 1802 1332 1890 1376; x_wconf 90' lang='lat' dir='ltr'>quod</span> <span class='ocrx_word' id='word_1_399' title='bbox 1906 1331 1968 1366; x_wconf 89' lang='lat' dir='ltr'>sin-</span> 
     </span>
     <span class='ocr_line' id='line_1_75' title="bbox 1227 1385 1966 1431; baseline 0.003 -13"><span class='ocrx_word' id='word_1_400' title='bbox 1227 1385 1290 1428; x_wconf 81' lang='lat' dir='ltr'>guli</span> <span class='ocrx_word' id='word_1_401' title='bbox 1317 1385 1490 1427; x_wconf 84' lang='lat' dir='ltr'>resideant,</span> <span class='ocrx_word' id='word_1_402' title='bbox 1513 1396 1573 1419; x_wconf 90' lang='lat' dir='ltr'>nec</span> <span class='ocrx_word' id='word_1_403' title='bbox 1597 1386 1636 1419; x_wconf 87' lang='lat' dir='ltr'>ab</span> <span class='ocrx_word' id='word_1_404' title='bbox 1661 1386 1705 1420; x_wconf 88' lang='lat' dir='ltr'>eis</span> <span class='ocrx_word' id='word_1_405' title='bbox 1729 1387 1796 1420; x_wconf 89' lang='lat' dir='ltr'>ullo</span> <span class='ocrx_word' id='word_1_406' title='bbox 1821 1386 1966 1431; x_wconf 87' lang='lat' dir='ltr'>quaesito</span> 
     </span>
     <span class='ocr_line' id='line_1_76' title="bbox 1227 1438 1966 1484; baseline 0.004 -13"><span class='ocrx_word' id='word_1_407' title='bbox 1227 1438 1334 1472; x_wconf 86' lang='lat' dir='ltr'>colore</span> <span class='ocrx_word' id='word_1_408' title='bbox 1362 1439 1445 1472; x_wconf 87' lang='lat' dir='ltr'>ultra</span> <span class='ocrx_word' id='word_1_409' title='bbox 1474 1449 1570 1472; x_wconf 88' lang='lat' dir='ltr'>unam</span> <span class='ocrx_word' id='word_1_410' title='bbox 1601 1439 1718 1474; x_wconf 88' lang='lat' dir='ltr'>dietam</span> <span class='ocrx_word' id='word_1_411' title='bbox 1747 1445 1778 1473; x_wconf 89' lang='lat' dir='ltr'>et</span> <span class='ocrx_word' id='word_1_412' title='bbox 1807 1450 1866 1484; x_wconf 87' lang='lat' dir='ltr'>per</span> <span class='ocrx_word' id='word_1_413' title='bbox 1892 1445 1966 1474; x_wconf 92' lang='lat' dir='ltr'>octo</span> 
     </span>
     <span class='ocr_line' id='line_1_77' title="bbox 1226 1493 1964 1538; baseline 0 -11"><span class='ocrx_word' id='word_1_414' title='bbox 1226 1493 1315 1534; x_wconf 88' lang='lat' dir='ltr'>dies,</span> <span class='ocrx_word' id='word_1_415' title='bbox 1339 1493 1407 1526; x_wconf 89' lang='lat' dir='ltr'>sine</span> <span class='ocrx_word' id='word_1_416' title='bbox 1427 1493 1556 1527; x_wconf 76' lang='lat' dir='ltr'>licentia</span> <span class='ocrx_word' id='word_1_417' title='bbox 1588 1493 1821 1538; x_wconf 78' lang='lat' dir='ltr'>praesidentis⁸</span> <span class='ocrx_word' id='word_1_418' title='bbox 1849 1494 1964 1528; x_wconf 87' lang='lat' dir='ltr'>iustam</span> 
     </span>
     <span class='ocr_line' id='line_1_78' title="bbox 1226 1547 1966 1592; baseline 0.003 -13"><span class='ocrx_word' id='word_1_419' title='bbox 1226 1557 1353 1580; x_wconf 87' lang='lat' dir='ltr'>causam</span> <span class='ocrx_word' id='word_1_420' title='bbox 1367 1557 1548 1590; x_wconf 78' lang='lat' dir='ltr'>expressam</span> <span class='ocrx_word' id='word_1_421' title='bbox 1559 1547 1839 1581; x_wconf 86' lang='lat' dir='ltr'>conservatoribus</span> <span class='ocrx_word' id='word_1_422' title='bbox 1849 1547 1882 1581; x_wconf 92' lang='lat' dir='ltr'>in</span> <span class='ocrx_word' id='word_1_423' title='bbox 1895 1558 1966 1592; x_wconf 88' lang='lat' dir='ltr'>pro-</span> 
     </span>
     <span class='ocr_line' id='line_1_79' title="bbox 1226 1600 1967 1644; baseline 0.005 -12"><span class='ocrx_word' id='word_1_424' title='bbox 1226 1600 1310 1633; x_wconf 75' lang='lat' dir='ltr'>ximo</span> <span class='ocrx_word' id='word_1_425' title='bbox 1343 1601 1484 1644; x_wconf 87' lang='lat' dir='ltr'>capitulo</span> <span class='ocrx_word' id='word_1_426' title='bbox 1515 1601 1658 1643; x_wconf 78' lang='lat' dir='ltr'>generali</span> <span class='ocrx_word' id='word_1_427' title='bbox 1691 1601 1903 1635; x_wconf 79' lang='lat' dir='ltr'>exhibendam</span> <span class='ocrx_word' id='word_1_428' title='bbox 1936 1608 1967 1636; x_wconf 90' lang='lat' dir='ltr'>et</span> 
     </span>
     <span class='ocr_line' id='line_1_80' title="bbox 1225 1654 1963 1690; baseline 0.005 -4"><span class='ocrx_word' id='word_1_429' title='bbox 1225 1654 1470 1687; x_wconf 83' lang='lat' dir='ltr'>examinandam</span> <span class='ocrx_word' id='word_1_430' title='bbox 1493 1664 1531 1687; x_wconf 89' lang='lat' dir='ltr'>an</span> <span class='ocrx_word' id='word_1_431' title='bbox 1553 1655 1634 1688; x_wconf 89' lang='lat' dir='ltr'>iusta</span> <span class='ocrx_word' id='word_1_432' title='bbox 1661 1655 1753 1688; x_wconf 85' lang='lat' dir='ltr'>l&#39;uerit</span> <span class='ocrx_word' id='word_1_433' title='bbox 1781 1666 1877 1689; x_wconf 88' lang='lat' dir='ltr'>eausa</span> <span class='ocrx_word' id='word_1_434' title='bbox 1896 1656 1963 1690; x_wconf 83' lang='lat' dir='ltr'>dis—</span> 
     </span>
     <span class='ocr_line' id='line_1_81' title="bbox 1225 1708 1965 1752; baseline 0.004 -11"><span class='ocrx_word' id='word_1_435' title='bbox 1225 1708 1344 1751; x_wconf 82' lang='lat' dir='ltr'>cessus)</span> <span class='ocrx_word' id='word_1_436' title='bbox 1365 1708 1475 1741; x_wconf 89' lang='lat' dir='ltr'>abesse</span> <span class='ocrx_word' id='word_1_437' title='bbox 1495 1708 1628 1751; x_wconf 88' lang='lat' dir='ltr'>possint,</span> <span class='ocrx_word' id='word_1_438' title='bbox 1652 1714 1682 1742; x_wconf 89' lang='lat' dir='ltr'>et</span> <span class='ocrx_word' id='word_1_439' title='bbox 1702 1709 1755 1752; x_wconf 91' lang='lat' dir='ltr'>qui</span> <span class='ocrx_word' id='word_1_440' title='bbox 1773 1719 1864 1743; x_wconf 87' lang='lat' dir='ltr'>secus</span> <span class='ocrx_word' id='word_1_441' title='bbox 1882 1710 1965 1744; x_wconf 82' lang='lat' dir='ltr'>sece-</span> 
     </span>
     <span class='ocr_line' id='line_1_82' title="bbox 1225 1761 1806 1805; baseline 0.003 -12"><span class='ocrx_word' id='word_1_442' title='bbox 1225 1761 1288 1794; x_wconf 88' lang='lat' dir='ltr'>rint</span> <span class='ocrx_word' id='word_1_443' title='bbox 1308 1761 1436 1794; x_wconf 89' lang='lat' dir='ltr'>illorum</span> <span class='ocrx_word' id='word_1_444' title='bbox 1459 1761 1594 1795; x_wconf 86' lang='lat' dir='ltr'>arbitrio</span> <span class='ocrx_word' id='word_1_445' title='bbox 1614 1762 1806 1805; x_wconf 78' lang='lat' dir='ltr'>puniantur3</span> 
     </span>
    </p>

    <p class='ocr_par' dir='ltr' id='par_1_29' title="bbox 1223 1811 2010 2176">
     <span class='ocr_line' id='line_1_83' title="bbox 1268 1811 1965 1856; baseline 0.007 -12"><span class='ocrx_word' id='word_1_446' title='bbox 1268 1813 1285 1854; x_wconf 63' lang='grc' dir='ltr'>ξ</span> <span class='ocrx_word' id='word_1_447' title='bbox 1319 1811 1369 1845; x_wconf 70' lang='grc'>16.</span> <span class='ocrx_word' id='word_1_448' title='bbox 1409 1813 1452 1845; x_wconf 81' lang='lat' dir='ltr'>Ne</span> <span class='ocrx_word' id='word_1_449' title='bbox 1485 1812 1555 1846; x_wconf 87' lang='lat' dir='ltr'>aliis</span> <span class='ocrx_word' id='word_1_450' title='bbox 1586 1813 1809 1856; x_wconf 76' lang='lat' dir='ltr'>praedicantes</span> <span class='ocrx_word' id='word_1_451' title='bbox 1834 1813 1965 1849; x_wconf 88' lang='lat' dir='ltr'>abbates</span> 
     </span>
     <span class='ocr_line' id='line_1_84' title="bbox 1223 1865 1965 1911; baseline 0.004 -13"><span class='ocrx_word' id='word_1_452' title='bbox 1223 1865 1379 1909; x_wconf 84' lang='lat' dir='ltr'>praedicti</span> <span class='ocrx_word' id='word_1_453' title='bbox 1404 1865 1535 1909; x_wconf 89' lang='lat' dir='ltr'>reprobi</span> <span class='ocrx_word' id='word_1_454' title='bbox 1561 1865 1784 1907; x_wconf 84' lang='lat' dir='ltr'>inveniantur,</span> <span class='ocrx_word' id='word_1_455' title='bbox 1813 1867 1900 1911; x_wconf 84' lang='lat' dir='ltr'>quod</span> <span class='ocrx_word' id='word_1_456' title='bbox 1925 1868 1965 1901; x_wconf 86' lang='lat' dir='ltr'>ad</span> 
     </span>
     <span class='ocr_line' id='line_1_85' title="bbox 1223 1919 1964 1962; baseline 0.004 -11"><span class='ocrx_word' id='word_1_457' title='bbox 1223 1919 1319 1952; x_wconf 88' lang='lat' dir='ltr'>vitam</span> <span class='ocrx_word' id='word_1_458' title='bbox 1339 1929 1557 1960; x_wconf 85' lang='lat' dir='ltr'>communem,</span> <span class='ocrx_word' id='word_1_459' title='bbox 1578 1929 1703 1953; x_wconf 88' lang='lat' dir='ltr'>necnon</span> <span class='ocrx_word' id='word_1_460' title='bbox 1726 1919 1832 1953; x_wconf 78' lang='lat' dir='ltr'>divina</span> <span class='ocrx_word' id='word_1_461' title='bbox 1850 1920 1964 1962; x_wconf 84' lang='lat' dir='ltr'>officia,</span> 
     </span>
     <span class='ocr_line' id='line_1_86' title="bbox 1225 1972 2010 2018; baseline 0.003 -12"><span class='ocrx_word' id='word_1_462' title='bbox 1225 1980 1287 2006; x_wconf 86' lang='lat' dir='ltr'>tam</span> <span class='ocrx_word' id='word_1_463' title='bbox 1315 1972 1429 2006; x_wconf 87' lang='lat' dir='ltr'>diurna</span> <span class='ocrx_word' id='word_1_464' title='bbox 1454 1982 1550 2016; x_wconf 87' lang='lat' dir='ltr'>quam</span> <span class='ocrx_word' id='word_1_465' title='bbox 1580 1978 1758 2015; x_wconf 86' lang='lat' dir='ltr'>nocturna,</span> <span class='ocrx_word' id='word_1_466' title='bbox 1793 1974 1966 2018; x_wconf 89' lang='lat' dir='ltr'>omniaque</span> <span class='ocrx_word' id='word_1_467' title='bbox 2006 1993 2010 1996; x_wconf 47' lang='lat'><strong>⁴</strong></span> 
     </span>
     <span class='ocr_line' id='line_1_87' title="bbox 1225 2025 1967 2069; baseline 0.001 -10"><span class='ocrx_word' id='word_1_468' title='bbox 1225 2026 1286 2059; x_wconf 90' lang='lat' dir='ltr'>alia</span> <span class='ocrx_word' id='word_1_469' title='bbox 1311 2026 1440 2069; x_wconf 88' lang='lat' dir='ltr'>regulae</span> <span class='ocrx_word' id='word_1_470' title='bbox 1466 2025 1568 2059; x_wconf 88' lang='lat' dir='ltr'>dictae</span> <span class='ocrx_word' id='word_1_471' title='bbox 1593 2025 1858 2069; x_wconf 81' lang='lat' dir='ltr'>Congregationis</span> <span class='ocrx_word' id='word_1_472' title='bbox 1877 2026 1967 2061; x_wconf 91' lang='lat' dir='ltr'>insti-</span> 
     </span>
     <span class='ocr_line' id='line_1_88' title="bbox 1226 2079 1968 2125; baseline 0.003 -13"><span class='ocrx_word' id='word_1_473' title='bbox 1226 2085 1292 2113; x_wconf 84' lang='lat' dir='ltr'>tuta</span> <span class='ocrx_word' id='word_1_474' title='bbox 1312 2090 1385 2113; x_wconf 87' lang='lat' dir='ltr'>cum</span> <span class='ocrx_word' id='word_1_475' title='bbox 1406 2079 1460 2113; x_wconf 90' lang='lat' dir='ltr'>Dei</span> <span class='ocrx_word' id='word_1_476' title='bbox 1483 2079 1610 2120; x_wconf 88' lang='lat' dir='ltr'>timore,</span> <span class='ocrx_word' id='word_1_477' title='bbox 1634 2080 1744 2113; x_wconf 74' lang='lat' dir='ltr'>habita</span> <span class='ocrx_word' id='word_1_478' title='bbox 1769 2086 1876 2114; x_wconf 90' lang='lat' dir='ltr'>tamen</span> <span class='ocrx_word' id='word_1_479' title='bbox 1896 2091 1968 2125; x_wconf 86' lang='lat' dir='ltr'>per-</span> 
     </span>
     <span class='ocr_line' id='line_1_89' title="bbox 1225 2132 1968 2176; baseline 0.003 -10"><span class='ocrx_word' id='word_1_480' title='bbox 1225 2143 1377 2166; x_wconf 87' lang='lat' dir='ltr'>sonarum</span> <span class='ocrx_word' id='word_1_481' title='bbox 1393 2143 1429 2165; x_wconf 88' lang='lat' dir='ltr'>ac</span> <span class='ocrx_word' id='word_1_482' title='bbox 1443 2139 1626 2176; x_wconf 86' lang='lat' dir='ltr'>temporum</span> <span class='ocrx_word' id='word_1_483' title='bbox 1641 2132 1819 2176; x_wconf 85' lang='lat' dir='ltr'>qualitate⁴,</span> <span class='ocrx_word' id='word_1_484' title='bbox 1835 2143 1968 2168; x_wconf 88' lang='lat' dir='ltr'>concur—</span> 
     </span>
    </p>
   </div>
   <div class='ocr_carea' id='block_1_27' title="bbox 1224 2321 1967 2715">
    <p class='ocr_par' dir='ltr' id='par_1_30' title="bbox 1264 2321 1965 2357">
     <span class='ocr_line' id='line_1_90' title="bbox 1264 2321 1965 2357; baseline 0.001 -9"><span class='ocrx_word' id='word_1_485' title='bbox 1264 2323 1272 2348; x_wconf 85' lang='lat' dir='ltr'>l</span> <span class='ocrx_word' id='word_1_486' title='bbox 1298 2321 1409 2357; x_wconf 83' lang='lat' dir='ltr'>Nempe:</span> <span class='ocrx_word' id='word_1_487' title='bbox 1432 2322 1460 2348; x_wconf 80' lang='lat' dir='ltr'>ei</span> <span class='ocrx_word' id='word_1_488' title='bbox 1479 2321 1618 2355; x_wconf 67' lang='lat' dir='ltr'>reyiminz&#39;</span> <span class='ocrx_word' id='word_1_489' title='bbox 1646 2321 1685 2348; x_wconf 86' lang='lat' dir='ltr'>vel</span> <span class='ocrx_word' id='word_1_490' title='bbox 1713 2321 1876 2356; x_wconf 78' lang='lat' dir='ltr'>definitorio</span> <span class='ocrx_word' id='word_1_491' title='bbox 1889 2322 1965 2357; x_wconf 69' lang='lat' dir='ltr'>(nst).</span> 
     </span>
    </p>

    <p class='ocr_par' dir='ltr' id='par_1_31' title="bbox 1224 2365 1967 2490">
     <span class='ocr_line' id='line_1_91' title="bbox 1262 2365 1967 2401; baseline 0.003 -9"><span class='ocrx_word' id='word_1_492' title='bbox 1262 2365 1278 2392; x_wconf 76' lang='lat'><strong>2</strong></span> <span class='ocrx_word' id='word_1_493' title='bbox 1293 2365 1447 2401; x_wconf 81' lang='lat' dir='ltr'>Legendum</span> <span class='ocrx_word' id='word_1_494' title='bbox 1465 2365 1601 2392; x_wconf 75' lang='lat' dir='ltr'>rideretur</span> <span class='ocrx_word' id='word_1_495' title='bbox 1623 2366 1751 2393; x_wconf 72' lang='lat' dir='ltr'>amoveri</span> <span class='ocrx_word' id='word_1_496' title='bbox 1778 2368 1805 2394; x_wconf 77' lang='lat' dir='ltr'>ec</span> <span class='ocrx_word' id='word_1_497' title='bbox 1823 2366 1967 2395; x_wconf 80' lang='lat' dir='ltr'>destinari</span> 
     </span>
     <span class='ocr_line' id='line_1_92' title="bbox 1224 2409 1965 2447; baseline 0.003 -10"><span class='ocrx_word' id='word_1_498' title='bbox 1224 2411 1335 2446; x_wconf 78' lang='lat' dir='ltr'>possint</span> <span class='ocrx_word' id='word_1_499' title='bbox 1348 2413 1372 2438; x_wconf 84' lang='lat' dir='ltr'>et</span> <span class='ocrx_word' id='word_1_500' title='bbox 1389 2411 1513 2444; x_wconf 79' lang='lat' dir='ltr'>valeant,</span> <span class='ocrx_word' id='word_1_501' title='bbox 1537 2418 1633 2445; x_wconf 83' lang='lat' dir='ltr'>nempe</span> <span class='ocrx_word' id='word_1_502' title='bbox 1657 2409 1770 2437; x_wconf 85' lang='lat' dir='ltr'>abbates</span> <span class='ocrx_word' id='word_1_503' title='bbox 1786 2414 1812 2437; x_wconf 87' lang='lat' dir='ltr'>et</span> <span class='ocrx_word' id='word_1_504' title='bbox 1827 2410 1871 2438; x_wconf 87' lang='lat' dir='ltr'>alii</span> <span class='ocrx_word' id='word_1_505' title='bbox 1887 2419 1965 2447; x_wconf 85' lang='lat' dir='ltr'>prae-</span> 
     </span>
     <span class='ocr_line' id='line_1_93' title="bbox 1226 2454 1856 2490; baseline 0 -8"><span class='ocrx_word' id='word_1_506' title='bbox 1226 2454 1299 2488; x_wconf 87' lang='lat' dir='ltr'>dicti,</span> <span class='ocrx_word' id='word_1_507' title='bbox 1316 2463 1347 2482; x_wconf 85' lang='lat' dir='ltr'>ac</span> <span class='ocrx_word' id='word_1_508' title='bbox 1361 2455 1473 2490; x_wconf 72' lang='lat' dir='ltr'>sinqulz&#39;</span> <span class='ocrx_word' id='word_1_509' title='bbox 1482 2455 1596 2490; x_wconf 70' lang='lat' dir='ltr'>privati</span> <span class='ocrx_word' id='word_1_510' title='bbox 1609 2455 1743 2482; x_wconf 78' lang='lat' dir='ltr'>monachi</span> <span class='ocrx_word' id='word_1_511' title='bbox 1759 2456 1796 2490; x_wconf 84' lang='lat' dir='ltr'>(n.</span> <span class='ocrx_word' id='word_1_512' title='bbox 1809 2461 1856 2490; x_wconf 83' lang='lat' dir='ltr'>T.).</span> 
     </span>
    </p>

    <p class='ocr_par' dir='ltr' id='par_1_32' title="bbox 1224 2499 1965 2625">
     <span class='ocr_line' id='line_1_94' title="bbox 1260 2499 1965 2535; baseline 0.003 -8"><span class='ocrx_word' id='word_1_513' title='bbox 1260 2500 1277 2527; x_wconf 94' lang='grc'><strong>3</strong></span> <span class='ocrx_word' id='word_1_514' title='bbox 1296 2499 1361 2527; x_wconf 87' lang='lat' dir='ltr'>lleic</span> <span class='ocrx_word' id='word_1_515' title='bbox 1380 2499 1557 2535; x_wconf 84' lang='lat' dir='ltr'>supplendum</span> <span class='ocrx_word' id='word_1_516' title='bbox 1579 2499 1644 2526; x_wconf 86' lang='lat' dir='ltr'>mihi</span> <span class='ocrx_word' id='word_1_517' title='bbox 1662 2499 1813 2527; x_wconf 85' lang='lat' dir='ltr'>videretur:</span> <span class='ocrx_word' id='word_1_518' title='bbox 1826 2503 1852 2527; x_wconf 74' lang='lat' dir='ltr'>et</span> <span class='ocrx_word' id='word_1_519' title='bbox 1864 2500 1922 2529; x_wconf 84' lang='lat' dir='ltr'>nisi</span> <span class='ocrx_word' id='word_1_520' title='bbox 1932 2501 1965 2529; x_wconf 80' lang='lat' dir='ltr'>ob</span> 
     </span>
     <span class='ocr_line' id='line_1_95' title="bbox 1227 2543 1964 2580; baseline 0.004 -10"><span class='ocrx_word' id='word_1_521' title='bbox 1227 2544 1266 2571; x_wconf 84' lang='lat' dir='ltr'>vel</span> <span class='ocrx_word' id='word_1_522' title='bbox 1283 2543 1385 2580; x_wconf 85' lang='lat' dir='ltr'>aliquid</span> <span class='ocrx_word' id='word_1_523' title='bbox 1405 2543 1503 2577; x_wconf 88' lang='lat' dir='ltr'>simile;</span> <span class='ocrx_word' id='word_1_524' title='bbox 1524 2547 1570 2570; x_wconf 84' lang='lat' dir='ltr'>aut</span> <span class='ocrx_word' id='word_1_525' title='bbox 1591 2543 1746 2578; x_wconf 85' lang='lat' dir='ltr'>legendum:</span> <span class='ocrx_word' id='word_1_526' title='bbox 1764 2547 1790 2572; x_wconf 81' lang='lat' dir='ltr'>el</span> <span class='ocrx_word' id='word_1_527' title='bbox 1805 2544 1869 2571; x_wconf 79' lang='lat' dir='ltr'>sine</span> <span class='ocrx_word' id='word_1_528' title='bbox 1888 2545 1964 2573; x_wconf 68' lang='lat' dir='ltr'>iusta</span> 
     </span>
     <span class='ocr_line' id='line_1_96' title="bbox 1224 2588 1964 2625; baseline 0.003 -10"><span class='ocrx_word' id='word_1_529' title='bbox 1224 2590 1312 2616; x_wconf 68' lang='lat' dir='ltr'>causet</span> <span class='ocrx_word' id='word_1_530' title='bbox 1320 2590 1476 2623; x_wconf 71' lang='lat' dir='ltr'>eoepressc‘t„</span> <span class='ocrx_word' id='word_1_531' title='bbox 1485 2588 1644 2616; x_wconf 70' lang='lat' dir='ltr'>eaehibendci</span> <span class='ocrx_word' id='word_1_532' title='bbox 1654 2591 1679 2616; x_wconf 78' lang='lat' dir='ltr'>et</span> <span class='ocrx_word' id='word_1_533' title='bbox 1687 2589 1888 2616; x_wconf 63' lang='lat' dir='ltr'>examinanda</span> <span class='ocrx_word' id='word_1_534' title='bbox 1896 2589 1964 2625; x_wconf 68' lang='lat' dir='ltr'>(ns)</span> 
     </span>
    </p>

    <p class='ocr_par' dir='ltr' id='par_1_33' title="bbox 1260 2632 1962 2669">
     <span class='ocr_line' id='line_1_97' title="bbox 1260 2632 1962 2669; baseline 0.001 -9"><span class='ocrx_word' id='word_1_535' title='bbox 1260 2633 1276 2660; x_wconf 77' lang='lat'>4</span> <span class='ocrx_word' id='word_1_536' title='bbox 1295 2633 1389 2668; x_wconf 82' lang='lat' dir='ltr'>Aptius</span> <span class='ocrx_word' id='word_1_537' title='bbox 1408 2632 1544 2668; x_wconf 84' lang='lat' dir='ltr'>legeretur</span> <span class='ocrx_word' id='word_1_538' title='bbox 1563 2632 1714 2667; x_wconf 75' lang='lat' dir='ltr'>qualitatis</span> <span class='ocrx_word' id='word_1_539' title='bbox 1729 2634 1842 2661; x_wconf 78' lang='lat' dir='ltr'>ratione</span> <span class='ocrx_word' id='word_1_540' title='bbox 1860 2634 1898 2669; x_wconf 77' lang='lat' dir='ltr'>(R.</span> <span class='ocrx_word' id='word_1_541' title='bbox 1914 2635 1962 2668; x_wconf 74' lang='lat' dir='ltr'>T.)-</span> 
     </span>
    </p>

    <p class='ocr_par' dir='ltr' id='par_1_34' title="bbox 1258 2677 1963 2715">
     <span class='ocr_line' id='line_1_98' title="bbox 1258 2677 1963 2715; baseline 0 -9"><span class='ocrx_word' id='word_1_542' title='bbox 1258 2678 1275 2706; x_wconf 86' lang='lat'>5</span> <span class='ocrx_word' id='word_1_543' title='bbox 1285 2677 1405 2706; x_wconf 84' lang='lat' dir='ltr'>Erronee</span> <span class='ocrx_word' id='word_1_544' title='bbox 1415 2677 1479 2705; x_wconf 84' lang='lat' dir='ltr'>edit.</span> <span class='ocrx_word' id='word_1_545' title='bbox 1492 2677 1570 2705; x_wconf 83' lang='lat' dir='ltr'>Malu.</span> <span class='ocrx_word' id='word_1_546' title='bbox 1585 2677 1650 2713; x_wconf 84' lang='lat' dir='ltr'>legit</span> <span class='ocrx_word' id='word_1_547' title='bbox 1667 2680 1696 2706; x_wconf 77' lang='grc' dir='ltr'>ιιι</span> <span class='ocrx_word' id='word_1_548' title='bbox 1710 2678 1736 2706; x_wconf 82' lang='lat' dir='ltr'>si</span> <span class='ocrx_word' id='word_1_549' title='bbox 1749 2686 1799 2715; x_wconf 86' lang='lat' dir='ltr'>pro</span> <span class='ocrx_word' id='word_1_550' title='bbox 1809 2679 1869 2707; x_wconf 75' lang='lat' dir='ltr'>nisi</span> <span class='ocrx_word' id='word_1_551' title='bbox 1885 2679 1963 2715; x_wconf 64' lang='lat' dir='ltr'>(uxr).</span> 
     </span>
    </p>
   </div>
   <div class='ocr_carea' id='block_1_28' title="bbox 2155 0 2227 249">
    <p class='ocr_par' dir='ltr' id='par_1_35' title="bbox 2155 0 2227 249">
     <span class='ocr_line' id='line_1_99' title="bbox 2155 0 2227 249; baseline 0 2992"><span class='ocrx_word' id='word_1_552' title='bbox 2155 0 2227 249; x_wconf 95' lang='lat' dir='ltr'> </span> 
     </span>
    </p>
   </div>
   <div class='ocr_carea' id='block_1_29' title="bbox 1981 251 2219 302">
    <p class='ocr_par' dir='ltr' id='par_1_36' title="bbox 1981 251 2219 302">
     <span class='ocr_line' id='line_1_100' title="bbox 1981 251 2219 302; baseline 0.008 -2"><span class='ocrx_word' id='word_1_553' title='bbox 1981 274 2030 300; x_wconf 80' lang='lat' dir='ltr'>An.</span> <span class='ocrx_word' id='word_1_554' title='bbox 2047 274 2075 300; x_wconf 88' lang='lat' dir='ltr'>C.</span> <span class='ocrx_word' id='word_1_555' title='bbox 2096 273 2162 302; x_wconf 77' lang='lat'>160⁷</span> <span class='ocrx_word' id='word_1_556' title='bbox 2218 251 2219 254; x_wconf 55' lang='lat'>¹</span> 
     </span>
    </p>
   </div>
   <div class='ocr_carea' id='block_1_30' title="bbox 2155 345 2227 1811">
    <p class='ocr_par' dir='ltr' id='par_1_37' title="bbox 2155 345 2227 1811">
     <span class='ocr_line' id='line_1_101' title="bbox 2155 345 2227 1811; baseline 0.861 -967"><span class='ocrx_word' id='word_1_557' title='bbox 2155 345 2227 1811; x_wconf 95' lang='lat' dir='ltr'>     </span> 
     </span>
    </p>
   </div>
   <div class='ocr_carea' id='block_1_31' title="bbox 1227 864 2165 951">
    <p class='ocr_par' dir='ltr' id='par_1_38' title="bbox 1227 864 2165 951">
     <span class='ocr_line' id='line_1_102' title="bbox 2006 864 2165 895; baseline 0.006 -10"><span class='ocrx_word' id='word_1_558' title='bbox 2006 864 2083 894; x_wconf 65' lang='lat' dir='ltr'>ljlorum</span> <span class='ocrx_word' id='word_1_559' title='bbox 2090 870 2165 895; x_wconf 70' lang='lat' dir='ltr'>xnunus</span> 
     </span>
     <span class='ocr_line' id='line_1_103' title="bbox 1227 896 2164 951; baseline -0.001 -11"><span class='ocrx_word' id='word_1_560' title='bbox 1227 907 1350 951; x_wconf 88' lang='lat' dir='ltr'>terique</span> <span class='ocrx_word' id='word_1_561' title='bbox 1364 906 1516 940; x_wconf 82' lang='lat' dir='ltr'>officiales</span> <span class='ocrx_word' id='word_1_562' title='bbox 1529 907 1695 950; x_wconf 87' lang='lat' dir='ltr'>praedicti,</span> <span class='ocrx_word' id='word_1_563' title='bbox 1710 906 1796 940; x_wconf 82' lang='lat' dir='ltr'>iuxta</span> <span class='ocrx_word' id='word_1_564' title='bbox 1811 906 1966 951; x_wconf 87' lang='lat' dir='ltr'>praescri-</span> <span class='ocrx_word' id='word_1_565' title='bbox 1980 896 2164 944; x_wconf 51' lang='lat' dir='ltr'>gpgffinenmoex-</span> 
     </span>
    </p>
   </div>
   <div class='ocr_carea' id='block_1_32' title="bbox 1979 1821 2165 1923">
    <p class='ocr_par' dir='ltr' id='par_1_39' title="bbox 1979 1821 2165 1923">
     <span class='ocr_line' id='line_1_104' title="bbox 2025 1821 2165 1842; baseline 0 0"><span class='ocrx_word' id='word_1_566' title='bbox 2025 1821 2094 1842; x_wconf 82' lang='lat' dir='ltr'>Vitam</span> <span class='ocrx_word' id='word_1_567' title='bbox 2109 1825 2165 1842; x_wconf 84' lang='lat' dir='ltr'>eom·</span> 
     </span>
     <span class='ocr_line' id='line_1_105' title="bbox 1979 1847 2165 1869; baseline -0.005 0"><span class='ocrx_word' id='word_1_568' title='bbox 1979 1853 2062 1869; x_wconf 80' lang='lat' dir='ltr'>munem</span> <span class='ocrx_word' id='word_1_569' title='bbox 2084 1849 2105 1868; x_wconf 77' lang='lat' dir='ltr'>et</span> <span class='ocrx_word' id='word_1_570' title='bbox 2121 1847 2165 1869; x_wconf 67' lang='lat' dir='ltr'>alia</span> 
     </span>
     <span class='ocr_line' id='line_1_106' title="bbox 1980 1873 2164 1896; baseline 0.005 -1"><span class='ocrx_word' id='word_1_571' title='bbox 1980 1875 2076 1895; x_wconf 81' lang='lat' dir='ltr'>instituta</span> <span class='ocrx_word' id='word_1_572' title='bbox 2092 1873 2164 1896; x_wconf 80' lang='lat' dir='ltr'>obser-</span> 
     </span>
     <span class='ocr_line' id='line_1_107' title="bbox 1981 1902 2036 1923; baseline 0.018 -2"><span class='ocrx_word' id='word_1_573' title='bbox 1981 1902 2036 1923; x_wconf 86' lang='lat' dir='ltr'>vent.</span> 
     </span>
    </p>
   </div>
  </div>
 </body>
</html>
