2227 3241
49 209 97 236 An.
110 206 138 234 C.
159 205 226 233 1606

84 1695 189 1735 rhiuppus
203 1707 230 1728 111

883 201 937 224 PM
947 200 1004 223 Lt's
1027 202 1043 223 V
1066 201 1109 223 Pr,

242 252 308 293 riis,
329 251 440 295 quovis
470 251 566 284 modo
592 250 777 283 vacantibus
803 249 833 281 in
864 247 984 281 eisdem

242 305 381 350 oppidis,
399 305 491 338 terris
509 311 537 338 et
553 305 642 345 locis,
661 304 690 336 in
707 303 824 347 quibus
838 302 984 335 ltlorischi

241 369 297 393 seu
322 358 446 392 noviter
467 357 610 392 conversi
639 357 794 401 praedicti
820 355 981 397 habitant,

242 412 337 446 etiam
360 412 524 456 quibusvis
552 411 622 445 aliis
648 411 786 444 aliorum
810 420 982 453 regnorum

242 465 424 508 indigenis,
452 476 506 499 seu
537 464 760 504 naturalibus,
789 462 985 508 presbyteris

242 519 471 558 saecularibus,
494 523 590 561 atque
611 517 705 550 etiam
724 516 911 560 quorumvis
928 515 985 550 Or-

243 572 354 605 dinum
385 572 480 605 etiam
506 570 754 604 Mendicantium
784 569 985 612 regularibus

245 624 314 669 (qui
328 624 414 669 ipsos
427 624 579 658 Moriscos
592 623 657 657 sire
675 622 801 656 noviter
814 631 986 656 conversos

245 679 277 711 in
297 677 362 711 fide
391 677 549 711 catholica
570 682 599 710 et
620 676 738 720 pietate
766 675 938 718 diligenter
956 681 985 708 et

244 730 380 765 sollicite
396 730 565 770 instruant,
582 729 722 774 ipsisque
736 728 941 771 Evangelium
957 735 985 763 ct

245 784 425 818 doctrinam
444 783 663 824 christianam,
680 782 776 816 etiam
796 781 826 814 in
839 781 983 826 proprio,

243 838 349 883 quoad
363 837 433 872 fieri
446 837 574 882 poterit,
591 837 734 881 ipsorum
754 835 919 878 idiomate,
935 847 986 869 ex-

242 891 364 935 plicare
388 896 420 924 et
444 890 612 935 predicare
636 889 759 934 possint
784 894 814 922 et
835 888 986 932 debeant)

241 954 300 988 per
320 944 467 977 locorum
492 942 679 977 Ordinarios
703 948 733 976 et
758 952 812 975 eos
840 941 879 974 ad
905 952 986 985 quos

241 1002 364 1041 spectat
375 995 550 1040 respective
563 994 726 1040 provideri
735 993 755 1036 ¹,
770 1005 824 1028 seu
836 994 986 1028 ecclesias

241 1049 429 1083 huiusmodi
457 1059 634 1093 earumque
662 1048 795 1081 vicarias
818 1057 984 1081 commen—

243 1101 324 1144 dari,
341 1102 442 1136 libere
454 1107 484 1136 et
497 1101 582 1135 licite
599 1101 721 1146 possint
736 1107 765 1135 et
779 1101 915 1141 valeant,
931 1111 986 1145 pe-

242 1155 336 1189 rinde
353 1166 390 1188 ac
410 1155 435 1189 si
456 1155 611 1199 praedicti
631 1154 706 1188 Sixti
727 1153 986 1198 praedecessoris

242 1207 367 1242 litterae
387 1208 572 1242 huiusmodi
597 1218 663 1242 non
688 1212 901 1249 emanassent,
925 1207 987 1240 illis

243 1272 281 1295 ae
305 1261 469 1306 quibusvis
494 1261 563 1295 aliis
584 1261 866 1295 constitutionibus
887 1266 917 1294 et
936 1271 986 1294 or-

245 1320 464 1355 dinationibus
495 1319 701 1364 apostolicis,
726 1319 756 1352 in
786 1318 984 1352 eontrarium

245 1375 494 1420 quomodolibot
515 1374 724 1415 facientibus,
745 1385 810 1407 non
831 1373 984 1407 obstanti-

244 1430 304 1463 hus
323 1429 591 1473 quibuscumque.
619 1429 733 1462 Datum
760 1429 880 1461 Romae
902 1428 985 1472 apud

243 1489 389 1518 sanctum
417 1484 547 1517 Petrum
577 1483 636 1516 sub
663 1483 783 1516 annulo
818 1482 987 1516 piscatoris

245 1538 296 1572 die
317 1548 416 1572 xxviii
438 1537 590 1571 februarii
616 1547 759 1578 mcxcvu,
784 1536 987 1580 pontificatus

244 1591 346 1626 nostri
361 1601 446 1624 anno
460 1590 520 1624 v1⁹.

289 1647 305 1691 ξ
329 1646 359 1680 2,
389 1646 465 1680 Cum
491 1651 610 1686 autem,
633 1645 715 1679 sicut
736 1645 942 1678 charissimus
956 1645 987 1678 in

246 1700 368 1735 Christo
394 1700 478 1733 iilius
498 1705 608 1733 noster
624 1699 790 1743 Philippus
815 1699 852 1732 ΙΙΙ
878 1699 989 1743 Hispa-

54 1734 160 1758 clementis
176 1735 231 1756 litte·
271 1754 277 1760 ,

54 1763 150 1792 ηιῃρειῐί
159 1769 231 1791 proro-

55 1794 104 1816 nn.

245 1765 374 1789 marum
400 1764 453 1787 rex
478 1753 655 1787 catholicus
680 1752 773 1786 nobis
801 1763 906 1796 nuper
930 1764 985 1786 ex-

244 1807 321 1852 poni
352 1807 448 1848 fecit,
481 1813 553 1850 post
584 1807 707 1850 lapsum
739 1806 814 1839 dicti
847 1805 987 1839 sexennii

245 1867 276 1896 et
299 1861 404 1896 adhuc
429 1862 542 1895 eadem
568 1861 705 1904 viguerit
726 1869 754 1894 et
781 1860 883 1903 vigeat
908 1860 989 1894 disti-

244 1916 346 1950 cultas
363 1914 547 1960 reperiendi
563 1914 647 1948 viros
663 1914 895 1948 ecclesiasticos
913 1914 988 1948 dicti

244 1969 335 2013 regni
356 1968 520 2002 Valentiae
540 1968 707 2011 indigenas
732 1978 786 2001 seu
813 1968 986 2009 naturales,

244 2022 362 2068 quibus
385 2022 570 2067 praedictae
600 2021 802 2066 parochiales
836 2022 990 2055 ecclesiae

246 2076 385 2111 conferri
410 2074 621 2121 potuerintet
645 2076 778 2120 possint,
799 2076 987 2120 praesertim

246 2131 286 2165 ob
309 2130 496 2165 tenuitatem
518 2129 703 2164 reddituum
726 2130 913 2163 earumdem
935 2140 990 2174 pa-

246 2184 437 2219 rochialium
464 2185 672 2221 ecclesiarum
695 2185 734 2218 de
760 2195 841 2218 novo
866 2194 926 2228 pro
947 2184 991 2217 in-

247 2239 423 2274 structione
456 2244 485 2272 et
518 2241 594 2272 cura
621 2238 802 2272 animarum
830 2238 989 2272 dictorum

246 2292 453 2326 Moriscorum
476 2293 515 2326 ad
531 2292 627 2327 fidem
643 2291 850 2325 christianam
866 2291 991 2325 noviter

246 2344 503 2387 conversorum³;
521 2351 552 2379 et
566 2345 650 2387 ideo,
666 2346 761 2380 etiam
780 2351 849 2390 post
865 2346 988 2390 lapsum

280 2445 291 2473 1
315 2444 380 2472 Heic
395 2444 490 2480 supple
507 2445 601 2478 liceat,
617 2448 643 2472 et
655 2448 746 2480 postea
758 2444 846 2479 aptius
862 2443 930 2479 lege:
942 2451 990 2470 seu

245 2489 409 2516 ecclesiae...
425 2496 583 2524 earumque
599 2489 727 2517 vicariae
742 2490 781 2521 (n.
799 2494 846 2522 T.>.

282 2532 298 2560 2
317 2533 370 2561 lsta
389 2533 534 2561 Clementis
551 2533 605 2560 vt11
622 2533 733 2561 tlonstit.
754 2533 803 2560 sub
825 2533 908 2568 ipsius
924 2542 990 2569 pou-

248 2576 348 2604 tiiicatu
364 2576 390 2604 in
406 2577 537 2606 Bullario
549 2585 601 2605 non
619 2577 770 2605 habebatur
784 2579 820 2612 (n.
834 2582 882 2612 r).

242 2614 256 2622 “
284 2621 301 2649 3
319 2621 420 2658 Suppte
435 2624 594 2650 erectarum
610 2624 649 2656 (n.
665 2625 713 2656 r).

312 2673 390 2705 Bull.
411 2674 494 2703 Rom.
511 2690 544 2695 --
563 2675 623 2703 Vol.
644 2675 692 2703 XI.
874 2675 907 2703 43

1021 248 1095 281 dicti
1118 249 1271 289 sexennii,
1294 256 1485 282 occurrente
1503 249 1684 293 aliquarum
1712 260 1763 283 ea-

1021 303 1167 335 rumdem
1191 303 1426 346 parochialium
1442 304 1651 337 ecclesiarum
1674 315 1764 337 vaca-

1022 355 1118 395 tione,
1144 355 1215 387 illae
1242 356 1388 399 personis
1408 356 1597 399 alienigenis
1615 357 1761 397 collatae,

1019 419 1075 442 seu
1107 409 1353 442 commendatae
1387 410 1522 443 suerint:
1556 410 1645 454 cupit
1679 410 1764 443 idem

1021 461 1185 505 Philippus
1202 472 1252 494 rex
1268 463 1334 505 (qui
1357 473 1421 496 non
1441 463 1569 504 minori,
1591 474 1686 507 quam
1702 464 1765 497 cla-

1020 525 1073 548 rae
1095 515 1271 548 memoriae
1287 515 1453 560 Philippus
1470 516 1495 549 ll
1517 527 1570 550 rex
1589 516 1765 550 catholicus

1020 568 1088 601 eius
1108 568 1244 610 genitor,
1262 568 1391 612 pietate,
1409 569 1564 603 charitate
1590 576 1620 603 et
1644 570 1764 604 sollici-

1021 621 1131 654 tudine
1150 621 1327 655 catholicae
1345 621 1419 655 fidei
1440 623 1715 657 conservationem
1731 624 1762 656 in

1020 674 1187 719 praedicto
1212 680 1241 708 et
1266 675 1336 708 aliis
1361 675 1468 718 regnis
1493 676 1557 709 suis
1588 677 1763 721 procurat)

1021 727 1209 761 collationes
1230 734 1259 760 et
1285 729 1494 762 commendas
1511 730 1551 763 de
1570 730 1764 774 parochiali-

1021 781 1079 814 bus
1100 780 1285 814 huiusmodi
1311 781 1453 815 ecclesiis
1473 788 1545 826 post
1568 783 1692 827 lapsum
1715 782 1764 816 di-

1020 834 1060 867 cti
1086 834 1228 867 sexennii
1255 834 1352 867 saetas
1369 845 1426 878 per
1444 845 1503 868 nos
1529 835 1710 876 revalidari,
1734 841 1766 869 et

1020 886 1166 928 ulterius,
1197 893 1230 920 ut
1255 887 1407 931 deinceps
1433 887 1537 921 dictae
1562 888 1765 933 parochiales

1020 940 1175 974 eeclesiae
1192 941 1340 984 personis
1361 941 1456 974 etiam
1479 941 1668 984 alienigenis
1689 952 1765 975 con-

1020 994 1096 1028 ferri
1123 1000 1153 1028 et
1179 995 1401 1028 commendari
1434 995 1519 1028 iuxta
1549 995 1764 1039 praeinsertas

1020 1048 1191 1082 Clementis
1215 1048 1475 1092 praedecessoris
1491 1048 1614 1081 litteras
1627 1048 1760 1092 possint,

1021 1102 1174 1142 concedi,
1202 1102 1361 1146 nobisque
1394 1101 1560 1135 humiliter
1589 1102 1762 1146 supplicari

1021 1154 1093 1188 fecit
1118 1161 1152 1188 ut
1177 1156 1207 1188 in
1234 1155 1418 1200 praemissis
1443 1161 1625 1200 opportune
1650 1155 1759 1199 provi—

1021 1209 1096 1242 dere
1123 1209 1161 1242 de
1182 1210 1379 1253 benignitate
1406 1209 1581 1254 apostolica
1607 1209 1758 1252 dignare-

1022 1273 1103 1296 mur.

1066 1321 1082 1362 ξ
1107 1318 1136 1352 3.
1162 1319 1224 1351 Nos
1249 1318 1347 1360 igitur
1371 1318 1432 1362 piis
1458 1318 1601 1352 eiusdem
1624 1319 1763 1364 Philippi

1024 1373 1105 1416 regis·
1131 1373 1222 1414 votis,
1251 1379 1407 1416 quantum
1434 1383 1506 1405 cum
1532 1373 1764 1420 Domino‘pos-

1021 1438 1142 1467 sumus,
1172 1438 1325 1477 annu-ere,
1349 1438 1385 1460 ac
1410 1428 1644 1471 parochialium
1668 1429 1764 1463 eccle-

1021 1482 1141 1515 siarum
1168 1481 1424 1525 praedictarum,
1449 1492 1489 1515 ne
1513 1489 1648 1527 propter
1673 1493 1765 1527 prae-

1023 1536 1118 1569 missa
1153 1535 1330 1569 rectoribus
1362 1546 1417 1569 seu
1448 1536 1765 1571 administratoribus

1023 1590 1193 1624 destitutae
1220 1595 1429 1631 remaneant,
1459 1601 1555 1623 curae
1584 1596 1765 1635 opportune

1022 1644 1207 1689 prospicere
1240 1645 1403 1685 volentes,
1436 1655 1471 1677 ac
1502 1644 1657 1688 praediCti
1690 1645 1765 1678 Sixti

1023 1698 1280 1743 praedecessoris
1301 1698 1481 1731 litterarum
1504 1704 1650 1732 tenorem
1672 1709 1764 1743 prae-

1022 1752 1167 1786 sentibus
1182 1762 1240 1796 pro
1260 1762 1409 1796 expresso
1425 1752 1766 1793 habentes,lmiusmo-

1023 1807 1053 1841 di
1072 1806 1364 1851 supplicationibus
1379 1806 1533 1847 inclinati,
1547 1807 1674 1840 easdem
1689 1807 1766 1840 Sixti

1023 1861 1281 1906 praedecessoris
1307 1861 1439 1902 litteras,
1464 1873 1501 1894 ac
1526 1861 1635 1894 omnia
1653 1867 1683 1894 et
1701 1861 1766 1895 sin-

1023 1916 1098 1958 gula
1124 1915 1154 1947 in
1181 1915 1226 1948 eis
1252 1920 1414 1955 contenta,
1436 1915 1542 1958 quoad
1565 1914 1766 1959 parochiales

1024 1968 1174 2002 ecclesias
1203 1969 1361 2012 praefatas
1387 1968 1583 2013 illarumque
1606 1968 1764 2009 vicarias,

1024 2023 1213 2056 auctoritate
1225 2022 1412 2067 apostolica,
1422 2029 1531 2056 tenore
1538 2023 1768 2067 praesentium,

1024 2077 1064 2110 ad
1088 2076 1274 2112 sexennium
1310 2082 1432 2110 tantum
1463 2087 1480 2110 a
1509 2076 1581 2110 data
1610 2086 1763 2120 praescn-

1026 2131 1116 2171 tium‚
1141 2130 1379 2175 suspendimus,
1403 2140 1439 2163 ac
1465 2130 1586 2164 viribus
1603 2135 1633 2163 et
1651 2129 1766 2164 effectu

1025 2195 1083 2229 pro
1109 2190 1176 2217 toto
1202 2185 1288 2217 dicto
1313 2183 1466 2217 sexennio
1492 2194 1696 2224 evacuamus,
1725 2183 1767 2216 ita

1025 2244 1068 2278 ut,
1094 2238 1163 2282 ipso
1190 2243 1334 2281 tempore
1359 2238 1509 2278 durante,
1539 2237 1569 2270 in
1595 2237 1768 2281 praedictis

1024 2291 1264 2336 parochialibus
1278 2290 1420 2324 ecclesiis
1438 2297 1469 2323 et
1490 2290 1615 2323 illarum
1642 2290 1768 2324 vicariis

1024 2346 1131 2379 locum
1157 2355 1222 2379 non
1252 2345 1412 2385 habeant,
1440 2344 1495 2377 sed
1527 2344 1566 2377 de
1596 2344 1658 2377 illis
1683 2354 1767 2377 nunc

1025 2406 1054 2433 et
1080 2410 1139 2444 pro
1165 2399 1250 2433 dicto
1277 2405 1423 2443 tempore
1449 2398 1561 2442 quovis
1587 2398 1684 2431 modo
1710 2409 1765 2431 va-

1024 2454 1172 2488 cantibus
1193 2459 1221 2487 et
1243 2453 1413 2493 vacaturis,
1430 2463 1493 2485 non
1506 2453 1609 2486 solum
1624 2452 1766 2486 eiusdem

1025 2507 1113 2550 regni
1128 2507 1289 2541 Valentiae
1316 2505 1486 2548 indigenis,
1503 2505 1558 2539 sed
1576 2505 1670 2539 etiam
1690 2505 1767 2539 alic-

1024 2560 1159 2604 nigenis‚
1181 2566 1211 2594 et
1232 2559 1419 2605 quorumvis
1433 2559 1569 2592 aliorum
1593 2569 1766 2602 regnorum

1023 2613 1224 2648 nautralibus
1245 2611 1439 2657 presbyteris
1460 2611 1678 2646 saecularibus
1700 2612 1768 2647 ido-

1777 1256 1815 1276 lus.

1664 190 1726 224 :337
1775 201 1823 228 An.
1843 201 1869 228 c,
1895 202 1977 229 mee.

1796 1222 1898 1249 erni-ngat
1910 1222 1964 1243 Pau·
