2227 3241
29 236 77 263 An.
95 235 123 262 C.
144 233 210 261 1604

50 298 119 319 Onera
128 297 211 322 priora-

29 328 60 346 tus
67 330 86 345 in
95 323 210 344 ministeria

29 352 77 373 Soc.
94 351 140 370 lesu
155 355 209 370 com·

27 379 137 400 mutantur.

55 1093 164 1115 Clausulae
173 1097 211 1119 pro

29 1122 130 1147 perpetua
151 1120 210 1148 huin⁴

30 1153 64 1168 sce
81 1147 209 1167 constitutio-

29 1173 60 1195 nis
75 1173 177 1194 firmitate.

298 199 311 211 0

827 230 966 255 CLEMENS
992 231 1047 255 ΠΗ
1074 232 1119 254 Pr.

1646 219 1706 253 103

270 283 286 323 ξ
311 279 341 313 6,
375 279 494 315 Omnia
524 290 599 313 vero
627 280 789 324 prioratus
819 279 962 314 ciusdem
996 279 1043 311 vel
1064 279 1141 312 alias
1155 280 1251 313 etiam
1272 286 1360 314 motu
1380 289 1525 324 proprio,
1545 283 1573 311 et
1595 288 1630 311 ex
1651 281 1737 311 certa

224 333 402 378 suppressi,
426 338 456 366 ct
473 333 557 366 illius
575 334 728 367 ecclesiae
749 345 848 368 onera
868 334 964 378 spiri-

227 387 324 421 tualia
338 387 369 419 in
383 386 475 420 solita
489 387 593 420 dictae
607 387 774 421 Societatis
789 387 964 420 ministeria

225 446 255 474 et
282 439 433 474 exercitia
459 445 716 481 commutamus,
738 440 964 485 praefatosque

225 500 287 527 tres
308 493 480 526 canonicos
505 494 667 536 regulares
688 493 850 538 suppressi
871 494 960 537 prio--

225 553 312 580 ratus
329 546 526 587 huiusmodi,
551 547 590 580 de
611 547 666 579 illo
680 547 813 591 eiusque
831 547 965 581 aedibus

223 606 253 634 et
278 599 431 634 aedificiis
457 599 619 643 praefatis,
643 600 682 633 ad
704 600 824 633 dictum
847 611 961 634 mona—

224 654 356 687 sterium
371 653 426 697 (ita
439 659 474 686 ut
487 653 564 686 inibi
580 654 619 687 ad
635 654 719 687 illius
733 654 963 688 canonicorum

225 704 432 738 deficentium
454 705 525 738 loca
555 711 583 738 et
615 705 816 739 canonicales
836 705 961 749 portio-

225 768 292 798 nes,
321 757 447 802 aliaque
468 757 538 791 iura
563 764 593 791 et
618 759 839 792 emolumenta
865 759 965 802 recipi

226 817 256 844 et
273 811 409 851 admitti,
427 821 463 844 ac
477 811 601 845 sincera
616 811 647 844 in
661 812 798 846 Domino
813 812 965 845 charitate

228 864 358 898 tractari
371 864 506 898 debcant
522 865 552 897 in
568 865 717 899 omnibus
731 871 762 898 et
776 865 965 910 peremnia,

226 918 361 962 perinde
378 929 414 950 ac
434 917 458 950 si
480 917 625 951 ordinem
648 919 826 962 praefatum
846 919 965 952 ibidem

227 972 266 1005 ab
287 971 377 1005 initio
398 972 531 1015 professi
554 972 699 1014 fuissent)
723 972 912 1006 auctoritate
939 979 966 1007 et

229 1032 340 1060 tenore
360 1026 518 1059 similibus
540 1026 770 1060 transferimus

271 1082 287 1122 g
306 1079 334 1113 7.
355 1080 565 1113 Decernentes
587 1085 770 1123 praesentes
789 1080 908 1113 litteras
923 1081 968 1123 (e-

229 1133 302 1167 tiam
329 1146 365 1169 ex
395 1144 432 1166 co
460 1134 547 1177 quod
575 1144 702 1174 causae,
731 1138 863 1177 propter
888 1145 968 1177 quas

228 1188 403 1233 praemissa
431 1188 512 1221 liunt
546 1188 593 1220 vel
622 1188 703 1220 facta
734 1192 826 1227 sunt,
858 1198 966 1220 coram

227 1242 288 1275 loci
317 1241 502 1281 Ordinario,
526 1241 621 1274 etiam
650 1246 814 1284 tamquam
841 1251 858 1273 a
884 1239 968 1273 dicta

227 1296 308 1330 Sede
329 1296 488 1338 delegato,
510 1296 556 1328 rel
575 1295 664 1337 alias,
686 1295 895 1336 examinatae,
916 1305 969 1328 ve-

227 1349 370 1383 risicatae
391 1354 422 1382 et
443 1349 645 1389 insfisrcatae,
666 1360 703 1381 ao
720 1349 818 1382 abbas
839 1354 871 1382 et
891 1360 968 1382 con-

227 1396 338 1437 ventus
357 1403 561 1443 monasterii,
590 1403 638 1436 vel
659 1403 789 1436 alterius
811 1403 969 1445 regularis

227 1457 305 1499 loci,
327 1468 344 1490 a
365 1468 429 1501 quo
450 1468 641 1501 suppressus
660 1456 822 1500 prioratus
851 1456 965 1490 liuius—

228 1511 317 1544 modi
338 1511 443 1544 forsan
472 1510 685 1554 dependebat,
713 1510 854 1554 dictique
875 1510 967 1544 Ordi-

226 1565 275 1598 nis
289 1564 471 1610 superiores
485 1569 514 1598 et
529 1564 727 1608 quicumque
740 1564 793 1596 alii
815 1564 967 1601 interesse

227 1619 393 1659 babentes,
418 1619 465 1651 rel
482 1618 742 1662 praetendentes,
767 1618 806 1651 ad
828 1618 888 1651 hoc
907 1628 964 1651 vo-

227 1673 288 1707 cati
309 1684 374 1708 non
396 1673 525 1713 suerint,
549 1683 608 1706 nec
625 1672 809 1716 praemissis
834 1683 968 1707 consen-

227 1727 337 1768 serint,
360 1727 408 1760 vel
434 1726 512 1760 alias
537 1738 572 1760 ex
598 1737 806 1771 quocumque
826 1727 889 1760 alio
910 1737 965 1760 ca-

227 1781 293 1825 pite
317 1781 365 1814 vel
396 1782 491 1814 causa
521 1780 728 1824 quantumvis
757 1780 904 1821 iuridica,
938 1786 969 1814 ct

228 1834 388 1878 legitima)
418 1835 457 1868 de
482 1834 700 1878 subreptionis
724 1835 771 1867 rel
797 1835 965 1879 obreptio-

228 1889 288 1930 nis,
316 1899 372 1923 seu
398 1888 554 1922 nullitatis
581 1888 668 1929 ritio,
698 1894 753 1921 aut
782 1888 969 1922 intentionis

229 1948 368 1983 nostrae,
385 1942 432 1976 vel
454 1942 606 1986 quopiam
625 1941 688 1975 alio
709 1941 836 1975 defectu
850 1942 965 1983 notari,

229 1996 424 2040 impugnari,
449 1995 624 2036 retraetari,
646 1995 835 2037 invalidari,
864 1996 895 2028 in
921 1996 969 2029 ius

230 2050 277 2082 vel
296 2049 546 2083 controversiam
563 2049 680 2089 vocari,
698 2049 736 2082 ad
755 2049 838 2082 viam
860 2055 889 2083 et
909 2055 970 2084 ter—

231 2103 335 2137 minos
346 2103 424 2136 iuris
438 2103 558 2145 reduci,
573 2113 627 2136 scu
642 2103 793 2136 adversus
807 2114 859 2136 cas
872 2104 971 2148 quod-

231 2168 370 2201 cumque
392 2156 481 2197 iuris,
498 2156 618 2199 gratiae
633 2157 680 2190 vel
694 2157 766 2190 sacti
788 2158 968 2191 remedium

231 2211 396 2256 impetrari
417 2210 601 2244 nullatenus
618 2221 772 2254 umquam
794 2221 898 2255 posse;
916 2223 970 2245 ne-

231 2277 292 2310 que
312 2265 371 2300 sub
398 2264 562 2308 quibusris
582 2264 736 2297 similium
756 2265 802 2298 rel
825 2264 966 2298 dissimi-

188 2317 190 2319 ’
232 2320 309 2353 lium
336 2319 512 2363 gratiarum
542 2318 812 2359 revocationibus,
835 2329 970 2362 suspen-

232 2373 386 2414 sionibus,
410 2371 678 2412 limitationibus,
706 2377 760 2404 aut
788 2371 858 2405 aliis
887 2382 967 2405 con-

234 2425 340 2460 trariis
361 2424 625 2469 dispositionibus
646 2435 703 2468 per
723 2434 792 2465 nos,
815 2435 871 2458 seu
892 2424 971 2458 alios

233 2488 455 2523 quoscumque
479 2479 642 2511 Romanos
660 2477 829 2521 pontifices
847 2488 972 2511 succes-

233 2542 320 2565 sores
340 2537 477 2572 nostros,
502 2532 686 2574 dictamque
706 2531 821 2564 Sedem
836 2558 843 2570 ,
874 2531 969 2564 etiam

234 2586 265 2618 in
291 2585 463 2618 crastinum
489 2585 717 2628 assumptionis
736 2585 878 2628 ipsorum
901 2595 972 2618 suc-

235 2649 396 2673 cessorum
418 2639 457 2673 ad
478 2639 594 2672 summi
613 2639 812 2684 apostolatus
832 2637 968 2683 apicem,

997 331 1140 373 scientia,
1158 333 1253 366 etiam
1273 332 1550 372 consistorialiter,
1566 332 1647 365 etde
1666 342 1739 375 apo-

999 385 1129 418 stolicae
1157 387 1323 430 potcstatis
1352 385 1553 430 plenitudine
1586 384 1735 428 quando·-

999 449 1138 483 cumque
1158 451 1217 483 pro
1240 446 1384 484 tempore
1403 439 1568 480 faciendis,
1592 450 1739 483 compre-

999 491 1108 532 hendi,
1136 493 1192 525 sed
1218 503 1347 536 semper
1372 493 1410 525 ab
1437 492 1499 526 illis
1524 497 1681 536 exceptas,
1710 499 1739 525 et

999 545 1126 589 quoties
1147 545 1219 579 illae
1237 546 1446 586 emanabant,
1472 546 1563 579 toties
1583 546 1612 578 in
1635 545 1741 589 pristi-

999 609 1076 631 num
1099 605 1129 632 et
1149 610 1234 639 eum,
1252 599 1280 631 in
1297 610 1361 642 quo
1383 605 1475 632 autea
1494 599 1742 642 quomodolibet

1000 658 1101 693 erant,
1125 658 1244 685 statum
1265 653 1436 691 restitutas,
1454 653 1610 696 repositas
1628 658 1658 686 ct
1674 654 1742 696 ple-

1000 706 1088 739 narie
1109 706 1331 749 reintegratas‚
1352 707 1440 740 aede
1461 717 1544 740 novo
1566 707 1662 740 etiam
1683 708 1741 740 sub

1000 770 1206 803 quacmnque
1220 760 1392 803 posteriori
1407 760 1491 801 data,
1505 770 1563 804 per
1581 766 1741 793 rectorem

1001 818 1032 845 et
1064 812 1247 855 collegiales
1279 813 1440 856 praefatos
1469 813 1742 857 quandocumque

1001 866 1167 909 eligenda,
1192 876 1371 907 concessas,
1396 877 1432 900 ac
1457 877 1586 910 semper
1615 872 1644 900 et
1670 878 1742 911 per-

1001 926 1099 964 petuo
1126 920 1243 953 validas
1273 925 1303 953 et
1330 920 1474 953 efficaces
1500 931 1567 953 esse
1593 926 1623 954 et
1652 922 1738 961 fore,

1001 984 1141 1017 suosque
1177 973 1340 1017 plenarios
1373 979 1401 1006 et
1434 973 1576 1016 integros
1611 974 1742 1007 effectus

1001 1027 1109 1060 sortiri
1135 1032 1165 1060 et
1191 1027 1358 1065 obtinere;
1390 1026 1499 1070 sicque
1524 1027 1563 1059 ab
1592 1028 1742 1061 omnibus

1002 1081 1138 1121 censeri,
1162 1087 1258 1124 atque
1280 1081 1333 1121 ita,
1355 1086 1383 1114 et
1406 1091 1469 1113 non
1484 1080 1561 1114 alias
1579 1092 1743 1125 perquos-

1002 1145 1140 1178 cumque
1159 1134 1292 1175 Iudices,
1317 1134 1411 1167 etiam
1431 1140 1558 1168 sanctae
1579 1135 1742 1167 Romanae

1001 1188 1162 1221 Ecclesiae
1181 1188 1371 1226 cardinalcs,
1389 1187 1485 1221 etiam
1512 1188 1550 1221 de
1572 1188 1671 1221 latere
1694 1189 1740 1221 le-

1002 1248 1092 1285 gatos
1112 1247 1141 1275 et
1162 1242 1369 1284 rice-legatos
1386 1252 1421 1274 ac
1440 1242 1543 1275 dictae
1557 1242 1646 1275 Sedis
1661 1253 1742 1275 nun-

1003 1296 1068 1329 cios
1090 1296 1226 1339 (sublata
1242 1295 1287 1329 eis
1301 1302 1328 1329 ct
1344 1306 1455 1328 corum
1479 1295 1611 1328 cuilibet
1632 1296 1744 1339 quavis

1003 1350 1096 1383 aliter
1126 1349 1289 1383 iudicandi
1319 1355 1348 1382 et
1378 1350 1611 1393 interpretandi
1639 1350 1741 1383 facul-

1003 1409 1065 1437 tate
1083 1409 1113 1437 et
1128 1403 1332 1445 aiu-toritat‹‚·)
1352 1403 1472 1447 ubique
1494 1403 1628 1437 iudicari
1644 1409 1673 1436 et
1689 1405 1742 1437 tle-

1003 1457 1089 1490 tiniri
1111 1457 1241 1495 debere,
1258 1467 1383 1490 necnon
1409 1457 1515 1500 quoad
1536 1457 1740 1500 suppressio-

1002 1521 1088 1551 nem,
1113 1509 1352 1549 cuins—nonem,
1377 1509 1639 1549 concessionem,
1668 1510 1744 1543 assi-

1002 1563 1186 1606 gnationem
1226 1569 1253 1595 et
1292 1563 1541 1606 applicationem
1572 1564 1740 1607 praefatas,

1002 1622 1100 1662 prout
1120 1623 1176 1657 cst,
1201 1616 1225 1649 si
1252 1621 1443 1650 attentatum
1464 1617 1570 1649 forsan
1593 1622 1654 1657 est,
1682 1617 1741 1649 ha-

1004 1677 1116 1705 ctenus
1138 1671 1183 1703 vel
1207 1671 1432 1714 imposterum,
1454 1680 1519 1713 quo
1537 1681 1612 1703 vero
1627 1671 1665 1703 ad
1683 1671 1745 1704 alia

1003 1725 1181 1770 praemissa
1205 1735 1241 1758 ex
1267 1735 1364 1765 nunc,
1400 1723 1529 1757 irritum
1556 1729 1585 1757 et
1611 1724 1705 1757 imme
1719 1725 1743 1758 si

1003 1790 1094 1813 secus
1107 1777 1267 1822 superbis
1283 1789 1299 1810 a
1314 1787 1493 1821 quoquam,
1511 1777 1622 1821 quavis
1636 1784 1745 1811 aucto-

1003 1834 1107 1874 ritate,
1130 1832 1271 1866 scienter
1285 1832 1331 1864 rel
1352 1831 1552 1874 ignoranter,
1570 1832 1744 1875 contigerit

1004 1887 1165 1921 attentari.

1048 1942 1063 1985 g
1089 1942 1118 1974 8.
1147 1941 1216 1974 Non
1237 1939 1438 1973 obstantibus
1459 1939 1561 1983 priori
1582 1940 1744 1973 voluntate

1004 1997 1113 2029 nostra
1135 1994 1294 2038 praefata,
1316 2000 1346 2027 ct
1371 1994 1592 2027 hermianensis
1613 1994 1743 2028 Coneilii

1005 2048 1177 2082 novissime
1202 2047 1355 2081 celebrati
1385 2047 1522 2080 uniones
1549 2052 1742 2090 perpetuas,

1005 2103 1065 2136 nisi
1081 2103 1111 2135 in
1127 2101 1279 2135 casibusa
1292 2101 1359 2134 iure
1373 2100 1625 2145 per1nissis‚fieri
1641 2101 1747 2145 probi-

1005 2156 1126 2197 bentis,
1151 2166 1187 2188 ac
1208 2155 1306 2188 felicis
1336 2154 1568 2188 recordationis
1593 2154 1746 2187 Bonifacii

1005 2212 1110 2255 Papae
1128 2210 1191 2242 t'lll
1217 2208 1476 2253 praedecessoris
1497 2208 1609 2248 nostri,
1631 2214 1660 2241 ct
1678 2208 1748 2240 aliis

1005 2263 1190 2308 apostolicis
1208 2262 1504 2302 constitutionibus,
1524 2272 1647 2295 necnon
1663 2262 1749 2306 prio-

1006 2323 1093 2351 ratus
1113 2316 1289 2361 suppressi,
1314 2321 1345 2349 et
1370 2315 1498 2349 Ordinis
1523 2326 1559 2348 ac
1581 2320 1744 2348 monaste--

1005 2371 1128 2404 riorum
1154 2370 1386 2414 praefatorum,
1411 2368 1606 2409 iuramento,
1628 2368 1747 2401 confir-

1007 2425 1148 2459 matione
1169 2424 1365 2468 apostolica,
1396 2424 1442 2456 rel
1464 2423 1575 2467 quavis
1596 2422 1748 2456 firmitate

1006 2478 1068 2512 alia
1082 2477 1254 2519 roboratis,
1268 2477 1392 2511 statutis
1407 2483 1434 2510 et
1450 2475 1746 2517 consuetudinibus,

1006 2531 1181 2575 privilegiis
1203 2541 1333 2574 quoque
1348 2530 1479 2563 indutiis
1493 2535 1525 2563 et
1542 2529 1655 2563 litteris
1676 2540 1748 2573 apo-

1006 2585 1139 2625 stolicis,
1165 2585 1226 2618 illis
1246 2594 1425 2627 eorumque
1446 2583 1626 2623 abbatibus,
1646 2594 1743 2627 supe-

1007 2637 1167 2679 rioribus,
1197 2636 1409 2671 conventibus
1434 2641 1464 2670 ct
1491 2636 1655 2680 personis,
1688 2637 1745 2670 sub

1752 229 1800 256 An.
1819 229 1846 256 C.
1871 229 1937 257 tuot

1771 1947 1885 1971 Deruentio
1897 1952 1920 1965 co
1939 1956 1944 1959 -

1761 1974 1879 1994 [rariorum.
