2227 3241
51 906 162 939 nofogatio
171 909 220 926 con-

37 938 154 959 uariorum.

3 232 6 241 ’
40 260 92 290 An.
105 259 134 287 C.
155 258 221 286 1604

843 257 980 282 CLEMENS
1006 258 1062 282 vul
1090 259 1133 281 ΡΡ.

235 317 272 340 ac
291 305 515 339 inobedientes
535 314 758 349 quoscumque
779 304 875 337 etiam
899 315 976 337 voce

234 358 337 392 activa
350 364 381 391 et
399 358 534 402 passiva,
551 363 708 402 perpetuo
722 358 771 391 vel
785 357 826 391 ad
840 362 976 401 tempus,

234 411 368 445 arbitrio
385 421 443 445 suo
463 410 622 454 privandi,
642 416 673 444 et
687 416 799 444 contra
812 410 884 444 illos
902 421 976 444 cen-

233 475 325 498 suras
339 470 370 497 et
388 474 510 508 poenas
523 463 732 507 supradictas,
754 465 879 496 servata
897 463 975 496 iuris

233 523 265 551 et
281 527 448 551 sacrorum
467 527 627 550 canonum
648 517 750 549 forma
762 543 769 556 ,
789 516 974 560 proferendi

233 577 264 604 et
282 569 512 615 promulgandi
531 569 715 602 facultatem
744 569 971 613 impertimur;

232 635 269 657 ac
281 623 455 657 sententias
467 622 532 655 sive
545 632 666 665 poenas
678 622 881 665 praemissas,
896 633 975 666 quas

233 677 293 711 rite
312 676 424 710 tulerit
436 687 493 710 seu
507 675 656 709 statuerit
676 675 708 708 in
724 676 872 716 rebelles,
890 681 975 709 ratas
992 687 993 691 ¹

233 730 435 770 habebimus,
452 734 483 762 et
496 728 662 770 faciemus,
678 734 809 762 auctore
826 729 975 771 Domino,

233 794 335 828 usque
347 783 386 816 ad
403 781 652 816 satisfactionem
665 782 858 825 condignam
875 782 975 816 invio-

233 836 373 870 labiliter
397 835 569 869 observari.

278 891 296 932 ς
317 889 369 923 13.
392 890 462 923 Non
489 889 691 923 obstantibus
720 889 833 923 litteris
857 890 975 924 nostris

233 943 427 988 supradictis
441 943 480 976 dc
494 953 604 976 mense
618 943 688 976 iulii
704 943 882 987 praesentis
900 944 974 976 anni

234 996 401 1041 expeditis,
425 1007 462 1029 ac
482 996 578 1029 etiam
608 996 764 1040 praedicti
795 998 974 1031 Innocentii

233 1049 491 1094 praedecessoris
511 1049 679 1093 privilegio
700 1055 731 1083 et
750 1051 923 1084 concordia
943 1051 974 1084 in

233 1103 284 1136 his
308 1114 391 1147 quae
418 1103 644 1147 praesentibus
672 1104 904 1145 adversantur,
938 1115 974 1137 ac

235 1156 305 1190 aliis
337 1156 622 1190 constitutionibus
656 1162 687 1190 et
716 1157 975 1190 ordinationibus

233 1211 429 1255 apostolicis,
453 1221 580 1245 necnon
600 1211 728 1245 Ordinis
749 1216 780 1245 et
796 1211 975 1254 Congrega-

235 1265 330 1298 tionis
358 1265 622 1310 praedictorum,
647 1267 743 1300 etiam
769 1267 971 1308 iuramento,

234 1321 481 1354 confirmatione
509 1321 685 1364 apostolica
714 1321 762 1354 vel
783 1322 893 1365 quavis
913 1322 971 1354 su·-

234 1375 344 1408 mitate
364 1375 426 1408 alia
444 1375 614 1415 roboratis,
638 1375 763 1408 statutis
785 1382 814 1409 et
839 1387 974 1409 consue-

234 1428 413 1469 tudinibus,
433 1428 610 1472 privilegiis
631 1439 772 1472 quoque,
796 1429 928 1463 indultis
946 1436 976 1463 ct

233 1481 349 1516 litteris
373 1482 570 1526 apostolicis,
599 1483 703 1516 eidem
729 1484 974 1526 Congregationi

234 1535 367 1580 eiusque
385 1535 507 1569 vicario
534 1537 695 1578 generali,
717 1537 853 1580 aliisque
874 1548 972 1581 supe*-

234 1589 374 1623 riorihus
394 1594 425 1622 et
445 1589 615 1630 fratribus,
638 1590 697 1623 sub
716 1590 975 1635 quibuscumque

235 1642 402 1677 tenoribus
423 1648 454 1676 et
473 1643 584 1676 formis
605 1643 637 1676 in
659 1644 856 1677 contrarium
876 1655 972 1688 prae—

235 1696 407 1730 missorum
430 1697 676 1740 quomodolibet
701 1698 872 1739 concessis,
901 1709 976 1732 con-

234 1749 370 1783 firmatis
399 1755 430 1784 et
456 1751 652 1794 approbatis.
683 1751 805 1791 Quibus
825 1751 976 1785 omnibus

235 1808 266 1837 et
285 1803 434 1846 singulis,
455 1814 569 1837 eorum
600 1810 727 1838 tenores
752 1806 975 1849 praesentibus

234 1868 293 1901 pro
311 1857 469 1902 expressis
490 1858 655 1899 habentes,
683 1859 743 1892 hac
763 1859 831 1893 vice
850 1861 976 1894 dumta-

234 1917 286 1945 xat
309 1911 494 1955 specialiter
519 1917 550 1945 et
578 1923 727 1956 expresse
759 1913 972 1956 derogamus,

235 1966 434 2010 caeterisque
454 1966 623 2000 contrariis
644 1967 915 2012 quibuscumque.

245 2028 248 2033 ⁴
278 2020 394 2054 Datum
418 2020 539 2053 Romae
559 2021 645 2064 apud
663 2027 809 2054 sanctum
831 2022 973 2064 Petrum,

236 2073 294 2107 sub
312 2074 433 2107 annulo
453 2074 626 2108 Piscatoris
647 2075 698 2108 die
714 2085 778 2109 xx11
797 2076 977 2110 decembris

235 2137 345 2168 MDCW,
369 2127 574 2172 pontificatus
594 2128 695 2162 nostri
716 2140 800 2163 anno
817 2140 884 2163 xm.

271 2199 330 2226 Dat.
351 2198 393 2227 die
412 2199 447 2226 22
466 2199 619 2227 decembris
641 2200 719 2233 1604,
735 2201 831 2235 pontif.
849 2210 892 2228 an.
910 2208 967 2229 xm.

505 2423 703 2457 CCCLXVIII.

282 2611 365 2644 colai
376 2611 531 2645 Berensis
541 2615 730 2655 perpetuum
742 2611 908 2645 silentium
921 2613 979 2645 im—

280 2664 414 2708 ponitur
437 2675 530 2709 super
554 2665 709 2708 facultate
732 2666 800 2709 νομί
822 2665 978 2700 Ροίυηὶαα

1653 249 1715 283 167

1055 317 1200 339 concessa
1218 307 1415 340 nomincmdi
1431 308 1583 351 quosdam
1609 308 1751 351 capella-

1054 370 1109 391 nos
1132 360 1168 392 in
1193 361 1302 393 eadem
1323 359 1483 394 ecclesia&

1210 476 1344 503 Clemens
1366 477 1443 510 Papa
1467 477 1549 509 vm,

1133 528 1169 554 ad
1189 532 1366 562 perpetuam
1385 530 1429 557 rei
1449 531 1630 559 memoriam.

1054 624 1177 657 Gratias
1196 635 1214 657 a
1230 626 1323 659 nobis
1343 626 1472 670 piorum
1500 638 1612 670 regum
1634 628 1752 662 intuitu

1010 682 1040 710 et
1060 677 1093 710 in
1114 677 1244 710 illorum
1265 679 1405 712 favorem
1427 686 1611 722 emanatas,
1635 692 1674 715 ne
1695 682 1752 715 ali-

1010 740 1074 774 quo
1089 735 1235 774 tempore
1249 731 1431 775 impugnari
1451 733 1583 776 possint,
1601 735 1750 778 ampliori

1010 782 1164 816 firmitate
1178 784 1379 818 roborandas
1394 796 1572 827 censemus,
1589 793 1685 830 prout
1699 799 1752 821 eo-

1011 838 1160 870 rumdem
1175 848 1286 880 regum
1305 845 1377 872 vota
1394 846 1424 873 et
1440 841 1553 874 merita
1565 848 1752 885 exposcunt,

1010 900 1045 923 ac
1059 890 1137 923 alias
1150 890 1183 922 in
1199 891 1335 924 Domino
1350 893 1566 936 conspicimus
1588 896 1747 938 expedire.

1055 944 1070 984 ἓ
1086 943 1115 976 ’1.
1133 943 1219 976 Alias
1232 944 1393 988 siquidem
1412 946 1592 980 charissimi
1607 948 1638 980 in
1656 949 1747 982 Chri-

1009 1001 1058 1029 sto
1072 996 1126 1029 filii
1140 997 1241 1030 nostri
1256 998 1453 1040 Sigismundi
1467 1001 1619 1034 Poloniae
1634 1007 1664 1034 et
1676 1002 1750 1035 Sve-

1011 1049 1072 1082 tiae
1092 1050 1176 1092 regis
1194 1050 1327 1084 illustris
1340 1052 1472 1085 nomine
1486 1053 1579 1086 nobis
1593 1054 1747 1097 exposito,

1010 1103 1108 1146 quod,
1124 1114 1196 1136 cum
1216 1104 1293 1137 alias
1307 1105 1412 1138 clarae
1424 1106 1600 1140 memoriae
1610 1108 1698 1140 Bona
1711 1108 1750 1140 de

1010 1157 1259 1191 Vicccomitibus
1286 1159 1385 1202 (dum
1411 1159 1526 1193 viveret
1560 1162 1671 1204 regina
1692 1164 1751 1197 Po-

1010 1212 1115 1245 loniae
1137 1218 1167 1245 et
1188 1212 1314 1245 ducissa
1335 1213 1420 1256 Bari)
1441 1214 1472 1247 in
1491 1225 1590 1257 regno
1609 1218 1751 1261 neapoli-

1011 1271 1085 1299 tano
1113 1267 1195 1300 vitae
1227 1278 1303 1299 suae
1337 1268 1421 1301 diem
1447 1269 1613 1303 clausisset
1642 1276 1748 1304 extre-

1011 1332 1111 1363 mum,
1139 1322 1252 1355 similis
1270 1322 1448 1356 memoriae
1466 1325 1557 1357 Anna
1577 1325 1751 1368 lagellonia

1011 1377 1120 1419 (etiam
1142 1378 1219 1410 dum
1241 1377 1359 1410 vireret
1380 1377 1491 1419 regina
1506 1379 1670 1422 Poloniae)
1685 1380 1752 1414 eius

1010 1430 1075 1463 tilia
1097 1431 1240 1467 curavit,
1270 1441 1386 1474 corpus
1414 1431 1517 1464 dictae
1550 1433 1655 1466 Bonae
1685 1434 1753 1467 eius

1011 1484 1122 1517 matris
1145 1484 1273 1528 sepeliri
1299 1485 1331 1516 in
1353 1485 1487 1517 ecclesia
1509 1486 1609 1519 sancti
1630 1487 1752 1520 Nicolai

1010 1538 1148 1571 civitatis
1166 1537 1322 1577 Barensis,
1340 1548 1375 1570 ac
1390 1537 1510 1571 ibidem
1529 1539 1625 1571 etiam
1647 1541 1753 1583 sepul-

1011 1597 1116 1625 turam
1138 1602 1354 1624 marmoream
1375 1591 1485 1633 crexit,
1506 1603 1578 1625 cum
1597 1593 1752 1628 sedilibus

1010 1647 1202 1679 marmoreis
1223 1657 1282 1690 pro
1302 1646 1484 1685 canonicis,
1514 1651 1680 1691 totamque
1701 1659 1752 1681 ca-

1010 1701 1127 1744 pellam
1149 1700 1360 1744 principalem
1383 1711 1462 1733 auro
1489 1706 1519 1733 et
1539 1701 1672 1744 picturis
1693 1713 1748 1736 ex-

1010 1754 1145 1793 ornavit,
1169 1753 1238 1787 aliis
1265 1753 1361 1787 etiam
1382 1753 1535 1794 adhibitis
1554 1756 1751 1790 ornamentis

1010 1809 1049 1842 ad
1070 1808 1245 1841 maximum
1261 1807 1365 1841 dictae
1383 1808 1538 1841 ecclesiae
1557 1809 1706 1843 decorem
1722 1816 1753 1844 et

1010 1862 1216 1906 splendorem
1237 1861 1325 1903 regia
1344 1861 1581 1903 magnificentia
1606 1862 1753 1905 dignissi-

1012 1916 1204 1956 mum‚facta
1218 1915 1364 1958 impensa
1379 1915 1532 1948 tredecim
1549 1915 1684 1949 millium
1698 1917 1754 1950 du-

1011 1976 1157 2003 catorum
1180 1975 1207 2002 ct
1226 1970 1320 2011 ultra,
1342 1975 1372 2001 ct
1393 1968 1525 2013 insuper
1545 1970 1705 2003 ordinavit
1719 1977 1754 2004 ut

993 2047 994 2050 κ
1012 2029 1198 2057 emerentur
1212 2033 1326 2056 census
1346 2023 1494 2066 perpetui
1516 2033 1575 2067 pro
1591 2024 1693 2057 tribus
1707 2036 1755 2057 ca-

1011 2077 1157 2122 pellanis,
1182 2087 1320 2120 quorum
1343 2076 1461 2119 singuli
1484 2077 1562 2109 duas
1588 2077 1700 2111 missas
1721 2078 1753 2111 in

1011 2131 1217 2164 hebdomada
1237 2140 1296 2174 pro
1317 2129 1425 2163 anima
1446 2130 1549 2163 dictae
1569 2131 1675 2164 Bonae
1697 2142 1749 2165 re-

1011 2179 1105 2228 ginae
1129 2185 1169 2217 ad
1190 2184 1291 2217 altare
1311 2183 1415 2216 maius
1436 2183 1539 2217 dictae
1557 2184 1711 2219 ccclesiae
1736 2196 1752 2218 e

993 2235 994 2251 ³
1011 2239 1143 2279 regione
1157 2238 1261 2271 dictae
1275 2238 1459 2281 sepulturae
1476 2233 1571 2270 situm
1587 2238 1751 2271 celebrare

993 2299 994 2315 t
1012 2298 1215 2331 tenerentur;

1056 2347 1071 2388 ξ
1093 2345 1123 2378 Q.
1148 2346 1185 2378 Et
1204 2345 1235 2378 in
1257 2346 1368 2379 cadem
1392 2345 1590 2389 expositione
1610 2346 1746 2379 subiun-

993 2406 1073 2440 2cto,
1098 2400 1197 2444 quod,
1226 2410 1299 2433 cum
1325 2400 1408 2433 dicta
1430 2400 1520 2432 Anna
1546 2400 1657 2441 regina
1678 2405 1750 2433 ante

1011 2454 1127 2486 saetam
1148 2453 1352 2497 supradictae
1371 2463 1446 2486 suae
1464 2453 1635 2486 voluntatis
1656 2459 1685 2486 et
1699 2464 1751 2486 or-

993 2507 1185 2550 {dinationis
1204 2507 1451 2550 exequutionem
1472 2508 1510 2539 ab
1532 2506 1681 2539 humanis
1702 2508 1752 2540 ‹le-

239 2556 384 2601 Capitulo
401 2561 429 2591 et
446 2559 608 2592 canonicis
625 2557 774 2591 ecclesiae
797 2559 903 2591 sancti
920 2558 977 2592 Ni-
993 2552 995 2572 ³

1012 2559 1168 2601 cessisset,
1184 2560 1251 2604 ipse
1265 2560 1488 2602 sigismundus
1502 2571 1555 2593 rex
1570 2560 1637 2593 eius
1650 2570 1751 2604 nepos

1049 2676 1058 2702 1
1082 2674 1120 2702 Ex
1140 2674 1246 2710 aegest.
1264 2675 1291 2702 in
1311 2675 1410 2702 Secret.
1432 2675 1508 2702 Brev.

1766 260 1815 286 An.
1834 260 1861 286 C.
1883 260 1950 287 1604

1793 643 1914 664 Exordium.

1806 976 1863 996 Anna
1885 976 1950 1002 Ligei-

1767 1002 1813 1021 quu
1827 1005 1868 1022 tres
1879 1004 1950 1028 cupel-

1766 1029 1832 1048 lami<
1843 1036 1861 1049 in
1878 1029 1952 1049 Eccle-

1766 1060 1796 1074 sia
1813 1055 1899 1075 Harensi
1911 1062 1950 1076 eri-

1767 1086 1785 1106 gi
1802 1082 1915 1102 mandaxit.

1802 2368 1950 2393 Exu*t]¹111·iita-

1768 2398 1792 2414 =il
1804 2395 1951 2419 Sufficiunt-111³

1766 2427 1808 2443 l‘t'x,
1824 2424 1842 2441 el
1860 2424 1950 2447 ιἏιΙινΙΙΩ·

1767 2454 1803 2467 tw<
1828 2451 1886 2473 potiit
1902 2456 1913 2469 u
1929 2456 1950 2470 >u

1767 2480 1876 2496 tionttntttt.
