2227 3241
219 296 265 320 Αιι.
284 295 312 320 (ἲ,
338 294 404 321 toto
450 286 513 318 65⁹2

237 2109 329 2135 Eiusque
355 2111 392 2130 scs-

212 2138 254 2156 tum
265 2136 300 2156 die
311 2141 329 2156 iv
340 2137 393 2157 eius-

209 2162 257 2182 dem
272 2163 349 2184 mensis
359 2164 393 2189 agi

209 2189 319 2215 praecipit.

264 2533 341 2554 Eiidem
361 2534 394 2554 die

211 2559 395 2585 oiussepuleltrum

212 2585 346 2606 visitantibus
366 2587 394 2607 in-

210 2611 328 2639 dulgentias
343 2613 395 2634 etar-

211 2639 271 2663 gitur.

415 342 641 381 cardinalibus,
664 340 862 385 patriarchis,
888 341 1147 385 archiepiscopis,

414 395 570 439 episcopis
605 394 776 438 praedictis
796 421 802 434 ‚
841 394 1004 427 Romanae
1039 394 1152 428 Curiae

413 448 572 491 praelatis,
591 446 794 487 officialibus,
814 458 849 479 ac
869 446 1080 480 familiaribus
1098 457 1153 480 no-

412 502 495 541 stris,
520 502 605 534 clero
625 500 794 541 saeculari,
811 506 841 534 et
861 500 1011 543 regulari,
1032 510 1068 547 ae
1086 510 1152 533 ma-

413 555 494 588 xima
515 555 625 599 populi
653 555 854 598 frequentia,
880 565 973 588 mane
994 554 1147 588 conveni-

413 620 504 649 mus,
537 614 609 652 post
640 608 790 652 repetitas
816 618 875 652 pro
901 607 1151 641 canonizationis

411 662 540 694 decreto
560 661 732 704 petitiones
752 661 882 695 nomine
908 661 1052 695 eiusdem
1078 661 1151 694 Phi-

411 715 489 758 lippi
521 715 604 757 regis
625 725 641 747 a
662 715 779 749 dilecto
804 715 871 748 filio
900 721 1010 749 nostro
1034 709 1150 748 Ferdil'

410 768 517 801 nando
528 768 629 801 sancti
642 768 768 802 Eusebii
786 769 974 813 presbytero
989 769 1150 802 cardinale

410 831 468 864 per
488 821 601 854 Iulium
629 821 818 855 advocatum
841 822 1055 865 praedictum,
1078 827 1151 866 post

409 883 517 906 saeros
536 873 683 918 hymnos,
708 874 844 915 litanias,
865 874 1006 918 aliasque
1026 885 1149 918 preces,

408 932 479 970 post
497 927 632 970 Spiritus
651 927 759 961 Sancti
784 927 919 970 gratiam
942 928 1001 961 rite
1027 928 1145 972 implo-

410 985 523 1021 ratam,
540 981 580 1014 ad
597 980 753 1014 honorem
769 987 896 1015 sanctae
913 986 944 1014 et
964 980 1149 1015 individuae

409 1033 592 1076 Trinitatis,
617 1045 652 1068 ae
677 1034 751 1068 fidei
778 1035 955 1069 catholicae
983 1035 1148 1069 exaltatio-

410 1098 481 1120 nem
497 1093 527 1121 et
541 1088 704 1131 religionis
718 1088 910 1122 christianae
927 1095 1148 1132 augmentum,

409 1141 598 1175 auctoritate
610 1142 664 1176 Dei
679 1142 910 1186 omnipotentis
921 1142 1022 1176 Patris
1037 1148 1066 1176 et
1077 1142 1146 1176 Filii

409 1200 440 1228 et
454 1194 588 1239 Spiritus
606 1195 724 1237 Sancti,
740 1196 907 1229 beatorum
928 1196 1147 1240 apostolorum

410 1248 494 1281 Petri
516 1254 546 1282 et
566 1249 671 1288 Pauli,
695 1259 731 1282 ae
758 1251 887 1290 nostra,
916 1243 955 1283 de
975 1250 1144 1283 venerabi-

409 1301 486 1334 lium
509 1302 642 1336 fratrum
668 1308 851 1336 nostrorum
877 1303 906 1337 S.
931 1304 966 1336 P..
990 1304 1023 1336 E.
1045 1303 1149 1337 cardi-

409 1355 551 1396 nalium,
583 1356 840 1399 patriarcharum
858 1384 864 1397 ,
888 1355 1146 1400 archiepiscopo-

408 1418 479 1440 rum
494 1414 524 1441 et
537 1408 762 1452 episcoporum
779 1409 812 1442 in
825 1409 909 1443 Urbe
926 1409 1145 1453 praesentium

409 1461 541 1494 consilio
563 1467 594 1495 et
613 1462 756 1496 unanimi
778 1473 945 1505 consensu,
963 1463 1068 1496 bonae
1087 1473 1148 1495 me-

409 1515 531 1549 moriae
548 1515 695 1549 Carolum
710 1517 939 1549 Borromaeum
956 1544 963 1557 ,
981 1517 1057 1550 dum
1074 1516 1144 1549 vixit

409 1568 490 1602 tituli
504 1575 630 1603 sanctae
643 1569 792 1603 praxedis
806 1570 1026 1615 presbyterum
1043 1570 1147 1603 cardi-

407 1622 512 1655 nalem
528 1628 558 1656 et
571 1622 849 1667 archiepiscopum
865 1623 1146 1664 Mediolanensem,

407 1676 446 1708 de
461 1675 551 1709 euius
568 1675 737 1710 sanctitate
749 1676 843 1717 vitae,
860 1676 935 1710 fidei
953 1677 1146 1719 sinceritate,

408 1733 437 1761 et
455 1729 617 1762 miraculis
637 1729 731 1773 plene
760 1730 936 1772 constabat,
958 1737 987 1763 et
1009 1735 1143 1771 constat,

407 1782 558 1815 Sanctum
584 1793 651 1815 esse
676 1782 890 1823 definiviinus,
911 1794 947 1816 ac
964 1789 1146 1816 sanctorum

407 1834 635 1869 Confessorum
654 1836 845 1870 Pontificum
868 1837 1013 1879 catalogo
1032 1836 1148 1870 adscri-

408 1889 548 1922 bendum
568 1889 784 1931 decrevimus,
810 1896 908 1934 prout
927 1890 1147 1934 praesentium

409 1949 519 1976 tenore
545 1942 728 1984 definimus,
757 1943 961 1976 decernimus
982 1949 1008 1977 et
1029 1943 1149 1976 adscri-

408 1996 530 2037 bimus,
555 1996 710 2041 illumque
732 2007 843 2030 omnes
873 1996 983 2030 fideles
1004 1996 1148 2030 venerari

410 2050 631 2084 mandavimus
651 2056 682 2083 et
702 2051 902 2084 mandamus.

454 2105 470 2145 ἓ
492 2102 543 2145 56.
572 2103 763 2144 Statuentes,
787 2109 822 2137 ut
843 2104 881 2137 ab
902 2104 1073 2137 universali
1094 2104 1149 2137 Ee-

411 2156 506 2190 clesia
531 2156 561 2189 in
584 2156 651 2190 eius
671 2156 828 2190 honorem
848 2156 1001 2190 ecclesiae
1022 2162 1052 2190 et
1072 2157 1148 2190 alta-

411 2209 475 2250 ria,
505 2210 535 2242 in
561 2210 678 2254 quibus
697 2209 854 2243 sacrificia
873 2211 937 2243 Deo
959 2210 1145 2250 offerantur,

411 2263 573 2296 aedificari
599 2269 630 2297 et
654 2263 834 2296 consecrari
858 2263 1000 2307 possint,
1024 2269 1052 2297 et
1078 2263 1145 2296 sin-

410 2317 492 2358 gulis
506 2317 596 2350 annis
611 2317 661 2350 die
676 2328 706 2351 1v
717 2316 899 2350 novembris
922 2317 1034 2350 festum
1051 2316 1149 2361 ipsius

411 2375 441 2403 et
467 2370 609 2404 officium
638 2370 737 2404 saneti
762 2370 959 2404 Cont'essoris
987 2369 1149 2403 Pontifieis

411 2424 450 2456 ad
470 2424 619 2457 breviarii
640 2424 764 2458 romani
782 2423 1016 2468 praescriptum
1037 2424 1148 2457 devote

411 2477 601 2510 celebretur.

455 2530 471 2571 ξ
493 2529 544 2562 57.
573 2530 756 2574 Eademque
785 2529 973 2563 auctoritate
999 2530 1149 2563 omnibus

412 2581 682 2624 christifidelibus,
696 2594 767 2617 vere
780 2581 1020 2627 poenitentibus
1034 2587 1064 2615 et
1078 2592 1150 2615 con-

411 2634 509 2676 fessis,
531 2636 583 2680 qui
609 2637 700 2670 annis
718 2637 851 2680 singulis
869 2636 981 2669 eodem
1000 2636 1050 2669 die
1070 2637 1148 2670 festo

411 2689 449 2722 ad
474 2690 701 2734 sepulchrum,
728 2692 756 2724 in
785 2701 849 2735 quo
870 2700 987 2735 eorpus
1008 2691 1074 2724 eius
1099 2702 1147 2724 re-

1000 293 1180 318 nULLAan
1201 293 1354 318 ROMANUM

1935 296 1984 322 An.
2001 295 2028 322 n.
2052 295 2120 324 1610

1186 340 1332 384 quiescit,
1362 341 1474 374 devote
1494 342 1684 375 accesserint
1705 343 1894 377 visitandum
1911 372 1917 384 ,
1994 335 1997 338 “

1185 404 1284 427 unum
1310 404 1449 436 anuum,
1479 400 1508 428 et
1533 405 1629 428 unam
1655 396 1917 439 quadragenam,

1187 447 1224 481 iis
1243 458 1316 482 vero
1334 448 1388 491 qui
1410 448 1441 481 in
1459 448 1601 482 eiusdem
1620 449 1689 482 festi
1709 451 1829 491 octava,
1849 461 1924 494 qua-

1186 500 1332 544 draginta
1347 501 1414 535 dies
1428 502 1467 535 de
1493 502 1644 536 iniunctis
1667 513 1723 536 seu
1744 504 1923 547 quomodo-

1185 553 1263 587 libet
1288 554 1402 588 debitis
1426 555 1651 599 poenitentiis,
1672 555 1924 590 misericorditer

1187 607 1216 639 in
1236 607 1374 641 Domino
1391 608 1612 650 relaxavimus,
1636 620 1672 643 ae
1694 609 1873 651 relaxamus
1891 610 1921 643 in

1184 660 1285 694 forma
1310 661 1468 695 Ecclesiae
1493 665 1654 697 consueta.
1918 670 1921 671 ’

1229 715 1245 756 ξ
1271 713 1322 748 58.
1351 715 1516 749 Postremo
1536 716 1635 750 Deum
1666 717 1793 750 Patrem
1817 723 1921 751 aeter-
1962 727 2078 759 Deindeqd
2091 727 2120 748 ai-

1184 778 1272 810 num,
1295 779 1470 812 regemque
1494 769 1616 812 gloriae
1638 769 1797 804 Christum
1819 771 1920 804 Patris
1937 756 2064 801 iiihiiffli
2078 753 2121 806 iiiii

1936 812 1982 827 curn
1997 807 2064 828 sancti
2079 806 2118 828 Ca·

1183 821 1369 865 sempiterni
1395 822 1527 863 Filium,
1556 833 1592 856 ac
1616 830 1761 857 sanctum
1781 824 1920 857 Paracli-
1937 834 1974 863 mr!
1996 838 2122 854 commemo-

1185 880 1249 908 tum
1269 875 1435 919 Spiritum,
1452 887 1551 910 unum
1566 877 1677 918 Deum,
1700 888 1801 911 unum
1818 877 1922 911 Domi·
1936 862 2017 881 ‘'um‘’

1184 939 1260 961 num
1282 929 1431 963 laudibus
1445 936 1473 963 et
1495 931 1750 964 confessionibus
1768 932 1922 970 venerati,

1183 991 1339 1025 sacroque
1363 982 1482 1026 hymno
1501 984 1682 1024 decantato,
1702 984 1837 1017 solemni
1856 994 1924 1018 ora-

1186 1035 1270 1068 tione
1295 1034 1520 1070 Confessorum
1546 1037 1736 1071 Pontificum
1762 1048 1819 1082 per
1839 1037 1922 1071 beati

1185 1086 1289 1119 Caroli
1311 1087 1424 1120 merita
1452 1087 1512 1121 rite
1532 1098 1643 1122 sumus
1663 1089 1804 1132 precati,
1828 1095 1923 1133 atque

1184 1140 1223 1172 ad
1250 1140 1349 1173 altare
1381 1140 1480 1174 sancti
1505 1141 1590 1174 Petri
1620 1141 1765 1185 Apostoli
1795 1142 1923 1175 missam

1183 1192 1325 1235 egimus,
1349 1205 1421 1227 cum
1454 1194 1595 1228 eiusdem
1629 1195 1736 1229 Sancti
1762 1195 1924 1228 Pontificis

1184 1248 1511 1288 commemoratione,
1535 1248 1750 1292 omnibusque
1771 1248 1923 1282 christifi-

1182 1300 1306 1334 delibus
1325 1306 1399 1335 tunc
1419 1302 1642 1346 praesentibus
1659 1301 1837 1346 plenariam
1855 1312 1924 1335 om-

1182 1354 1270 1388 nium
1295 1361 1502 1398 peccatorum
1528 1366 1659 1389 suorum
1689 1355 1920 1399 indulgentiam

1182 1413 1211 1440 et
1229 1407 1450 1442 remissionem
1470 1409 1697 1443 concessimus.

1226 1461 1308 1503 359.
1322 1462 1458 1505 AEquum
1478 1468 1524 1496 est
1548 1462 1655 1505 igitur,
1677 1463 1753 1496 dare
1773 1473 1831 1496 nos
1851 1463 1920 1506 glo·
1963 1471 2002 1493 nat
2016 1473 2121 1498 postremo

1936 1499 2023 1524 floriani
2040 1499 2082 1519 Deo
2097 1504 2120 1518 ο·

1182 1515 1260 1547 riam
1284 1521 1314 1548 et
1337 1516 1493 1549 honorem
1525 1523 1556 1549 et
1586 1516 1844 1550 benedictionem
1869 1516 1921 1549 Vi·
1935 1531 2036 1552 „mosque
2064 1524 2122 1550 aim-¹

1936 1557 1983 1572 eum
1998 1557 2060 1572 orare
2070 1550 2120 1572 hor-

1182 1569 1265 1601 renti
1291 1569 1323 1602 in
1349 1570 1475 1603 saecula
1499 1569 1713 1610 saeculorum,
1742 1569 1797 1613 qui
1821 1569 2122 1603 bene-munumentum

1181 1621 1258 1655 dixit
1286 1633 1473 1656 conservum
1507 1629 1651 1656 nostrum
1681 1623 1713 1656 in
1741 1623 1828 1656 omni
1858 1623 1917 1657 be·
1935 1604 2121 1657 ssissss'ssfflssssssiissl

1181 1674 1362 1708 nedictione
1387 1675 1557 1719 spirituali,
1585 1681 1620 1709 ut
1644 1682 1725 1709 esset
1744 1681 1871 1710 sanetus
1891 1659 2121 1710 et-fli'ffletiiie’tm

1182 1728 1406 1762 immaculatus
1431 1739 1539 1763 coram
1561 1729 1642 1774 ipso,
1666 1735 1707 1771 et,
1731 1741 1802 1763 cum
1829 1730 1919 1764 illum

1182 1781 1307 1815 dederit
1326 1782 1418 1815 nobis
1439 1782 1593 1816 Dominus
1615 1788 1778 1827 tamquam
1800 1783 1923 1826 fulgen-

1183 1840 1244 1868 tem
1270 1835 1392 1869 stellam
1424 1835 1455 1868 in
1486 1836 1545 1869 bac
1571 1842 1665 1870 nocte
1695 1843 1920 1881 peccatorum,

1184 1889 1426 1923 tribulationum
1460 1896 1666 1932 nostrarum,
1701 1891 1855 1925 adeamus
1884 1891 1923 1924 ad

1183 1943 1322 1976 divinam
1353 1943 1556 1977 clementiam
1581 1954 1636 1978 ore
1664 1950 1695 1978 et
1720 1955 1818 1989 opere
1846 1955 1922 1990 sup-

1183 1996 1358 2041 plicantes,
1389 2003 1421 2030 ut
1455 1997 1585 2032 Carolus
1616 1998 1797 2040 Ecclesiae,
1825 2009 1922 2043 quam

1183 2051 1388 2084 vehementer
1412 2051 1531 2092 dilexit,
1554 2051 1657 2095 prosit
1681 2052 1776 2085 etiam
1802 2051 1924 2085 meritis

1184 2109 1214 2137 et
1238 2104 1396 2148 exemplo,
1419 2104 1502 2138 adsit
1520 2104 1712 2148 patrocinio,
1740 2110 1771 2138 et
1790 2104 1823 2138 in
1844 2111 1923 2138 tem-

1182 2167 1259 2201 pore
1292 2157 1476 2191 iracundiae
1507 2157 1563 2191 fiat
1593 2157 1831 2200 reconciliatio,
1865 2169 1923 2202 per

1182 2210 1341 2245 Christum
1362 2211 1534 2244 Dominum
1560 2217 1716 2245 nostrum.

1227 2265 1243 2305 5
1270 2262 1321 2297 60.
1356 2264 1545 2305 Caeterum,
1577 2264 1652 2308 quia
1681 2263 1813 2298 difficile
1838 2265 1940 2299 foret.
1962 2268 2119 2295 Exemrtishu·

1183 2322 1364 2360 praesentes
1377 2322 1501 2350 nostras
1514 2317 1634 2357 litteras
1647 2318 1687 2351 ad
1701 2316 1827 2360 singula
1839 2317 1920 2358 loca,
1935 2322 2001 2345 umet.

1183 2370 1236 2403 ubi
1251 2381 1330 2415 opus
1344 2377 1435 2412 esset,
1448 2371 1575 2414 deferri,
1590 2371 1748 2412 volumus,
1758 2376 1793 2404 ut
1807 2381 1918 2404 earum

1183 2424 1347 2467 exemplis,
1372 2424 1468 2457 etiam
1490 2424 1664 2468 impressis,
1684 2434 1781 2458 manu
1798 2423 1917 2468 publici

1183 2477 1300 2511 notarii
1318 2477 1516 2521 subscriptis,
1534 2483 1564 2511 et
1575 2477 1680 2520 sigillo
1698 2477 1833 2511 alicuius
1852 2487 1919 2520 per-

1183 2541 1280 2564 sonae
1306 2531 1337 2563 in
1362 2530 1517 2573 dignitate
1553 2529 1767 2567 ecclesiastica
1794 2528 1914 2562 consti-

1184 2590 1270 2618 tutae
1296 2584 1449 2624 munitis‚
1474 2584 1585 2617 eadem
1611 2583 1732 2626 ubique
1754 2581 1833 2615 fides
1857 2581 1917 2614 ha-

1183 2637 1317 2679 beatur,
1340 2647 1422 2682 quae
1447 2637 1522 2681 ipsis
1545 2635 1768 2680 praesentibus
1789 2635 1920 2668 adhibe-

1183 2696 1280 2729 retur,
1301 2691 1324 2724 si
1347 2696 1449 2724 essent
1470 2689 1627 2723 exhibitae
1647 2689 1693 2722 vel
1716 2695 1871 2723 ostensae.

1935 2301 1968 2317 ius
1981 2295 2052 2316 bullae
2061 2294 2121 2316 credi
2173 2314 2178 2322 ,
