2227 3241
249 263 298 289 An.
314 262 342 289 c.
367 262 433 289 1608
479 252 543 286 460

277 1118 370 1143 Derogat
379 1121 427 1137 con-

244 1145 321 1166 trariis.

447 311 540 353 gotiis
560 309 792 353 Episcoporum
814 314 845 341 et
866 308 1072 350 Regularium
1094 319 1187 352 prae-

446 363 637 406 positorum,
659 360 848 395 fraternitati
869 367 941 394 tuae
962 371 1020 405 per
1035 371 1186 404 praesen-

448 421 493 448 tes
518 413 749 448 committimus
780 419 811 447 et
842 414 1055 454 mandamus,
1078 420 1113 447 ut
1140 420 1182 454 tu,

447 474 608 511 tamquam
643 467 733 501 Sedis
765 467 966 511 Apostolicae
997 467 1181 510 delegatus,

444 526 617 565 praccepta
648 527 678 554 et
710 521 862 554 mandata
885 532 921 554 ac
943 521 1185 555 constitutiones

444 575 612 618 synodales
626 574 790 618 praedicta
804 575 835 607 in
848 575 1106 619 quibuscumque
1120 580 1186 608 tua-

445 639 517 661 rum
543 628 677 662 civitatis
698 634 728 662 et
749 628 885 662 diocesis
911 629 1064 669 ecclesiis,
1088 628 1182 661 etiam

444 678 613 722 utriusque
644 689 737 712 sexus
769 679 1060 720 monasteriorum,
1089 679 1183 712 etiam

408 771 413 776 ,
444 738 679 776 exemptorum,
701 744 737 766 ac
757 733 829 767 Sedi
850 733 1052 777 Apostolicae
1072 733 1185 766 imme-

444 785 528 819 diate
548 786 765 819 subiectorum
781 813 788 827 ,
816 786 874 819 sub
900 786 1034 819 arbitrio
1054 792 1109 819 tuo
1130 786 1181 818 in-

443 838 592 881 fligendis
611 839 735 884 poenis,
759 840 950 873 auctoritate
975 841 1084 873 nostra
1109 849 1185 883 apo-

443 892 567 933 stolica,
591 892 754 926 observari
776 893 909 926 mandes
933 899 964 926 et
988 893 1094 926 facias.
1122 893 1185 926 Nos

444 946 529 980 enim
555 946 612 980 tibi
634 947 673 980 ad
707 946 738 980 id
761 946 890 990 plenam
913 952 943 980 et
971 947 1111 990 amplam
1139 946 1184 979 sa-

444 1000 596 1034 cultatem
629 1005 660 1033 et
685 1000 927 1041 auctoritatem,
961 1006 1070 1034 tenore
1094 1010 1184 1043 prae-

443 1053 595 1094 sentium,
619 1053 828 1087 concedimus
848 1059 879 1087 et
904 1053 1118 1097 impertimur.

488 1108 504 1149 ξ
525 1106 556 1140 5.
579 1107 648 1141 Non
673 1107 876 1140 obstantibus
901 1106 1184 1141 constitutionibus

444 1164 475 1193 et
495 1160 754 1194 ordinationibus
775 1160 971 1205 apostolicis,
991 1170 1116 1194 necnon
1134 1170 1184 1193 ec-

443 1213 614 1247 clesiarum
629 1219 659 1248 et
672 1214 942 1248 monasteriorum
961 1224 998 1248 ac
1018 1213 1184 1255 Ordinum,

443 1267 577 1312 quibus¹
600 1268 654 1302 illa
679 1269 808 1310 suerint,
839 1268 965 1302 statutis
993 1274 1023 1302 et
1048 1267 1181 1312 privile-

442 1322 513 1365 giis,
538 1322 668 1356 illorum
695 1322 840 1356 omnium
862 1328 893 1356 et
912 1322 1114 1365 singulorum
1140 1327 1184 1355 te-

441 1385 549 1417 nores,
574 1376 709 1420 perinde
723 1386 760 1409 ac
779 1376 805 1409 si
826 1376 864 1409 de
877 1375 975 1409 verbo
993 1376 1033 1408 ad
1051 1375 1182 1408 verbum

442 1429 675 1471 insererentur,
704 1430 928 1477 praesentibus
948 1440 1008 1474 pro
1024 1428 1185 1462 sussicien-

443 1488 490 1516 ter
511 1483 668 1527 expressis
689 1489 721 1516 et
742 1483 871 1516 insertis
895 1483 1060 1523 habentes,
1082 1488 1184 1515 eaete-

442 1535 549 1579 risque
574 1536 743 1569 eontr-ariis
767 1536 1037 1580 quibuscumque.

485 1590 599 1623 Datum
621 1590 741 1624 Romae
762 1590 847 1633 apud
868 1595 1016 1623 sanetum
1037 1589 1180 1629 Petrum,

441 1642 500 1676 sub
532 1643 652 1676 annulo
686 1643 858 1676 piscatoris
894 1643 945 1676 die
976 1653 1008 1676 lx
1048 1641 1183 1676 ianuarii

441 1706 577 1738 mecvm,
606 1696 813 1741 pontificatus
838 1697 938 1730 nostri
959 1707 1044 1730 anno
1064 1707 1110 1730 111.

477 1759 534 1786 Dat.
554 1759 597 1787 die
612 1760 627 1786 9
648 1759 764 1787 ianuarii
783 1760 858 1794 1008,
876 1759 970 1795 pontif¹
989 1767 1032 1787 an.
1051 1765 1089 1785 111.

765 1946 859 1980 XCIV.

442 2068 665 2103 committitur
676 2068 838 2102 collectori
846 2068 993 2112 qenerali
1003 2069 1096 2112 reym‘
1106 2069 1183 2103 Por-

486 2121 643 2164 tuyalliae
663 2126 691 2154 et
722 2121 972 2165 Algyarbi'orum,
1004 2126 1040 2155 ut
1070 2123 1182 2155 visita-

486 2179 584 2208 torem
605 2174 806 2208 lllilz'tiarum
833 2176 938 2208 suncti
963 2175 1072 2208 Iaeobz·
1097 2179 1124 2207 et
1145 2175 1182 2208 de

483 2228 563 2261 Avis
587 2228 735 2272 deputet,
763 2240 781 2261 a
807 2230 899 2261 cuius
924 2229 1093 2262 sententiis
1117 2240 1177 2272 ap-

481 2280 604 2324 pellam?
633 2292 697 2314 mm
728 2282 850 2325 possit,
885 2293 946 2315 uon-
979 2283 1181 2315 obstantibus

483 2336 615 2368 statutis
635 2334 799 2368 dictarum
816 2335 1044 2369 Militiarmffl.

475 2441 488 2467 1
511 2440 612 2467 Saltem
632 2440 666 2468 ad
686 2440 819 2475 syntaxim
838 2441 986 2475 legendum
1007 2443 1076 2467 esset
1093 2449 1180 2475 quae-

441 2485 496 2516 vis;
511 2484 565 2511 nisi
578 2485 668 2512 forsan
680 2485 822 2520 amplioris
838 2485 1035 2512 emendationis
1050 2493 1119 2520 opus
1134 2485 1178 2519 sit,

441 2537 484 2556 ex.
499 2538 538 2563 g.,
555 2529 668 2564 quibus,
685 2537 881 2564 quaecumque
896 2530 950 2556 itta
963 2529 1086 2564 fuerint,
1099 2531 1180 2557 dero-

441 2582 544 2607 9amus
564 2573 610 2608 qui
632 2574 714 2601 verba
728 2574 819 2609 aptius
835 2576 1084 2608 transponerentur
1098 2574 1180 2608 paulo

442 2621 503 2652 post
518 2620 557 2653 (n.
574 2619 623 2653 r).
823 2617 830 2622 '

476 2662 492 2689 -2
509 2662 545 2689 Ex
561 2663 667 2699 llegest.
685 2664 713 2691 in
727 2664 829 2692 Seeret.
851 2663 984 2691 Brevium.

1019 260 1201 285 BULLARIUM
1225 260 1378 285 ROMANUM

1218 307 1334 336 Dilecto
1354 308 1416 336 filio
1444 308 1604 343 spoliorum
1631 311 1662 336 et
1687 309 1800 339 lurtum
1819 310 1957 340 camerae

1254 364 1374 389 nostrae
1394 361 1582 395 Apostolicae
1602 361 1770 390 debitorum
1794 362 1825 389 in
1852 363 1958 391 Portu-

1254 415 1364 449 qalliae
1388 418 1418 443 et
1445 415 1650 449 Alqarhiorum
1678 415 1780 450 regnis
1799 415 1959 448 'collectori

1255 469 1386 503 generali

1453 524 1563 551 Paulus
1583 524 1660 558 Papa
1680 525 1710 552 v.

1499 631 1613 659 Dilecto
1632 631 1692 665 fili,

1264 684 1394 711 salutem
1409 686 1440 711 et
1455 684 1652 718 apostolicam
1666 684 1913 714 benedictionem.

1263 790 1278 833 ᾗ
1300 790 1329 823 l.
1354 790 1475 834 Exponi
1495 790 1588 837 nobis
1608 801 1713 835 nuper
1737 792 1812 825 fecit
1837 791 1957 826 charis·
2004 803 2086 825 Causae
2101 808 2158 826 com·
2191 817 2195 821 ‚

1971 830 2083 852 missionis.

1218 843 1317 876 simus
1342 843 1372 875 in
1394 843 1519 877 Christo
1547 842 1631 876 tilius
1658 849 1768 877 noster
1791 844 1957 889 Philippus

1220 896 1432 939 Portugalliae
1462 903 1493 930 et
1517 897 1742 940 Algarbiorum
1767 909 1821 932 rex
1841 899 1954 933 catho-

1218 949 1316 988 licus,
1347 950 1434 993 quod
1465 956 1570 984 certus
1599 950 1745 984 visitator
1772 951 1956 985 Militiarum

1218 1002 1317 1035 sancti
1338 1002 1444 1036 Iacolii
1466 1008 1496 1036 et
1521 1003 1560 1036 de
1580 1003 1652 1037 Avis
1673 1004 1763 1045 regni
1788 1004 1957 1047 Portugal-

1218 1055 1279 1088 liae
1300 1061 1330 1088 et
1350 1056 1482 1088 fratrum
1505 1056 1642 1090 militum
1670 1056 1809 1098 illarum,
1834 1057 1867 1090 in
1883 1057 1957 1092 visi-

1219 1109 1337 1143 tatione
1350 1111 1407 1142 sua
1424 1109 1648 1153 deprehendit,
1665 1111 1752 1154 quod
1771 1111 1956 1145 earumdem

1218 1161 1401 1195 Militiarum
1417 1163 1529 1195 fratres
1544 1162 1660 1196 milites
1673 1163 1869 1205 regularium
1883 1164 1958 1198 su'o-

1220 1226 1290 1249 rum
1306 1216 1523 1249 institutorum
1538 1216 1744 1250 immemores
1758 1217 1789 1250 in
1805 1217 1878 1251 vitia
1890 1228 1959 1262 pas·

1219 1269 1278 1303 sim
1297 1269 1521 1313 prolabuntur,
1539 1275 1569 1303 et
1582 1281 1728 1304 excessus
1741 1271 1957 1311 committunt,

1219 1329 1249 1357 et
1269 1323 1363 1356 liuius
1392 1323 1466 1356 mali
1482 1333 1548 1356 non
1572 1323 1648 1356 levis
1673 1329 1720 1357 est
1744 1334 1850 1365 causa,
1870 1325 1958 1368 quod

1218 1377 1305 1410 iuxta
1320 1376 1488 1420 privilegia
1506 1377 1622 1410 Militiis
1639 1376 1823 1410 huiusmodi
1842 1387 1860 1410 a
1876 1377 1957 1411 Sede

1218 1429 1400 1473 Apostolica
1415 1440 1577 1470 concessa,
1594 1440 1660 1463 non
1677 1430 1737 1463 nisi
1751 1430 1889 1474 praeviis
1902 1431 1958 1464 tri-

1220 1483 1277 1515 bus
1289 1483 1509 1516 conformibus
1520 1483 1686 1517 sententiis
1696 1483 1802 1527 puniri
1813 1489 1957 1528 possunt.

1218 1536 1322 1575 Quare
1347 1536 1430 1569 idem
1458 1547 1512 1569 rex
1539 1536 1631 1570 nobis
1651 1536 1818 1570 humiliter
1836 1537 1958 1581 suppli-

1218 1589 1283 1622 cari
1302 1589 1385 1629 fecit,
1406 1595 1441 1622 ut
1462 1590 1491 1622 in
1510 1590 1693 1633 praemissis
1711 1590 1886 1634 apostolica
1906 1601 1957 1624 au-

1218 1643 1364 1677 ctoritate
1384 1644 1554 1687 providere
1579 1644 1799 1686 dignaremur.

1262 1696 1277 1739 ξ
1294 1695 1324 1729 2.
1348 1696 1410 1730 Nos
1431 1696 1572 1730 volentes
1592 1707 1643 1738 ne,
1664 1702 1830 1741 praetextu
1847 1696 1957 1731 huius-
1973 1705 2155 1760 q02⁰¹÷¹1¹1¹2³51⁵2ffi⁰
2187 1723 2190 1727 .
2223 1714 2225 1722 v

1218 1750 1305 1783 modi
1330 1750 1575 1793 privilegiorum
1591 1777 1599 1792 ,
1630 1751 1747 1784 delicta
1770 1756 1959 1785 remaneant

1219 1803 1386 1847 impunita,
1412 1803 1467 1837 tibi
1493 1814 1550 1848 per
1574 1810 1757 1848 praesentes
1778 1804 1955 1838 committi-

1218 1867 1287 1891 mus
1307 1863 1338 1890 et
1362 1857 1570 1898 mandamus,
1592 1863 1627 1890 ut
1646 1857 1786 1892 iudicem
1808 1858 1954 1902 deputes,

1218 1911 1272 1954 qui
1290 1912 1329 1945 de
1346 1910 1409 1944 vita
1427 1917 1458 1944 et
1478 1911 1622 1945 moribus
1643 1911 1781 1945 militum
1799 1911 1958 1946 dictarum

1217 1964 1401 1998 Militiarum
1430 1964 1462 1997 in
1493 1964 1660 2008 praedicto
1688 1975 1788 2007 regno
1816 1965 1959 1999 existen-

1218 2017 1297 2051 tium
1324 2029 1360 2051 ac
1389 2019 1428 2052 cle
1448 2018 1628 2052 excessibus
1654 2023 1684 2052 et
1705 2018 1829 2052 delictis
1853 2018 1892 2052 ab
1913 2018 1958 2052 eis

1217 2070 1396 2104 commissis
1416 2082 1448 2104 se
1471 2070 1641 2113 diligenter
1665 2071 1835 2112 informet,
1863 2076 1894 2105 et
1917 2071 1958 2104 ad

1216 2124 1392 2166 condignas
1424 2134 1546 2167 poenas
1578 2134 1637 2168 per
1668 2124 1735 2158 eius
1766 2124 1956 2157 sententiam

1216 2177 1393 2220 procedat,
1429 2176 1519 2210 cuius
1555 2177 1727 2221 exequutio
1757 2187 1815 2221 per
1839 2177 1957 2211 subse-

1215 2237 1366 2274 quentem
1388 2225 1649 2274 appellationem,
1673 2230 1806 2265 arbitrio
1819 2236 1884 2272 tuo,
1898 2231 1956 2265 mi-

1215 2283 1300 2316 nime
1318 2283 1510 2316 retardetur.

1258 2337 1275 2377 g
1297 2335 1326 2368 5.
1347 2335 1416 2368 Non
1434 2335 1835 2380 obstantibus-praemissis
1850 2346 1887 2369 ac
1907 2335 1954 2369 di·
1967 2332 2190 2390 tgssirgffigomss

1214 2393 1338 2422 ciarum
1351 2388 1547 2429 Militiarum,
1561 2388 1656 2422 etiam
1672 2389 1864 2430 iuramento,
1882 2398 1955 2422 con·

1213 2441 1396 2475 firmatione
1413 2441 1600 2484 apostolica,
1617 2442 1664 2475 vel
1678 2441 1788 2485 quavis
1801 2441 1953 2476 firmitate

1214 2494 1276 2528 alia
1290 2494 1459 2536 roboratis,
1473 2495 1609 2535 statutis,
1624 2494 1798 2538 privilegiis
1812 2505 1953 2539 quoque,

1214 2547 1347 2581 indultis
1368 2553 1398 2580 et
1418 2547 1532 2580 litteris
1552 2547 1737 2591 apostolicis
1755 2547 1876 2581 eisdem
1901 2547 1954 2580 Mi-

1214 2601 1299 2642 litiis,
1322 2601 1517 2645 illarumque
1537 2600 1697 2643 magistris
1718 2605 1748 2633 et
1771 2600 1842 2634 aliis
1858 2611 1953 2645 supe-

1213 2654 1353 2689 rioribus
1375 2661 1405 2689 et
1428 2654 1586 2699 personis,
1609 2654 1668 2692 sub
1693 2654 1952 2700 quibuscumque
