2227 3241
2190 52 2194 60 1

2184 0 2227 117 ξ,

2197 128 2209 153 ἶ;

1996 263 2046 291 An.
2060 263 2088 291 c.
2111 242 2227 326 isos&

2225 316 2226 332 1

268 262 358 291 Λη.ο.
383 262 450 291 1605
496 253 562 288 ⁶222
1051 263 1235 289 numanum
1255 264 1409 290 ROMANUM

1238 312 1461 353 offerentibus,
1485 312 1623 356 aliquam
1650 313 1863 357 pecuniarum
1884 324 1974 348 sum-

1238 376 1322 400 mam
1344 367 1407 400 sive
1427 366 1671 400 subventionem
1699 366 1881 410 recipiam),
1909 377 1976 401 ma-

801 310 869 345 1x¹.

305 1079 453 1103 Ecclesiastici·

264 1108 321 1132 regni
328 1107 414 1130 Siciliae
421 1109 450 1130 of·

265 1134 334 1155 furunt
344 1136 388 1161 regi
400 1141 449 1156 non-

263 1161 319 1182 nulla
349 1161 449 1183 donativa

264 1188 357 1211 servitia.
382 1194 450 1209 resor-

265 1216 312 1234 vato
320 1216 389 1235 tamen
397 1215 448 1237 S.A.

263 1239 404 1267 beneplacito.

314 2201 356 2223 Rex
376 2203 446 2224 huius-

262 2230 317 2250 modi
340 2231 392 2256 petit
409 2230 446 2251 be-

262 2258 394 2283 neplacitum.

464 417 619 451 Facultas
635 416 858 450 ecclesiasticis
878 418 972 461 requi
985 417 1121 452 Siciliae
1131 429 1203 463 per-

508 468 654 503 solvendi
668 469 738 502 sine
754 479 968 503 censurarum
992 470 1128 504 incursu
1149 482 1203 515 pe-

508 524 621 557 cunias
639 522 819 557 nonnullas
837 524 908 568 reyi
922 534 984 570 per
1000 535 1050 558 eos
1063 524 1199 566 oblatas,

507 588 592 621 quae
612 577 761 611 donativa
782 577 909 612 servitia
934 578 1198 623 nuncupantur?

558 684 737 712 eharissimo
754 685 785 712 in
801 685 917 714 Christo
933 686 994 714 fflio
1010 689 1114 714 nostro

516 737 652 772 Philippo
680 738 890 774 Hispaniarum
909 740 972 775 reqi
1002 740 1150 768 catholico

711 829 822 857 Paulus
840 830 918 864 Papa
932 831 964 858 V.

558 906 735 937 charissime
750 909 781 936 in
797 909 914 939 Christo
928 911 971 938 fili
986 915 1099 945 noster,

499 962 630 990 salutem
646 965 676 991 et.
695 964 894 998 apostolicam
913 964 1165 993 benedictionem.

508 1060 630 1106 Exponi
651 1062 743 1096 nobis
764 1063 875 1105 fecisti,
898 1065 982 1108 quod
999 1066 1084 1109 (cum
1100 1075 1202 1109 nuper

466 1114 571 1148 dilecti
592 1115 649 1148 filii
672 1122 735 1150 tres
755 1117 925 1151 hominum
940 1124 1051 1158 status,
1067 1129 1123 1151 seu
1142 1118 1202 1151 tria

464 1166 598 1201 brachia
625 1169 897 1211 ecclesiasticum,
923 1171 1061 1204 militare
1090 1177 1120 1204 01
1145 1172 1219 1204 ‹ie-1

464 1221 603 1254 maniale
627 1228 823 1267 nuncupata,
846 1223 935 1266 regni
964 1224 1091 1257 Siciliae
1119 1224 1200 1257 ultra

463 1273 615 1316 Pharum,
640 1276 730 1310 cuius
749 1282 779 1309 tu
798 1288 852 1310 rex
871 1277 986 1318 existis,
1008 1278 1199 1322 quibusdam

462 1328 707 1363 rationabilibus
734 1330 773 1363 de
802 1331 905 1364 causis
937 1341 1050 1365 eorum
1077 1332 1201 1366 animos

462 1381 677 1423 moventibus,
689 1383 727 1416 de
742 1383 907 1417 offerendo
918 1384 974 1417 tibi
990 1391 1092 1419 certas
1106 1396 1201 1429 pecu-

461 1434 588 1468 niarum
606 1446 748 1470 summas
773 1437 929 1471 donativa
952 1439 1087 1471 servitia
1112 1449 1197 1472 nun-

461 1493 604 1532 cupatas,
625 1489 684 1522 sub
706 1490 799 1523 certis
825 1491 971 1525 terminis
996 1503 1032 1525 ac
1053 1494 1151 1525 modo
1172 1498 1202 1526 et

460 1540 563 1574 forma
591 1542 782 1584 exigendas,
807 1544 890 1577 inter
914 1555 946 1578 se
979 1546 1200 1589 tractaverint)

460 1595 660 1629 venerabiles
694 1596 808 1631 fratres
840 1598 1097 1643 archiepiscopi⁷
1127 1599 1197 1643 epi-

460 1648 549 1692 scopi
564 1653 595 1682 et
606 1649 713 1682 dilecti
728 1649 784 1683 filii
803 1651 1056 1686 archimandrita
1070 1658 1099 1686 et
1119 1653 1199 1687 aliae

459 1712 616 1746 personae
636 1703 869 1738 ecclesiasticae
885 1705 960 1738 dicti
977 1706 1065 1748 regni
1080 1712 1198 1739 certam

459 1760 562 1788 ratam
581 1755 657 1789 dare
675 1762 855 1791 statuerunt
871 1758 901 1790 in
922 1759 1131 1802 parlamentis
1148 1770 1199 1793 or-

460 1808 595 1842 dinariis
610 1808 727 1843 habitis
741 1811 780 1844 de
802 1811 894 1845 annis
914 1822 977 1845 11110
995 1818 1025 1846 01
1038 1823 1152 1854 unctu,
1170 1819 1200 1846 01

460 1863 717 1897 extraordinario
739 1864 847 1898 habito
862 1865 900 1899 de
919 1876 1002 1899 anno
1024 1877 1132 1905 iinciv3
1156 1867 1200 1911 ip-

459 1915 551 1960 sique
564 1916 796 1962 archiepiscopi
808 1924 838 1952 et
852 1919 1005 1963 episcopi,
1017 1920 1200 1954 archiman-

460 1969 543 2002 drita
561 1975 591 2003 et
611 1970 692 2004 aliae
712 1981 869 2015 personae
888 1983 999 2006 eorum
1022 1979 1121 2007 ratam
1141 1974 1197 2007 hu-

459 2022 610 2063 iusmodi,
625 2025 797 2058 accedente
808 2025 848 2058 ad
862 2025 922 2058 hoc
940 2032 1050 2059 nostro
1065 2033 1094 2060 et
1111 2027 1200 2062 Sedis

459 2076 661 2120 Apostolicae
674 2077 888 2122 beneplacito,
908 2079 1090 2122 persolvere
1105 2081 1199 2123 regiis

461 2129 615 2164 ministris
628 2131 815 2165 obtulerunt
833 2138 863 2165 et
879 2133 1106 2176 promiserunt.

507 2184 523 2226 g
545 2182 575 2217 2.
592 2183 668 2218 Cum
683 2190 802 2226 autem,
821 2185 899 2219 sicut
916 2186 1027 2220 eadem
1043 2188 1199 2232 expositio

461 2237 676 2281 subiungebat
689 2240 738 2281 (ex
759 2248 796 2272 00
818 2240 904 2283 quod
918 2250 975 2283 per
987 2240 1200 2275 Lateranense

460 2290 636 2325 Concilium
662 2291 834 2325 novissime
855 2292 1065 2334 celebratum,
1089 2293 1197 2327 diver-

459 2355 574 2389 sasque
593 2344 671 2378 alias
691 2346 862 2379 canonicas
876 2346 1068 2386 sanctiones,
1081 2347 1139 2380 sub
1155 2347 1200 2380 di-

460 2398 556 2432 versis
570 2398 711 2432 censuris
720 2404 750 2432 et
759 2399 871 2443 poenis
885 2405 1034 2432 caveatur
1044 2410 1201 2444 expresse,

460 2462 501 2485 ne
519 2462 620 2495 reges,
641 2452 804 2497 principes
827 2458 858 2486 et
884 2452 936 2486 alii
958 2459 1142 2497 potentatus
1163 2454 1201 2487 ab

461 2505 734 2550 archiepiscopis,
764 2505 943 2550 episcopis,
976 2507 1146 2540 abbatibus
1174 2513 1203 2540 01

459 2558 528 2592 31115
546 2558 694 2602 personis
715 2558 950 2601 ecclesiasticis,
975 2560 1070 2593 etiam
1090 2565 1203 2604 sponte

496 2631 506 2655 1
532 2629 602 2657 llaec
617 2630 643 2656 in
660 2630 722 2659 edit.
741 2630 823 2658 Main.
845 2639 858 2657 x
879 2631 1037 2659 inscribitur
1055 2634 1095 2666 (n.
1113 2632 1158 2666 T.).

496 2673 513 2700 2
533 2673 570 2700 Ex
591 2673 699 2710 Regest.
721 2675 748 2702 in
769 2675 873 2703 Secret.
895 2675 972 2702 Brer.

1237 419 1331 454 iestas
1356 426 1408 453 tua
1428 425 1459 453 ct
1476 420 1520 453 tui
1542 419 1627 453 illius
1648 419 1736 462 regni
1759 420 1898 453 ministri
1919 421 1976 454 du-

1237 473 1362 514 bitetis,
1396 479 1497 506 ratam
1532 473 1730 516 praedictam
1764 473 1952 517 recipiendo
1967 501 1974 514 ,

1237 536 1387 560 censuras
1408 532 1437 559 et
1455 536 1575 570 poenas
1594 525 1774 570 praedictas
1792 525 1958 560 incurrere
1966 539 1974 568 ;
1994 530 1997 533 '

1219 586 1268 623 ,01
1292 585 1463 624 propterea
1487 579 1580 613 nobis
1605 579 1772 613 humiliter
1801 579 1976 624 supplicari

1219 627 1221 681 ζ
1239 633 1338 666 fecisti
1356 642 1414 677 pro
1431 638 1501 665 tuae
1522 638 1553 666 et
1572 632 1731 666 dictorum
1755 632 1976 667 ministrorum

1220 723 1221 726 ,
1238 685 1453 720 conscientiae
1474 685 1591 730 quiete,
1613 692 1771 730 quatenus
1791 685 1976 730 praemissis

1219 728 1221 757 ’ἶ
1238 747 1378 774 nostram
1405 747 1436 773 et
1456 739 1551 773 huius
1572 740 1706 774 Sanctae
1723 740 1814 774 Sedis
1835 739 1976 774 auctori-

1220 799 1334 826 ‘tatem
1357 793 1564 837 interponere
1589 793 1816 836 dignaremur:

1282 846 1337 889 §3
1354 847 1417 881 Nos
1430 847 1720 891 supplicationibus
1734 848 1921 882 huiusmodi
1932 848 1977 882 in·
2010 869 2112 892 Coum„
2122 869 2175 892 pon,

1989 897 2046 922 tifex,
2066 902 2176 918 consuran-
2191 895 2205 922 Ζ

1990 929 2031 951 que
2041 928 2144 944 canonum
2153 922 2176 945 id

1990 950 2105 972 vetantium
2115 949 2174 971 tottii.
2193 949 2217 982 *pl

1237 901 1357 941 clinati,
1382 902 1536 936 oblationi
1563 908 1592 936 et
1617 902 1824 946 promissioni
1845 913 1904 947 per
1922 913 1975 936 ar-

1236 954 1468 999 chiepiscopos,
1482 956 1660 1000 episcopos,
1676 956 1972 998 archimandritam,

1237 1014 1267 1041 et
1288 1009 1365 1042 alias
1385 1010 1617 1044 ecclesiasticas
1637 1021 1792 1054 personas
1812 1010 1975 1055 sactispro

1236 1061 1295 1095 hac
1309 1062 1378 1097 vice
1400 1069 1521 1096 tantum
1544 1069 1688 1097 nostram
1710 1070 1740 1097 et
1763 1064 1867 1098 dictae
1885 1063 1976 1098 Sedis

1236 1117 1460 1150 auctoritatem
1472 1117 1707 1161 interponimus
1715 1127 1772 1161 per
1781 1122 1976 1161 praesentes;

1236 1174 1267 1202 et
1284 1169 1495 1203 nihilominus
1516 1170 1779 1214 archiepiscopis,
1804 1170 1973 1215 episcopis,

1235 1223 1507 1257 archimandritae
1528 1229 1557 1257 et
1578 1224 1648 1257 aliis
1665 1224 1886 1258 ecclesiasticis
1905 1235 1978 1269 per-

1236 1273 1322 1310 sonis
1344 1277 1529 1322 praedictis,
1549 1283 1584 1311 ut
1601 1284 1702 1311 ratam
1721 1277 1906 1312 huiusmodi
1920 1289 1979 1322 per

1236 1340 1301 1371 eos,
1323 1335 1358 1363 ut
1371 1331 1565 1374 praefertur,
1579 1330 1719 1364 oblatam
1735 1337 1765 1364 01
1784 1331 1976 1375 promissam

1237 1385 1432 1427 persolvere,
1450 1395 1485 1417 ac
1509 1390 1561 1418 tua
1575 1385 1724 1418 maiestas
1737 1391 1768 1418 et
1781 1384 1823 1418 tui
1839 1385 1976 1419 ministri

1236 1447 1304 1470 eam
1324 1443 1435 1481 petere
1456 1443 1487 1471 et
1500 1438 1656 1482 recipere,
1674 1439 1794 1482 absque
1812 1438 1978 1472 conscien-

1236 1490 1297 1524 tiae
1308 1492 1461 1535 scrupulo
1470 1501 1526 1525 seu
1540 1503 1748 1525 censurarum
1762 1497 1976 1536 etpoenarum

1234 1545 1472 1588 praedictarum
1490 1545 1632 1585 incursu,
1649 1546 1750 1579 libere
1765 1551 1795 1579 et
1809 1538 1894 1579 licite
1905 1556 1978 1590 pos-

1234 1597 1296 1630 sint
1317 1599 1524 1632 concedimus
1539 1605 1567 1632 01
1586 1599 1803 1641 indulgemus,
1828 1599 1978 1643 ipsosque

1234 1651 1517 1696 archiepiscopos,
1538 1652 1717 1696 episcopos,
1743 1652 1977 1686 archimandri-

1235 1709 1298 1737 tam
1330 1711 1361 1738 et
1388 1706 1465 1739 alias
1492 1716 1646 1750 personas
1665 1706 1916 1748 ecclesiasticas,
1947 1711 1978 1739 et

1234 1769 1344 1791 earum
1363 1757 1515 1801 singulas,
1533 1765 1692 1803 quatenus
1710 1759 1769 1803 ipsi
1789 1759 1905 1793 dictam
1925 1769 1976 1792 ra-

1234 1816 1299 1845 tam
1329 1812 1392 1845 inm
1421 1811 1646 1855 promiserint,
1671 1823 1797 1846 necnon
1826 1812 1973 1846 eamdem

1234 1865 1433 1899 maiestatem
1449 1871 1536 1899 tuam
1559 1871 1590 1899 et
1610 1872 1680 1899 tuos
1699 1866 1861 1900 ministros
1881 1877 1974 1911 prae-

1233 1919 1345 1960 dictos,
1362 1919 1387 1952 si
1402 1920 1547 1953 eamdem
1563 1924 1663 1952 ratam
1680 1919 1742 1952 iam
1756 1921 1971 1965 perceperint,
2017 1961 2026 1973 α

1233 1972 1272 2005 ab
1291 1972 1442 2006 omnihus
1462 1977 1493 2006 01
1507 1973 1640 2015 singulis
1655 1973 1800 2006 censuris
1814 1979 1844 2007 et
1860 1974 1974 2018 poenis

1233 2037 1290 2070 per
1307 2037 1360 2060 eos
1374 2031 1546 2070 propterea
1562 2026 1805 2070 quomodolibet
1824 2027 1969 2069 incursis,

1233 2080 1344 2113 eadem
1364 2080 1554 2113 auctoritate
1575 2080 1771 2113 absolvimus
1791 2086 1821 2114 01
1842 2080 1971 2114 absolu-

1235 2138 1281 2167 tos
1298 2133 1365 2167 sore
1385 2144 1554 2167 censemus
1572 2140 1602 2167 et
1623 2134 1834 2167 declaramus.

1278 2188 1293 2228 ἕ
1314 2186 1344 2220 4.
1363 2187 1671 2231 Decernentesquod
1686 2197 1798 2221 omnes
1811 2188 1969 2230 etsinguli
2014 2178 2198 2236 Adeaqmſjs'

1986 2234 2090 2255 solvenda
2107 2240 2144 2256 cuc

1987 2261 2086 2282 stasticoa
2107 2263 2141 2283 ten
2194 2275 2196 2291 Α

1988 2287 2091 2309 declarat.
2178 2291 2180 2297 ¹

1233 2240 1511 2283 pensiona1·ii,·seu
1527 2239 1546 2272 ii
1559 2240 1675 2284 quibus
1693 2240 1763 2274 loco
1779 2241 1970 2285 pensionum

1233 2293 1354 2327 fructus
1375 2293 1405 2326 in
1428 2299 1530 2327 totum
1551 2293 1598 2327 vel
1618 2294 1650 2327 in
1673 2300 1798 2338 partem
1821 2294 1972 2328 reservati

1234 2346 1380 2387 existant,
1398 2347 1632 2390 cuiuscumque
1649 2347 1813 2389 dignitatis
1829 2347 1878 2379 rel
1899 2356 1975 2380 con-

1235 2400 1368 2434 ditionis
1387 2400 1460 2441 sint,
1477 2400 1616 2444 exceptis
1634 2406 1740 2434 tamen
1758 2400 1788 2434 S.
1806 2400 1842 2433 R.
1858 2400 1892 2434 E.
1907 2411 1976 2434 car-

1236 2453 1409 2494 dinalibus,
1424 2453 1462 2487 ad
1476 2453 1661 2487 huiusmodi
1677 2459 1762 2486 ratae
1780 2453 1973 2488 solutionem

1238 2506 1268 2539 in
1289 2507 1440 2540 omnibus
1469 2514 1500 2540 01
1518 2517 1576 2550 per
1600 2505 1720 2546 omnia,
1744 2506 1879 2550 perinde
1899 2507 1974 2540 acsi

1237 2560 1426 2594 nominatim
1456 2566 1558 2593 ratam
1583 2559 1729 2592 eamdem
1755 2570 1787 2592 se
1814 2559 1977 2593 soluturos

1238 2613 1438 2653 obtulissent,
1454 2612 1605 2646 clausulis
1619 2618 1648 2646 et
1663 2612 1800 2646 decretis
1818 2612 1850 2645 in
1863 2612 1978 2646 litteris

1239 2666 1424 2711 apostolicis
1449 2665 1921 2710 reservationum,pensionum
1947 2671 1977 2700 et

2196 943 2206 959 ‹-
2191 843 2213 891 ’μ’
2181 645 2214 817 ··,·.''·»·.z·2.·2
2189 551 2213 600 .».’
2196 508 2198 511 ·

2185 1097 2211 1132 ⁴⁵3]
2181 1069 2205 1090 ‘2
2195 1048 2211 1063 s
2188 985 2211 1040 ’νιν

2180 1143 2209 1397 hulme-aiv,

2176 1399 2211 1699 ”besanes-‘ma
