2227 3241
24 262 73 290 An.
89 262 120 289 G.
140 261 206 289 1604

41 1404 208 1427 [λιι-1110511100-

27 1433 78 1458 togis
88 1431 207 1453 conferma·

28 1461 67 1484 tur,

830 258 976 283 CLEMENS
1002 260 1059 283 Vttl
1084 260 1122 283 1²1³
1129 276 1134 283 .

219 309 396 354 bipolensis
421 309 630 343 ecclesiarum
656 307 894 353 praedictarum
914 317 964 340 ca-

219 363 390 397 nonicatus
423 369 453 396 et
488 362 708 407 praebendas,
743 360 845 405 quos¹
878 361 965 405 (qui—

220 416 327 450 busvis
341 444 349 458 ,
378 422 442 450 tam
477 416 563 450 iuxta
598 415 795 449 concordata
825 414 964 448 nationis

220 470 410 505 Germaniae
425 481 497 504 cum
509 470 590 503 Sede
604 468 788 513 Apostolica
801 468 878 501 inita
892 478 965 512 apo-

221 523 353 565 stolicis,
377 534 474 568 quam
495 522 668 557 ordinariis
689 522 854 555 mensibus
874 532 964 555 nun-

221 577 358 621 cupatis)
379 577 496 621 primo,
516 576 611 610 simul
631 576 678 609 vel
695 575 885 616 successive,
906 586 964 619 per

221 641 345 664 cessum
367 630 415 663 vel
436 630 603 663 decessum
624 639 681 663 seu
702 628 848 673 quamvis
868 629 963 662 aliam

222 685 444 719 dimissionem
466 684 538 718 illos
558 683 787 723 obtinentium,
812 688 867 716 aut
887 682 964 716 alias

221 738 335 783 quovis
349 738 447 772 modo
466 743 553 771 extra
570 737 750 772 Romanam
767 736 894 770 Curiam
914 747 965 770 va-

222 802 294 826 care
313 791 509 834 contigisset,
526 790 652 825 etiamsi
667 789 870 834 dispositioni
888 800 964 834 apo-

220 845 354 880 stolicae
378 844 583 889 specialiter,
607 844 655 878 vel
681 854 718 877 ex
738 843 849 888 quavis
869 846 963 877 causa

222 902 465 944 (praeterquam
490 899 616 932 ratione
640 897 816 932 vacationis
833 898 963 932 illorum

222 954 308 999 apud
326 953 441 988 Sedem
462 953 679 998 Apostolicam
693 980 700 994 ,
725 958 780 986 aut
799 952 964 987 familiari-

222 1009 294 1042 tatis
312 1008 485 1042 continuae
503 1007 551 1042 01ἶ
569 1008 853 1042 commensalitatis
867 1007 965 1052 ipsius

221 1061 292 1096 Iulii
312 1061 582 1106 praedecessoris,
603 1067 657 1094 aut
677 1061 813 1095 alicuius
833 1062 863 1096 S.
880 1062 916 1094 R.
931 1061 964 1095 E.

222 1115 394 1150 cardinalis
407 1115 550 1157 viventis,
565 1115 655 1149 cuius
669 1125 844 1155 consensus
857 1115 966 1160 requi-

222 1170 343 1204 rendus
356 1170 452 1213 soret)
465 1170 659 1213 generaliter
679 1170 843 1211 reservati,
862 1175 917 1203 aut
929 1180 965 1203 ex

222 1223 365 1267 generali
396 1223 615 1257 reservatione
650 1224 825 1268 apostolica
861 1223 965 1257 affecti

222 1278 374 1318 fuissent,
405 1283 480 1311 tunc
501 1283 531 1311 01
552 1277 647 1311 etiam
668 1278 794 1322 quoties
815 1277 967 1322 deinceps

222 1331 387 1376 perpetuis
404 1331 519 1364 suturis
538 1331 739 1375 temporibus
756 1331 964 1371 vacavissent,

223 1385 326 1418 tribus
339 1384 464 1418 clericis
478 1384 697 1418 saecularibus
712 1385 814 1418 dictae
828 1385 968 1418 nationis

222 1438 434 1473 Germanicae
455 1437 488 1470 in
506 1437 669 1480 theologia
698 1437 884 1471 doctoribus
910 1448 964 1471 ca-

223 1491 352 1525 tholicis
373 1491 404 1524 in
431 1491 539 1535 aliqua
560 1491 738 1535 approbata
759 1490 968 1524 universitate

222 1545 320 1579 studii
334 1545 493 1587 generalis
507 1555 579 1578 cum
598 1544 705 1587 rigore
720 1544 877 1578 examinis
893 1555 968 1589 pro-

224 1599 319 1632 motis
340 1598 419 1642 (qui,
437 1598 508 1631 illos
526 1608 585 1642 pro
605 1604 750 1642 tempore
771 1597 964 1637 obtinentes,

224 1652 309 1686 iuxta
329 1652 499 1697 providam
521 1653 661 1696 desuper
674 1662 731 1696 per
749 1651 870 1685 dictum
893 1658 968 1685 tunc

224 1712 255 1739 et
265 1716 325 1750 pro
337 1712 481 1750 tempore
494 1706 681 1739 existentem
694 1705 882 1749 episcopum
895 1706 969 1739 ller—

223 1760 423 1804 bipolensem
442 1759 621 1793 faciendam
637 1759 885 1799 ordinationem,
903 1765 967 1793 tam

224 1814 256 1847 in
277 1814 501 1858 Herbipolensi
523 1820 552 1847 et
570 1813 756 1858 praedictis,
780 1823 877 1857 quam
898 1813 969 1846 aliis

224 1868 483 1912 quibuscumque
501 1868 660 1902 dictarum
679 1867 814 1901 civitatis
833 1873 863 1901 et
880 1867 968 1901 dioe-

225 1922 305 1955 cesis
325 1921 565 1966 Ilerbipolcnsis
580 1921 723 1955 ecclesiis
741 1922 828 1955 clero
846 1932 968 1956 sermo-

225 1986 281 2009 nes
302 1977 425 2017 sacerc,
449 1983 480 2010 et
499 1977 621 2021 populo
641 1977 776 2010 verbum
798 1977 852 2010 Dei
873 1987 967 2021 prae-

227 2030 351 2071 dicare,
370 2041 424 2069 ac,
449 2030 480 2063 in
506 2030 585 2063 locis
613 2031 652 2063 ad
679 2030 740 2064 1100
766 2031 918 2073 congruis
939 2037 969 2063 et

227 2083 492 2117 convenientibus
502 2095 560 2128 per
572 2084 675 2128 ipsum
690 2090 763 2117 tunc
775 2090 806 2118 et.
819 2095 877 2129 pro
890 2091 967 2118 10111-

226 2147 305 2181 pore
326 2137 512 2170 existentem
538 2137 725 2182 episcopum
751 2138 966 2182 llerbipolen-

227 2201 293 2224 sem
316 2191 541 2233 designandis,
569 2191 724 2225 lectiones
750 2192 781 2225 in
808 2192 969 2235 theologia

228 2244 333 2286 legere
353 2246 552 2287 tenerentur)
574 2256 646 2278 cum
671 2245 874 2289 plenitudine
891 2246 969 2279 iuris

229 2299 375 2332 canonici
404 2299 642 2332 001110101111058
661 2299 816 2343 praedicti
840 2305 914 2333 tunc
940 2306 969 2334 01

231 2363 288 2395 pro
307 2358 453 2397 tempore
471 2353 632 2387 existentis
653 2353 794 2398 episcopi
814 2354 970 2398 llerbipo-

230 2429 285 2455 len.
302 2430 484 2457 ecelesiarum
505 2430 740 2464 pi·acdt'cla7'tem;
762 2430 878 2465 ideoque
895 2431 969 2458 Her-

230 2469 419 2503 bipolensium
441 2470 509 2496 soret
531 2470 690 2505 legendum3
711 2471 759 2497 5011
780 2471 864 2497 satius
894 2471 972 2498 nobis

232 2509 318 2535 visum
334 2509 383 2536 suit
398 2510 499 2537 addere
512 2510 580 2537 banc
593 2519 685 2537 vocem
703 2511 829 2538 civitatis
847 2512 880 2545 (a.
895 2512 944 2545 ¹r.].

267 2555 276 2579 1
295 2554 490 2581 Turbatissime
505 2555 570 2582 edit.
584 2555 664 2582 Maia.
678 2555 739 2591 legit
756 2564 825 2590 quos
840 2564 913 2587 cum;
932 2556 971 2583 vel

231 2592 373 2627 legendum
389 2602 468 2628 quos,
486 2596 525 2621 vel
547 2604 637 2629 ‘sicum'
653 2604 698 2622 eos
713 2596 750 2629 (n.
768 2595 815 2629 1.).

266 2636 282 2662 ’2
298 2636 457 2665 Particulam
474 2641 500 2666 el
516 2647 563 2665 nos
578 2639 726 2666 adiecimus
742 2645 781 2671 (n.
799 2642 846 2673 T.).

267 2680 283 2707 3
299 2680 442 2717 Perperain
460 2683 523 2709 edit.
535 2682 613 2710 Main.
628 2683 677 2719 leg.
691 2684 861 2719 confercndi
875 2685 913 2719 (11.
924 2683 971 2717 1.).

1652 252 1709 285 tlt

999 307 1094 340 lensis
1112 308 1276 341 collationi
1290 314 1320 342 et
1334 308 1537 354 dispositioni
1549 311 1741 355 (dummodo

1000 361 1193 395 dilectorum
1226 362 1367 396 filiorum
1390 364 1489 398 sancti
1515 364 1642 399 Ioannis
1669 365 1741 399 novi

999 415 1193 457 Monasterii‚
1217 422 1247 450 et
1271 418 1371 451 sancti
1396 418 1522 453 loannis
1545 419 1576 452 in
1597 419 1739 462 Ilaugiis,

999 479 1036 501 ac
1064 469 1165 502 sancti
1198 470 1375 505 Burchardi
1405 472 1613 506 ecclesiarum
1644 483 1740 517 prac-

999 521 1157 555 dictarum
1180 523 1408 567 capitulorum,
1433 526 1473 559 ad
1494 536 1574 570 quos
1599 526 1742 571 ipsarum

999 575 1208 609 ecclesiarum
1242 578 1490 612 canonicatuum
1521 585 1551 613 ct
1578 580 1739 624 praeben-

999 629 1113 662 darum
1135 630 1277 671 collatio,
1305 632 1447 675 provisio
1473 638 1503 666 et
1528 634 1658 677 quaevis
1679 634 1741 667 alia

999 683 1188 717 omnimoda
1213 684 1381 729 dispositio
1402 686 1441 720 de
1469 687 1601 731 antiqua
1627 694 1656 721 et
1681 699 1740 732 ap-

999 737 1135 780 probata
1172 743 1371 783 eatenusque
1411 740 1545 784 pacifice
1577 742 1744 775 observata

999 791 1242 833 consuetudine,
1255 798 1401 836 spectare
1411 794 1624 835 asserebatur,
1637 796 1744 840 quoad

999 844 1207 878 canonicatus
1235 851 1266 879 et
1290 846 1492 890 praebendas
1517 848 1548 880 in
1581 849 1744 883 mensibus

999 898 1172 933 ordinariis
1200 899 1387 934 huiusmodi
1412 908 1592 944 vacaturos,
1623 904 1662 937 ad
1683 904 1745 938 1100

999 963 1168 997 expressus
1199 954 1370 988 accederet
1402 957 1573 999 assensus)
1605 958 1743 991 auctori-

1000 1011 1063 1040 tate
1096 1007 1272 1051 apostolica
1308 1015 1466 1053 perpetuo
1504 1011 1678 1044 reservavit
1715 1018 1743 1045 01

1000 1060 1039 1093 ad
1075 1060 1135 1094 hoc
1168 1061 1354 1105 deputavit,
1390 1063 1564 1097 districtius
1596 1064 1746 1098 inhibens

1000 1113 1121 1147 eisdem
1144 1114 1304 1158 capitulis,
1325 1126 1365 1149 ne
1386 1116 1446 1160 ipsi
1464 1117 1600 1151 ulterius
1625 1118 1742 1163 aliqui-

1000 1168 1078 1209 bus,
1103 1179 1139 1202 ac
1163 1169 1330 1213 praedicto
1356 1176 1430 1204 tunc
1460 1177 1489 1205 et
1520 1182 1581 1216 pro
1602 1178 1747 1217 tempore

1000 1222 1147 1256 existenti
1177 1223 1330 1269 episcopo
1350 1225 1588 1270 Herbipolensi,
1614 1237 1654 1261 110
1680 1227 1748 1272 ipse

1002 1276 1211 1311 canonicatus
1237 1283 1267 1311 et
1291 1278 1515 1322 praehendas,
1539 1286 1574 1313 ut
1599 1281 1744 1324 praeser-

1002 1335 1073 1371 tur,
1097 1338 1292 1375 reservatos,
1321 1333 1391 1367 aliis
1417 1344 1513 1377 quam
1538 1335 1686 1379 personis
1715 1342 1749 1370 ut

1001 1393 1099 1427 supra
1130 1384 1324 1428 qualilicatis
1355 1387 1517 1427 conterre,
1550 1393 1580 1420 et
1611 1388 1650 1421 de
1687 1388 1749 1422 illis

1001 1438 1172 1481 providere
1187 1449 1319 1483 quoquo
1334 1441 1430 1473 modo
1444 1448 1700 1484 praesumerent,
1712 1453 1748 1476 ac

1003 1492 1181 1526 decernens
1196 1503 1232 1526 ex
1250 1499 1325 1526 tunc
1343 1495 1472 1528 eosdem
1493 1496 1703 1530 canonicatus
1717 1503 1747 1531 ct

1002 1545 1215 1589 praebendas,
1240 1552 1274 1579 ut
1301 1548 1500 1591 praefertur,
1520 1555 1698 1583 reservatos
1719 1556 1748 1583 et

1002 1609 1060 1643 pro
1076 1599 1200 1633 clericis
1221 1600 1408 1635 doctoribus
1426 1603 1598 1645 praedictis
1616 1604 1749 1648 deputa-

1003 1657 1062 1692 tos,
1080 1658 1143 1685 tam
1162 1655 1196 1686 ea
1216 1653 1320 1697 prima
1339 1654 1417 1695 vice,
1438 1666 1535 1699 quam
1555 1656 1649 1689 etiam
1669 1668 1749 1701 quo-

1002 1704 1059 1738 ties
1072 1705 1223 1750 deinceps
1236 1708 1400 1751 perpetuis
1415 1710 1529 1743 suturis
1549 1711 1748 1754 temporibus

1003 1763 1090 1791 extra
1104 1759 1221 1792 dictam
1237 1760 1363 1793 Curiam
1379 1762 1537 1795 vacarent¹
1551 1763 1660 1807 (etiam
1680 1764 1748 1797 illa-

1003 1823 1075 1845 rum
1099 1814 1298 1847 commcndis
1312 1816 1528 1857 cessantibus,
1545 1817 1569 1850 si
1585 1828 1750 1851 commen-

1003 1866 1085 1907 dati,
1109 1878 1145 1900 ac
1165 1868 1341 1902 unionibus
1356 1869 1530 1911 dissolutis,
1552 1872 1576 1903 51
1599 1871 1690 1912 1111111,
1712 1883 1748 1905 ac

1002 1923 1213 1956 commendae
1227 1929 1255 1956 ct
1271 1923 1407 1958 uniones
1422 1924 1605 1958 huiusmodi
1622 1926 1659 1959 de
1674 1932 1749 1959 tunc

1003 1976 1088 2019 apud
1109 1976 1222 2010 Sedent
1244 1978 1442 2021 praedictam
1463 1979 1630 2012 vacantcs‘z
1648 1980 1749 2013 factae

1003 2029 1159 2073 fuissent),
1176 2031 1235 2064 sub
1253 2031 1418 2075 quibusvis
1436 2032 1558 2074 gratiis,
1579 2034 1749 2077 expectati-

1004 2083 1059 2124 vis,
1071 2083 1266 2127 specialibus
1285 2085 1330 2118 vel
1350 2085 1566 2127 generalibus,
1584 2087 1747 2120 autetiam

1004 2137 1200 2171 mensalibus
1213 2139 1495 2180 reservationibus,
1510 2139 1749 2184 primariispre-

1004 2191 1113 2231 cibus,
1138 2192 1427 2234 nominationibus,
1452 2199 1481 2226 01
1503 2194 1691 2227 nominandi
1711 2205 1746 2227 ac

1005 2246 1101 2278 etiam
1119 2246 1293 2279 nominatis
1311 2248 1500 2281 conserendi
1513 2248 1684 2288 mandatis,
1702 2249 1747 2281 111-

1005 2299 1188 2340 cultatihus,
1208 2299 1358 2341 indultis,
1379 2301 1617 2341 collationibus,
1641 2301 1748 2344 provi-

1005 2353 1173 2394 sionibus,
1202 2354 1403 2387 rommendis
1429 2360 1460 2387 01
1489 2355 1653 2398 quibusvis
1678 2355 1748 2387 aliis

1006 2406 1284 2450 dispositionibus,
1309 2408 1404 2440 ctiam
1428 2418 1485 2451 per
1507 2408 1609 2451 ipsum
1632 2408 1747 2441 lulium

1006 2461 1286 2503 praedecessorem
1320 2467 1347 2494 01
1381 2462 1494 2495 Sedent
1522 2461 1745 2504 praedictam,

1007 2519 1060 2547 aut
1087 2514 1156 2547 eius
1180 2515 1301 2557 legatos
1327 2515 1366 2548 de
1391 2515 1512 2553 latere,
1537 2515 1632 2547 ctiam
1659 2521 1749 2548 motu

1046 2594 1053 2619 1
1073 2594 1180 2622 Addere
1194 2595 1220 2621 11.
1236 2604 1259 2621 ν.
1273 2598 1407 2622 vacarent
1423 2603 1527 2621 necess.
1542 2594 1626 2621 visum
1639 2595 1656 2621 s.
1667 2598 1750 2628 (11.1.)

1042 2638 1057 2664 2
1074 2638 1116 2665 Sic
1132 2639 1236 2665 videtur
1250 2639 1369 2674 legentl.3
1387 2639 1452 2666 edit.
1471 2639 1549 2666 Main.
1568 2639 1619 2674 teg.
1643 2648 1748 2666 vaccen-

1008 2683 1082 2711 [ibzts
1097 2684 1135 2718 (tt.
1152 2684 1201 2716 1.).

1762 263 1852 290 An.C.
1878 263 1942 291 1004

1803 1073 1853 1094 Cum
1869 1072 1946 1093 inbibi-

1761 1100 1817 1121 tione
1834 1101 1878 1120 illu<
1898 1100 1945 1120 aliis

1761 1127 1891 1149 conserundi.
