2227 3241
223 280 271 306 An.
288 279 316 306 c.
340 279 407 307 ¹610
452 271 515 305 636

229 1338 269 1361 Dat
277 1340 303 1361 ad
315 1339 337 1361 id
344 1340 400 1360 vica·

216 1366 248 1387 rio
259 1366 352 1393 generati
367 1372 399 1387 ai·⁴

213 1393 403 1423 chiepiseopi'l‘au-

215 1426 305 1441 rinensts
341 1425 402 1442 eom-

217 1447 345 1468 missionem,

993 281 1174 306 BULLARIUM

421 334 540 362 certam
561 329 599 362 de
617 328 798 372 praemissis
815 327 972 361 notitiain¹
990 328 1153 369 habentes,

420 393 455 415 ae
481 382 628 416 Carolum
654 381 860 415 Emanuelem
887 382 1020 423 ducem,
1045 389 1075 416 et
1095 383 1153 416 ab·

419 435 524 468 batem
558 446 684 468 necnon
717 435 934 479 praepositum
962 435 1152 479 praedictOS,

419 498 612 531 eorumque,
639 498 673 521 ac
708 495 882 522 conventus
915 493 945 522 et
976 488 1173 532 Congrega-¹

419 540 512 573 tionis
537 540 721 574 huiusmodi
753 541 931 584 singulares
962 552 1114 586 personas
1138 547 1173 575 a³

418 594 581 638 quibusvis
602 596 953 637 excommunicationis,
974 597 1155 641 suspensio-

417 647 465 680 nis
497 653 527 681 et
560 647 740 689 interdicti,
770 649 902 693 aliisque
935 649 1173 683 ecclesiasticis

416 700 592 742 sententiis,
621 702 763 736 censuris
782 708 810 735 et
836 703 959 746 poenis,
987 713 1004 736 a
1021 703 1090 737 iure
1108 703 1154 736 vel

416 753 455 786 ab
480 753 629 794 homine,
658 755 767 799 quavis
793 756 962 790 occasione
988 757 1035 789 vel
1061 757 1155 790 causa

416 806 497 848 latis,
521 807 545 840 si
571 808 687 852 quibus
713 810 956 853 quomodolibet
982 810 1154 844 innodatae

415 859 563 901 existunt,
584 861 624 894 ad
649 861 796 895 effectum
822 864 1038 907 praesentium
1062 864 1154 896 dum-

417 919 498 947 taxat
518 916 792 959 consequendum,
816 917 929 950 harum
951 917 1034 950 serie
1051 917 1155 951 absol-

415 974 522 1002 ventes
547 973 577 1002 et
602 968 764 1003 absolutas
788 970 856 1003 sore
882 977 1068 1012 censentes,
1096 981 1154 1004 nec

414 1031 478 1054 non
499 1021 635 1055 aliarum
655 1023 898 1057 concessionum
918 1030 948 1058 et
967 1024 1154 1067 assignatio-

415 1084 490 1107 num
510 1074 613 1108 dictae
634 1075 878 1119 Congregationi
900 1078 1054 1111 hactenus
1076 1088 1153 1122 quo·
1171 1093 1173 1106 ι

415 1128 594 1162 modolibet
611 1129 777 1172 saetarum,
795 1140 832 1164 ac
849 1131 1082 1175 scripturarum
1101 1131 1154 1164 de·
1171 1147 1173 1167 i

414 1192 511 1226 super
542 1182 784 1224 confectarum,
814 1190 952 1224 tenores,
981 1195 1053 1218 cum
1081 1184 1154 1218 inde

415 1236 558 1279 sequutis
575 1236 842 1281 quibuscumque,
860 1238 1082 1281 praesentibus
1095 1249 1154 1282 pro
1172 1246 1173 1253 ¹

416 1290 571 1333 expressis
595 1290 761 1332 habentes,
786 1291 969 1325 huiusmodi
995 1292 1154 1336 supplica-

418 1341 557 1376 tionibus
589 1343 754 1384 inclinati,
784 1344 969 1378 discretioni
1003 1350 1074 1378 tuae
1098 1355 1155 1389 per

416 1395 591 1439 apostolica
611 1397 728 1440 scripta
754 1398 954 1436 mandamus,
983 1404 1150 1442 quatenus,

416 1449 533 1483 vocatis
559 1450 614 1493 qui
643 1450 760 1493 suerint
786 1452 937 1485 evocandi
954 1479 961 1490 ‚
990 1449 1150 1496 de‘prae-

417 1502 518 1536 missis
544 1509 572 1537 te
598 1503 769 1547 diligenter
791 1504 957 1545 informes,
978 1511 1019 1545 et,
1047 1505 1071 1538 si
1098 1516 1154 1549 per

415 1549 842 1592 informationem⁰eamdem
870 1559 913 1592 ita
938 1558 1005 1592 esse
1031 1570 1155 1603 repere-

414 1609 468 1651 ris,
486 1610 603 1644 dictam
617 1611 785 1645 ecclesiam
800 1613 901 1646 sancti
918 1613 1063 1646 Dalmatii
1080 1624 1151 1646 cum

414 1663 531 1705 domo,
560 1666 746 1707 curtilibus,
770 1677 826 1700 seu
857 1667 957 1706 areis,
986 1667 1149 1708 viridario,

415 1717 590 1761 apothecis,
607 1719 740 1763 aliisque
754 1720 908 1753 aedificiis
923 1721 1080 1754 concessis
1094 1720 1153 1753 hu-

415 1770 552 1805 iusmodi
567 1772 682 1816 (furno
696 1783 766 1806 cum
782 1773 850 1807 eius
863 1773 1016 1807 aedificiis
1030 1779 1060 1807 et
1074 1774 1152 1807 cella

415 1824 534 1858 vinaria
558 1825 729 1869 praedictis
756 1827 918 1860 dumtaxat
939 1827 1095 1870 exceptis)
1113 1827 1170 1861 abt

415 1877 533 1912 eisdem
554 1879 748 1913 monasterio
766 1887 796 1914 et
811 1880 941 1921 Ordine,
962 1881 1152 1914 auctoritate

415 1935 534 1973 nostra,
551 1939 707 1977 perpetuo
728 1944 856 1978 separes
876 1940 906 1968 et
926 1934 1149 1976 dismembres,

415 1996 451 2020 ac
475 1986 507 2019 in
528 1986 590 2020 illis
614 1987 658 2020 sic
682 1988 837 2031 separatis
860 1993 889 2021 et
915 1988 1152 2022 dismembratis

415 2040 565 2073 eumdem
590 2039 764 2082 Ordinem,
793 2052 987 2086 omnemque
1019 2048 1148 2084 statum,

415 2093 596 2134 essentiam,
616 2100 763 2128 naturam
785 2100 815 2129 et
835 2096 1082 2139 dependentium
1103 2107 1151 2129 re-

413 2147 539 2190 gulares
554 2174 561 2188 ,
589 2158 626 2180 ac
657 2148 753 2181 etiam
768 2176 775 2189 ,
808 2155 966 2193 quatenus
987 2160 1067 2193 opus
1087 2149 1148 2190 sit,

413 2200 653 2244 praeceptoriae
679 2201 825 2242 titulum,
849 2212 967 2236 nomen
991 2209 1022 2236 et
1046 2203 1148 2236 deno-

414 2252 644 2295 minationem,
667 2254 762 2287 etiam
793 2260 950 2298 perpetuo
971 2256 1169 2299 supprimas

414 2311 444 2338 et
465 2306 653 2349 extinguas3
683 2307 809 2351 illisque
841 2308 884 2341 sic
915 2308 1094 2352 suppressis
1121 2314 1149 2342 et

414 2359 576 2400 extinctis,
602 2360 748 2394 eamdem
770 2361 936 2394 ecclesiam
959 2362 1058 2395 sancti
1079 2362 1150 2395 Dat-

415 2412 519 2454 matii,
543 2415 606 2445 una
627 2424 699 2447 cum
725 2413 843 2454 domo,
876 2414 1064 2456 curtilibus,
1096 2425 1152 2448 seu

414 2466 507 2506 areis,
531 2466 694 2507 viridario,
717 2466 891 2510 apothecis,
913 2467 1046 2511 aliisque
1065 2468 1152 2501 aedi-

415 2518 495 2552 ficiis
512 2519 693 2563 praedictiS,
719 2520 822 2554 dictae
835 2520 1092 2562 Congregationi,
1114 2521 1151 2553 il-

415 2571 539 2616 liusque
559 2573 753 2617 praeposito,
775 2579 805 2606 et
824 2573 981 2616 religiosis
1003 2584 1060 2617 pro
1078 2580 1153 2607 tem-

414 2633 493 2667 pore
514 2625 719 2659 existentibus
739 2626 910 2670 praedictis
927 2626 984 2659 sub
1003 2627 1152 2660 omnibus

452 2688 461 2713 l
487 2688 551 2715 lleie
573 2689 730 2724 particulam
748 2698 801 2717 non
819 2689 958 2718 abolemus
976 2691 1010 2726 [a.
1028 2690 1074 2721 TC„

1195 281 1347 305 Romnum

1190 334 1221 362 et
1251 328 1384 371 singulis
1408 329 1645 363 conditionibus
1670 335 1701 363 et
1729 326 1830 374 pactis
1861 336 1925 364 tam

1190 382 1338 426 superius
1363 382 1536 426 expressis,
1561 392 1657 426 quam
1678 382 1747 416 aliis
1778 383 1810 416 in
1834 384 1925 418 dictis

1190 436 1354 480 scripturis
1375 437 1479 470 forsan
1500 436 1672 478 contentis,
1703 436 1798 470 licitis
1819 443 1925 472 tamen

1190 495 1220 523 et
1243 489 1396 531 honestis,
1420 501 1455 524 ac
1475 490 1573 524 sacris
1597 490 1785 533 canonibus,
1808 490 1922 525 Conci-

1190 542 1287 587 liique
1307 544 1483 577 Tridentini
1504 543 1640 577 decretis
1660 554 1724 577 non
1745 553 1926 588 repugnan-

1191 596 1284 638 tibus,
1304 597 1452 630 similiter
1472 603 1630 642 perpetuo
1654 597 1811 631 concedas
1831 603 1862 632 et
1878 608 1926 632 as-

1189 650 1304 693 signes3
1321 661 1356 684 ac
1378 650 1409 683 in
1431 651 1538 692 domo,
1563 651 1740 693 cortilibus,
1760 662 1816 686 seu
1833 651 1925 693 areis,

1190 703 1362 745 viridario,
1395 704 1579 748 apothecis,
1608 705 1741 749 aliisque
1772 704 1926 738 aedificiis

1189 757 1346 791 concessis
1367 758 1564 799 huiusmodi,
1592 768 1691 792 unum
1716 758 1820 792 dictae
1844 757 1926 792 Con-

1189 811 1384 854 gregationis
1406 812 1588 854 collegium,
1613 812 1700 856 quod
1728 811 1926 856 praedictam

1190 865 1354 899 ecclesiam
1375 865 1476 899 sancti
1500 865 1647 899 Dalmatii
1667 876 1727 910 pro
1751 868 1809 899 sua
1827 865 1928 900 eccle-

1188 918 1232 951 sia
1248 918 1373 960 habeat,
1403 921 1466 952 una
1490 930 1562 952 cum
1589 919 1694 959 cellis,
1718 918 1872 952 membris
1896 924 1928 952 et

1189 970 1324 1005 officinis
1359 972 1545 1006 necessariis
1579 978 1610 1005 et
1645 971 1836 1016 opportunis
1866 981 1926 1016 pro

1189 1025 1352 1069 perpetuis
1377 1037 1436 1059 usu
1449 1031 1480 1060 et
1492 1025 1691 1060 habitatione
1716 1025 1926 1070 competentis

1189 1079 1315 1112 numeri
1333 1078 1502 1113 duodecim
1520 1080 1560 1113 ad
1578 1079 1682 1113 minus
1700 1078 1926 1122 religiosorum

1188 1130 1452 1175 Congregationis
1470 1132 1653 1166 huiusmodi
1671 1132 1738 1177 (qui
1757 1132 1841 1166 iuxta
1859 1132 1926 1166 eius

1189 1184 1266 1218 ritus
1288 1190 1318 1218 et
1338 1195 1444 1219 mores
1473 1196 1508 1219 ac
1528 1185 1671 1220 instituta
1691 1185 1852 1228 regularia
1875 1185 1924 1219 vi-

1190 1244 1273 1278 vant,
1300 1239 1514 1284 omnibusque
1539 1246 1570 1273 et
1589 1239 1722 1282 singulis
1741 1238 1927 1283 privilegiis,

1190 1292 1404 1333 facultatibus,
1425 1292 1637 1334 libertatibus,
1659 1291 1926 1333 immunitatibus,

1189 1345 1455 1389 exemptionibus,
1483 1345 1722 1389 praerogativis,
1746 1343 1928 1379 concessio-

1171 1396 1292 1438 {nibus,
1314 1399 1572 1440 antelationibus,
1596 1399 1737 1439 indultis,
1766 1397 1926 1432 favoribus

1170 1446 1217 1484 Tet
1238 1452 1348 1494 gratiis
1368 1451 1438 1486 aliis
1459 1452 1635 1492 universis,
1660 1458 1723 1485 tam
1745 1451 1923 1498 spirituali-

1189 1506 1247 1539 bus
1275 1516 1371 1549 quam
1394 1505 1635 1550 temporalibus,
1663 1506 1779 1550 quibus
1800 1511 1926 1540 caetera

1188 1559 1323 1601 collegia
1343 1565 1373 1593 et
1398 1560 1467 1593 loca
1488 1559 1629 1593 eiusdem
1648 1559 1922 1603 Congregationis,

1170 1621 1366 1656 :eorumque
1390 1613 1568 1657 presbyteri
1593 1618 1623 1646 et
1643 1613 1750 1647 clerici
1771 1613 1811 1647 de
1835 1613 1922 1653 iure,

1188 1677 1256 1708 usu,
1279 1666 1458 1710 privilegio,
1486 1672 1540 1700 aut
1565 1666 1771 1700 concessione
1791 1671 1922 1712 aposto-

1188 1721 1268 1761 lica,
1301 1731 1356 1754 seu
1388 1721 1466 1754 alias
1495 1721 1738 1766 quomodolibet
1766 1727 1921 1760 utuntur.

1188 1775 1352 1816 fruuntur,
1376 1775 1542 1818 potiuntur
1563 1781 1593 1808 et
1613 1775 1771 1818 gaudent,
1799 1775 1922 1817 ac-uti,

1187 1827 1260 1868 frui,
1288 1827 1382 1871 potiri
1404 1835 1435 1861 et
1454 1829 1594 1871 gaudere
1622 1832 1755 1872 possunt
1775 1834 1806 1862 et
1827 1834 1922 1873 pote-

1187 1887 1258 1914 runt
1280 1881 1525 1925 quomodolibet
1546 1882 1577 1914 in
1597 1881 1753 1923 futurum,
1777 1881 1925 1916 similiter

1186 1940 1217 1967 et
1233 1935 1452 1978 parisormiter
1470 1935 1525 1976 uti,
1543 1935 1603 1969 srui
1622 1935 1719 1979 potiri
1735 1940 1766 1969 et
1783 1935 1924 1978 gaudere

1186 1988 1286 2022 libere
1307 1994 1338 2022 et
1358 1989 1443 2023 licite
1461 1990 1596 2030 valeant,
1613 1989 1795 2033 dictamque
1813 1998 1924 2022 curam

1185 2043 1365 2076 animarum
1383 2053 1442 2087 per
1459 2053 1491 2076 se
1512 2042 1609 2087 ipsos,
1626 2053 1681 2076 seu
1703 2051 1924 2087 quoscumque

1186 2107 1222 2130 ex
1242 2096 1304 2137 eis,
1325 2096 1371 2130 vel
1399 2096 1478 2130 alios
1498 2096 1702 2140 presbyteros
1721 2096 1921 2136 saeculares,

1186 2150 1225 2183 ad
1245 2150 1306 2183 hoc
1330 2160 1389 2193 pro
1415 2155 1558 2193 tempore
1589 2159 1648 2193 per
1672 2148 1853 2193 superiores
1877 2147 1924 2182 di-

1186 2208 1254 2236 ctae
1271 2203 1532 2250 Congregationis
1550 2202 1750 2247 deputandos
1761 2207 1794 2235 et
1809 2202 1848 2235 ab
1866 2201 1924 2236 Or-

1186 2256 1310 2290 dinario
1324 2256 1385 2290 loci
1403 2256 1632 2290 examinandos
1643 2262 1674 2289 et
1686 2255 1923 2300 approbandos,

1168 2346 1169 2350 ,
1186 2320 1345 2351 exercere,
1369 2310 1543 2354 omniaque
1567 2309 1629 2343 alia
1648 2319 1748 2343 onera
1767 2313 1798 2343 et
1818 2307 1924 2342 officia

1186 2363 1381 2406 parochialia
1407 2363 1480 2397 inde
1501 2362 1720 2396 incumbentia
1743 2361 1864 2402 subire,
1892 2366 1924 2395 et

1185 2415 1262 2449 alias
1281 2416 1384 2449 eidem
1403 2415 1556 2449 ecclesiae
1576 2415 1676 2449 sancti
1694 2414 1841 2448 Dalmatii
1858 2414 1922 2447 lau-

1186 2468 1335 2502 dabiliter
1359 2469 1390 2501 in
1411 2469 1526 2502 divinis
1546 2468 1707 2502 deservire
1731 2467 1868 2501 debeant
1892 2471 1923 2500 et

1187 2522 1367 2566 tencantur)
1388 2522 1508 2567 pariter
1527 2527 1684 2567 perpetuo
1703 2521 1771 2554 sine
1787 2520 1922 2554 alicuius

1185 2575 1382 2619 praeiudicio
1404 2575 1508 2618 erigas
1533 2575 1627 2609 etiam
1654 2580 1684 2609 et
1703 2574 1861 2615 instituas;
1889 2573 1923 2607 il-

1185 2629 1270 2673 lique
1284 2628 1329 2662 sic
1343 2633 1449 2663 erecto
1469 2634 1500 2662 et
1519 2627 1675 2669 instituto,
1699 2637 1760 2672 pro
1777 2625 1919 2670 congrua

1168 2697 1169 2718 1
1185 2688 1215 2716 et
1235 2682 1427 2727 competenti
1446 2681 1513 2716 eius
1530 2681 1615 2722 dote,
1636 2691 1671 2715 ac
1688 2680 1863 2725 praepositi
1891 2685 1920 2713 et

1939 283 1988 311 An.
2004 282 2033 310 c.
2055 279 2124 311 1610
2167 315 2171 320 ,
