2227 3241
206 273 212 278 “
244 270 292 296 An.
311 270 426 297 01609

295 694 383 713 Sanctio
398 693 424 714 tle

239 724 280 745 qua
295 721 315 741 iu
330 719 422 741 rubrica.

472 261 535 294 57⁹2

443 319 519 351 mini
539 311 706 351 laboiaudi
728 319 822 351 eausa
835 318 874 351 ad
892 318 1054 351 indiarum
1072 324 1179 362 partes

442 377 471 404 et
489 377 589 403 certas
609 370 707 403 illius¹
727 370 908 414 provincias
925 381 941 403 a
955 370 1019 403 suis
1033 371 1178 414 superio-

441 424 528 456 ribus
548 424 747 466 delegantur,
771 423 944 457 destinatas
969 424 1027 456 sibi
1050 424 1179 467 provin-

440 477 504 509 cias
532 482 562 509 et
589 477 659 510 loca
677 487 739 510 non
759 483 888 521 potere,
912 488 1020 510 verum
1036 505 1044 517 ,
1074 478 1119 510 vel
1147 478 1177 511 in

441 529 509 572 ipso
532 529 644 562 itinere
663 530 839 568 immorari,
853 531 899 562 vel
919 530 980 563 alio
995 531 1178 571 deflectere,

439 593 504 616 non
525 583 593 616 sine
614 584 779 626 religionis
799 584 942 618 eiusdem
962 585 1131 629 dispondio
1148 590 1179 618 et

438 635 548 669 salutis
566 636 746 670 animarum
769 637 974 671 detrimento.

485 691 500 730 ἓ,
520 689 548 722 1.
573 690 676 729 Quare
704 701 772 731 nos,
799 702 858 735 pro
880 693 987 724 nostra
1009 691 1195 735 pastoralis*

439 742 535 776 officii
557 743 771 777 sollicitudine
789 744 933 777 omnium
955 745 1048 777 saluti
1069 745 1174 778 inten-

440 796 574 836 dentes,
606 797 779 840 apostoliea
817 797 1030 837 auctoritate,
1066 804 1177 831 tenore

437 850 666 893 praesentium,
690 850 841 884 omuibus
861 857 889 883 et
911 851 1044 893 singulis
1069 851 1175 884 cuius-

438 913 576 946 cumque
601 903 748 945 Ordinis,
771 910 800 937 et
824 904 1110 947 Congregationis‚
1139 915 1174 938 ac

436 956 605 990 Societatis
633 957 836 999 regularibus
864 958 1031 1001 personis,
1055 958 1109 1001 qui
1135 959 1173 991 ad

435 1015 541 1053 partes
551 1011 714 1044 Iudiarum
726 1011 764 1043 ad
775 1010 870 1044 tidem
884 1011 1072 1044 catholicam
1088 1022 1176 1056 prae-

436 1063 606 1098 dicandam
635 1064 698 1098 sive
727 1064 788 1098 alia
813 1065 1025 1098 ecclesiastica
1059 1065 1171 1099 minis-

436 1113 515 1150 feria
544 1118 721 1151 exercenda
757 1123 783 1151 et
816 1117 846 1151 in
877 1128 1012 1152 messem
1047 1119 1173 1152 Domini

434 1171 574 1214 operarii
595 1171 773 1211 mittentur,
797 1171 855 1205 sub
870 1173 1173 1206 excommunicatio-

433 1223 482 1257 nis
502 1227 607 1268 poena
628 1225 696 1270 ipso
721 1225 804 1258 sacto
834 1225 1025 1259 incurrenda
1051 1227 1173 1271 praeei-

433 1277 540 1322 pimus
569 1284 600 1311 et
624 1279 826 1319 mandamus,
850 1285 895 1320 ut,
923 1289 1083 1313 memores
1109 1281 1171 1313 voti

433 1330 637 1364 obedientiae
657 1342 716 1375 per
741 1342 794 1365 eos
815 1332 933 1373 emissi,
958 1333 996 1365 ad
1019 1343 1071 1366 cas
1098 1344 1172 1377 pro-

396 1402 402 1407 ·
433 1383 551 1417 vincias
573 1390 603 1417 et
622 1385 692 1418 loca
721 1388 808 1418 recta
832 1396 864 1418 se
891 1386 1100 1427 banssonem,
1133 1387 1170 1420 ad

240 1808 354 1835 tmngaiio
366 1815 415 1831 cor.-

229 1835 348 1858 tran-iorum.

433 1447 514 1481 quae
528 1437 567 1471 ab
582 1448 692 1472 eorum
707 1439 928 1484 superioribus
944 1440 1030 1473 missi
1044 1441 1172 1483 suerint,

432 1501 491 1524 nec
512 1492 624 1536 quovis
650 1498 814 1536 praetextu
836 1493 956 1537 absque
981 1495 1169 1528 eorumdem

431 1545 634 1588 superiorum
656 1545 785 1579 licentia
806 1546 963 1589 (legitimo
985 1553 1090 1581 tamen
1113 1548 1171 1580 im—

430 1598 616 1641 pedimento
637 1600 793 1642 cessante)
812 1599 841 1632 in
864 1600 976 1634 itinere
998 1600 1170 1634 immoren-

432 1657 502 1691 tur,
533 1652 579 1685 vel
606 1652 646 1685 ad
670 1653 740 1686 loca
765 1653 810 1686 eis
841 1663 904 1687 non
931 1654 1085 1688 destinata
1113 1655 1169 1687 de-

431 1704 559 1738 cliuent.

474 1758 489 1801 g
509 1758 538 1791 ⁶2.
560 1759 629 1792 Non
656 1759 860 1793 obstantibus
885 1761 1168 1796 constitut-ionilms

430 1816 460 1844 et
479 1812 737 1848 ordinationibus
754 1814 948 1858 apostolicis,
970 1824 1094 1849 necnon
1112 1816 1167 1850 Or-

429 1864 553 1906 dinum,
568 1876 705 1909 quorum
721 1866 765 1899 illi
780 1867 912 1910 professi
928 1868 1055 1908 suerint,
1073 1869 1165 1903 etiam

428 1918 622 1959 iuramento,
645 1919 890 1953 confirmatione
909 1922 1095 1964 apostolica,
1120 1923 1167 1955 vel

427 1973 539 2017 quavis
556 1973 706 2007 firmitate
727 1974 787 2008 alia
808 1974 978 2015 roboratis,
995 1976 1120 2009 statutis
1138 1982 1167 2009 et

429 2027 725 2066 consuetudinibus,
747 2028 922 2071 privilegiis
946 2039 1096 2073 quoque,
1118 2030 1166 2063 in-

429 2080 525 2114 dultis
540 2086 570 2114 et
583 2081 694 2114 littoris
708 2081 902 2125 apostolicis,
915 2081 975 2115 illis
989 2093 1167 2127 eorumque

428 2134 649 2179 superioribus
663 2140 693 2168 et
710 2135 865 2179 personis,
882 2136 939 2169 sub
958 2136 1167 2180 quibuscum-

428 2198 491 2231 que
519 2188 685 2221 tenoribus
707 2194 737 2221 et
757 2187 878 2228 formis,
908 2188 940 2221 in
969 2190 1164 2223 contrarium

427 2241 677 2284 praemissorum
711 2241 955 2285 quomodolibet
985 2243 1162 2283 concessis,

428 2293 626 2327 confirmatis
647 2299 676 2327 et
693 2294 888 2338 approbatis.
913 2295 1034 2334 Quibus
1054 2296 1166 2329 omni—

427 2346 486 2380 hus
504 2354 535 2381 et
554 2347 706 2390 singulis,
728 2358 837 2381 eorum
866 2353 992 2382 tenores
1012 2359 1165 2393 praesen-

428 2400 511 2433 tibus
531 2411 591 2444 pro
605 2401 762 2445 expressis
782 2407 809 2435 et
829 2401 867 2435 ad
888 2402 1021 2435 verbum
1041 2402 1165 2436 insertis

427 2453 593 2495 habentes,
610 2454 671 2488 illis
685 2454 761 2488 alias
773 2454 802 2487 in
818 2465 875 2488 suo
889 2455 1007 2488 robore
1020 2466 1167 2499 perman-

427 2507 526 2548 suris,
554 2508 613 2542 hac
638 2508 705 2542 viee
736 2509 897 2542 dumtaxat
930 2509 1110 2553 specialiter
1135 2516 1165 2542 et

428 2570 574 2605 expresse
594 2562 796 2605 derogamus,
820 2562 1016 2607 caeterisque
1038 2568 1164 2596 eontra-

426 2614 482 2647 riis
501 2614 768 2660 quibuscumque.

464 2679 474 2704 l
498 2677 559 2713 Legi
580 2678 691 2707 deberet
706 2679 826 2708 illarum
842 2680 879 2714 (u.
892 2680 940 2714 T.).

1018 253 1199 295 ammaim!
1221 271 1375 295 nonnum

1194 378 1196 418 l'
1214 371 1434 415 transumptis,
1458 371 1551 409 etiam
1573 371 1746 415 impressis,
1767 383 1862 406 mauu
1884 373 1943 406 ali-

1257 321 1273 360 §
1294 318 1324 351 3.
1347 319 1498 351 Volumus
1523 324 1641 359 autem,
1669 325 1702 352 ut
1727 320 1944 364 praesentium

1997 332 2145 359 'transumpto-

1962 364 2007 379 rum
2021 358 2080 379 tides.

1213 424 1303 457 cuius
1323 424 1439 457 notarii
1453 424 1572 468 publici
1587 425 1784 468 subscriptis,
1801 431 1827 458 et
1843 425 1947 469 sigillo

1211 487 1368 520 personae
1388 478 1417 510 iu
1437 478 1591 519 dignitate
1608 478 1820 512 ecclesiastica
1834 479 1949 513 consti-

1213 535 1299 563 tutae
1327 530 1458 564 munitis
1474 558 1480 568 ‚
1512 531 1622 564 eadem
1655 541 1786 575 prorsus
1818 531 1897 565 fides
1917 532 1948 564 in

1194 583 1331 617 *iudicio
1358 590 1389 617 et
1416 590 1501 617 extra
1522 584 1724 625 adhibeatur,
1749 595 1831 629 quae
1850 595 1946 629 prae-

1194 637 1354 671 sentibus
1375 638 1593 679 adhiberetur,
1622 639 1647 672 si
1669 639 1774 672 forent
1791 639 1968 672 exhibitae-

1212 690 1257 723 vel
1284 696 1440 724 ostensae.
1465 692 1689 725 Praesentibus
1714 692 1752 725 ad
1777 697 1945 734 nostrum,

1211 749 1238 775 et
1260 743 1349 777 Sedis
1370 744 1572 788 Apostolicae
1593 745 1828 789 beneplacitum
1851 746 1948 780 dura-

1211 796 1299 830 turis.
1836 801 1840 805 ’

1253 850 1365 883 Datum
1392 851 1511 884 Romae
1537 852 1621 895 apud
1647 858 1792 886 sanctum
1817 853 1946 886 Petrum

1209 903 1268 936 sub
1289 905 1409 937 annulo
1426 905 1595 939 piscatoris
1616 905 1666 939 die
1686 916 1741 939 vui
1756 905 1822 939 iulii
1836 916 1944 948 ninclx,

1208 957 1413 999 pontificatus
1430 958 1529 991 nostri
1548 969 1632 992 anno
1652 970 1678 992 v.

1245 1018 1301 1045 Dat.
1321 1019 1363 1046 die
1384 1020 1398 1047 8
1419 1020 1475 1047 iulii
1499 1021 1575 1056 lsstt‘),
1598 1021 1690 1057 pontis,
1713 1029 1756 1048 an,
1778 1029 1803 1048 x

1503 1208 1648 1242 CXXXV.

1206 1333 1353 1366 Menelao·
1377 1334 1475 1367 abbas
1504 1335 1689 1376 Fuldensz's,
1711 1340 1747 1368 ul
1767 1336 1944 1370 nonnulla-

1250 1397 1321 1419 rum
1339 1388 1490 1431 praeposi
1494 1392 1642 1421 lw'armn
1655 1390 1885 1432 possessionem
1896 1390 1944 1424 de-

1250 1451 1329 1473 cano
1349 1441 1497 1474 ecclesiae
1518 1442 1691 1475 Fultlensis
1715 1444 1863 1477 restituat
1876 1443 1895 1477 ¹.

1204 1556 1318 1585 Dilecto
1334 1557 1394 1585 filio
1409 1558 1512 1586 loanni
1529 1559 1675 1587 Priderieo
1691 1560 1791 1588 abbati
1803 1560 1941 1588 fuldensi

1446 1631 1556 1658 Paulus
1577 1632 1656 1666 Papa
1671 1633 1702 1659 V.

1269 1717 1384 1746 Dilecto
1405 1718 1456 1751 fili,
1481 1720 1609 1747 salutem
1630 1723 1661 1747 ot
1681 1720 1876 1761 apostolicam

1449 1772 1697 1802 benedictionem.

1981 1876 2078 1899 necanus
2088 1882 2138 1899 non·

1954 1903 2016 1933 nullis
2030 1904 2139 1934 praeposi·

1954 1932 2005 1950 turis
2026 1935 2049 1951 se
2069 1935 2138 1957 pruva-

1955 1959 1998 1978 tum
2014 1957 2077 1979 fuisse
2088 1962 2137 1979 con·

1955 1985 2058 2011 queritur.
2086 2003 2091 2009 ,

1247 1869 1262 1910 ξ
1288 1868 1318 1900 t.
1339 1869 1490 1912 Exposuit
1513 1870 1704 1913 apostolatui
1725 1877 1835 1905 nostro
1858 1871 1938 1906 dile-

1203 1921 1302 1954 lectus
1322 1921 1406 1955 filius
1426 1923 1636 1967 Reynhardus
1653 1924 1830 1959 Ludovicus
1851 1925 1940 1959 deca-

1201 1986 1260 2009 nus
1281 1975 1371 2009 istius
1384 1977 1536 2011 eeclesiae
1556 1978 1733 2020 Fuldensss,
1750 1979 1847 2023 quod,
1865 1990 1937 2013 eum

1201 2031 1268 2073 ipse
1281 2031 1520 2074 praeposituras
1533 2031 1632 2064 Tubla
1646 2032 1838 2066 Blankenaw
1852 2043 1940 2066 mon-

1201 2083 1239 2116 tis
1260 2084 1359 2117 sancti
1385 2084 1469 2117 Petri
1495 2090 1525 2117 et
1550 2085 1667 2118 montis
1690 2085 1790 2119 sancti
1811 2086 1938 2119 Ioannis

1201 2137 1231 2170 in
1263 2138 1374 2171 eadem
1408 2137 1539 2171 eeclesia
1570 2138 1703 2182 pacifice
1737 2139 1934 2183 possideret,

1200 2201 1309 2224 earum
1323 2191 1535 2236 possessione,
1552 2192 1703 2225 mandato
1716 2196 1781 2233 tuo,
1798 2192 1938 2236 privatus

1199 2243 1267 2284 suit,
1288 2250 1323 2284 xct
1342 2244 1459 2285 forsan„
1482 2250 1511 2278 te
1531 2244 1703 2286 nesciente,
1721 2245 1799 2278 iuris
1824 2245 1938 2279 ordine

1199 2307 1264 2330 non
1284 2303 1419 2330 servato.

1244 2351 1260 2392 ξ
1282 2349 1311 2382 ⁶2.
1336 2351 1411 2384 Cum
1433 2355 1538 2384 autem
1553 2361 1570 2384 a
1585 2350 1708 2385 dilectis
1726 2351 1800 2384 filiis
1819 2351 1936 2385 nostris

1198 2404 1369 2437 Laurentio
1385 2404 1465 2437 tituli
1480 2404 1578 2437 sancti
1592 2404 1751 2437 Laurentii
1766 2404 1797 2437 in
1809 2405 1893 2438 Pane
1906 2410 1938 2438 et
1951 2409 2038 2430 sormam
2074 2414 2136 2434 ΡΜ·

1963 270 2012 298 An.
2029 270 2057 298 c.
2077 269 2143 299 1609
2188 260 2190 266 '

2194 281 2205 316 ᾹΙ

2191 1831 2205 1873 κζ

2183 2263 2192 2270 1
2180 2029 2200 2239 ··—¹...„‘‹;9-=,-„4
2188 1991 2205 2019 ,Ε
2191 1890 2207 1974 ζῚ,
2198 1836 2199 1841 Α
2187 1759 2194 1770 4

2186 2305 2205 2341 ,b

2004 2355 2049 2377 noc
2065 2357 2136 2377 autem
2179 2359 2193 2380 t

1951 2384 2024 2403 eontra
2033 2387 2137 2403 canonum
2182 2390 2187 2395 ⁵

1950 2437 2007 2457 ctum
2012 2441 2058 2457 esse
2064 2434 2136 2462 ὥςηο-
2178 2446 2186 2464 κ,

1199 2457 1300 2489 Perna
1320 2457 1508 2490 Blanchctto
1529 2463 1557 2490 et
1578 2457 1696 2490 Ioanne
1720 2456 1831 2491 Garzia
1853 2457 1934 2491 tituli
1951 2463 2024 2484 sonut-

1199 2516 1381 2543 sauctorum
1401 2511 1542 2550 Quatuor
1563 2510 1795 2544 Coronatorum
1808 2516 1936 2544 sanotae

1198 2564 1360 2598 Romanae
1385 2564 1543 2598 Ecclesiae
1568 2564 1761 2609 presbyteris
1791 2563 1937 2598 cardina-

1234 2681 1243 2706 t
1267 2679 1303 2707 Ex
1325 2679 1432 2716 Regest.
1453 2679 1480 2707 in
1501 2680 1604 2708 Secret.
1627 2679 1704 2707 ΒΓΗ.
