2227 3241
14 261 106 291 Aac.
130 261 196 289 1605
761 260 877 286 mutus
903 262 920 283 v
946 261 990 284 ιιι».
1630 249 1691 283 261
1742 258 1792 285 An.
1809 259 1838 285 c.
1861 258 1930 285 1605

211 319 435 354 quaecumque
453 315 542 343 extra
552 309 675 343 Statum
695 309 951 343 Ecclesiasticum
971 311 1091 352 'perse
1110 309 1156 341 vel
1176 308 1273 341 alium
1294 319 1350 342 seu
1369 308 1459 348 alios,
1477 308 1597 342 directe
1615 307 1662 341 vel
1684 308 1732 340 in-

212 362 379 396 extrahere
397 368 427 396 et
444 369 608 407 asportare
623 363 779 396 auderent
793 373 847 396 seu
861 373 955 406 prae-
990 361 1122 402 diret-te,
1152 362 1307 405 impedire
1333 362 1490 396 auderent
1507 361 1600 405 (quin
1624 361 1731 406 potius

211 421 391 456 sumerent3
408 426 463 449 eos
479 426 565 457 vero,
589 416 643 460 qui
661 422 773 449 contra
792 415 955 448 inhibitio·
991 414 1052 447 illis
1084 415 1128 447 sic
1162 415 1390 449 afferrentibus
1411 426 1542 449 omnem
1575 426 1668 460 opem
1702 421 1731 448 et

211 469 330 502 tionem
363 469 547 503 huiusmodi
580 469 832 510 commisissent,
872 469 955 502 ultra
990 468 1129 501 favorem
1143 474 1367 511 praestarenth
1384 479 1419 501 ac
1437 468 1569 512 insuper
1582 468 1661 501 nulli
1676 468 1733 501 ali-

211 522 391 566 praedictas
406 550 413 564 ‚
441 523 535 556 etiam
562 522 741 556 amissionis
772 523 951 556 frumento·
990 532 1086 564 quam
1104 521 1210 562 tritici,
1229 521 1317 554 ordei
1332 528 1363 554 et
1380 522 1591 564 leguminum,
1613 521 1733 555 omnis-

212 586 283 609 rum
303 604 310 617 ,
349 577 518 610 bladorum
537 604 543 617 ,
583 576 782 619 leguminum
818 582 848 608 et
881 576 951 609 ani·
990 585 1051 618 que
1065 574 1191 617 generis
1202 575 1436 608 frumentorum
1452 576 1618 618 etfrugum
1634 585 1734 619 quan-

213 630 346 664 malium
373 630 636 677 praedictorum,
659 641 785 664 necnon
811 630 955 675 quinque
991 628 1132 669 litatem,
1157 628 1216 661 nisi
1243 639 1303 672 pro
1328 639 1385 661 suo
1411 639 1608 673 suarumque
1634 629 1730 662 fami-

212 689 377 718 scutorum
406 695 466 729 pro
495 685 637 729 qualibet
657 677 758 718 salma
779 683 951 721 frumenti,
971 694 972 699 ¹
990 681 1104 714 liarum
1130 681 1226 715 unius
1251 682 1325 715 anni
1352 682 1515 716 dumtaxat
1534 694 1604 723 usu,
1626 693 1733 717 emere

212 737 396 779 bladorum,
412 738 612 781 leguminum
626 738 824 778 huiusmodi,
841 731 973 776 etduo-}
990 736 1142 776 valerent,
1167 741 1196 768 et
1217 736 1482 769 contrafacientes
1502 747 1623 780 poenas
1639 746 1734 780 prae-

212 802 284 825 rum
306 797 470 825 scutorum
496 802 556 836 pro
582 791 727 836 quolibet
752 791 855 835 capite
881 791 953 824 ani·
991 789 1091 822 dictas
1112 789 1284 822 incurrisse
1310 789 1555 823 declararentur
1575 795 1605 823 et
1622 800 1732 833 aggra-

214 845 306 878 malis
326 856 457 890 poenis
474 845 552 879 fiseo
574 851 604 879 ct
622 845 775 879 Gamerae
795 844 974 891 Apostoli-
991 849 1143 876 varentur
1156 843 1225 887 ipso
1236 843 1331 884 facto,
1346 843 1456 876 statuit
1470 849 1565 888 atque
1581 844 1732 885 deelevit;

214 908 269 932 cae
286 899 504 943 applicandas,
526 899 595 943 ipso
610 899 718 933 sacto
712 909 876 932 incurrere
897 909 953 932 vo-

213 952 274 985 luit
293 963 330 986 ac
350 953 502 994 decieti13
526 959 557 987 et
574 953 692 986 deinde
716 963 774 997 per
792 952 870 986 alias
890 939 976 1022 eius}

213 1005 246 1039 in
271 1006 374 1040 torma
398 1007 505 1040 Brevis
536 1007 658 1040 litteras
683 1007 741 1040 sub
768 1007 877 1040 datum
907 1006 958 1040 dic

174 1075 188 1083 =v
214 1069 224 1093 1
245 1059 319 1093 maii
340 1070 516 1101 MDLxxvut,
538 1060 652 1094 eodem
678 1060 726 1093 sui
751 1059 959 1104 pontificatus

214 1123 299 1147 anno
311 1112 371 1155 v1¹‚
385 1114 471 1158 quod
484 1113 575 1154 nulli,
595 1114 654 1147 sibi
673 1120 704 1147 et
723 1114 753 1148 S.
775 1115 810 1148 R.
834 1114 867 1147 E.
894 1094 977 1185 nie-l

215 1167 300 1201 diate
319 1168 365 1201 vel
389 1167 574 1201 immediate
603 1168 749 1209 subiecti,
777 1168 958 1202 cuiuscum-

215 1230 277 1265 que
297 1226 408 1262 status,
432 1221 560 1264 giadus,
586 1221 707 1255 ordinis
721 1226 752 1255 et
766 1221 977 1255 conditionis

216 1274 399 1316 existerent,
429 1275 525 1308 etiam
551 1275 575 1308 si
602 1276 756 1317 barones,
781 1275 888 1309 (Ιοιηίι
893 1275 954 1316 elli,
976 1247 978 1306 l

216 1327 362 1368 comites,
383 1328 587 1362 marchiones
608 1329 655 1362 vel
675 1329 771 1362 duces
793 1303 978 1363 etdomini

218 1382 412 1425 tempolales
437 1382 620 1423 existelent,
648 1382 708 1416 sul)
733 1383 952 1416 excommuni-

217 1435 352 1468 cationis
374 1435 505 1469 maioris
526 1447 562 1469 ac
582 1436 687 1469 laesae
706 1436 880 1470 maiestatis
901 1436 960 1470 cri-

217 1489 332 1529 minis,
356 1489 565 1526 dominorum
592 1495 622 1523 et
642 1490 803 1524 bonorum
828 1466 978 1524 suoruml

219 1543 480 1584 confiscationis,
509 1544 680 1577 feudorum
703 1544 906 1585 amissionis,
933 1550 963 1578 et

219 1597 406 1641 quorumvis
425 1597 668 1642 privilegiorum
684 1598 914 1642 suspensionis,
933 1604 962 1631 et

220 1650 290 1684 aliis
310 1651 404 1685 etiam
434 1651 628 1696 pecuniariis
654 1651 788 1685 arbitrio
814 1662 871 1685 suo
898 1651 957 1685 im-

220 1704 389 1748 ponendis,
407 1715 443 1738 ac
465 1705 559 1738 etiam
587 1705 617 1738 in
644 1705 781 1749 publicis
800 1705 912 1739 edictis
933 1711 981 1754 et

220 1758 530 1802 proclamationibus
543 1769 602 1803 per
619 1769 766 1792 annonae
787 1759 964 1803 praefectos

220 1822 280 1855 pro
295 1817 441 1856 tempore
457 1818 518 1846 tam
535 1815 666 1846 eatenus
680 1813 774 1846 editis
787 1818 817 1846 et
831 1812 964 1856 emissis,

222 1876 318 1910 quam
342 1866 372 1899 in
395 1866 537 1900 futurum
558 1867 690 1900 edendis
719 1873 747 1899 et
781 1859 982 1900 emittendis¹

223 1920 381 1953 contentis
395 1920 538 1953 censuris
552 1926 582 1953 et
595 1920 717 1965 poenis,
741 1921 894 1961 triticum,
916 1919 984 1955 or—l

223 1972 332 2014 deum,
360 1972 535 2016 legumina,
560 1984 596 2006 ac
621 1974 726 2007 omnis
751 1973 878 2016 generis
902 1974 985 2007 fra-s

224 2032 330 2060 menta
342 2032 371 2060 et
384 2027 489 2070 fruges
503 2038 520 2061 a
533 2028 626 2061 terris
637 2034 667 2061 et
680 2028 758 2061 locis
772 2028 847 2062 dicti
862 2028 967 2062 Status

223 2079 446 2122 Ecclesiastici,
460 2081 498 2114 ab
513 2091 591 2125 sque
604 2084 751 2125 expressa
773 2081 871 2126 ipsius
891 2081 968 2115 Gre-

225 2134 306 2177 gorii
327 2134 585 2178 praedecessoris
606 2141 636 2168 et
656 2135 695 2168 ab
720 2146 757 2169 eo
784 2135 914 2169 obtenta
937 2135 967 2168 in
985 2153 987 2191 ἦ

225 2187 351 2231 seriptis
363 2186 472 2221 eteius
493 2197 589 2220 manu
611 2188 734 2230 signata
752 2188 892 2229 licentia,
917 2199 968 2222 cx-

227 2240 355 2274 trahere
379 2241 426 2274 vel
457 2241 579 2274 extrahi
613 2242 735 2283 facere,
764 2241 907 2286 nullique
933 2252 969 2274 cx

227 2294 399 2338 praedictis
413 2304 525 2327 eorum
540 2294 685 2328 subditos
699 2300 728 2328 et
741 2295 890 2328 vassallos
918 2300 971 2328 aut
986 2306 988 2319 i

229 2347 306 2381 alias
330 2358 550 2392 quascumque
576 2359 746 2392 personas,
771 2360 834 2393 quo
865 2349 970 2382 minus

231 2401 389 2443 triticum,
414 2402 565 2443 ordeum,
589 2402 769 2445 legumina,
793 2402 969 2444 frumenta,

229 2454 335 2497 fruges
352 2455 517 2499 praedicta
538 2466 555 2489 a
575 2455 739 2499 quibusvis
760 2455 837 2489 locis
855 2455 899 2489 eis
920 2466 971 2489 su·
988 2466 989 2505 j

230 2507 354 2549 hiemis,
375 2509 487 2553 quovis
507 2514 652 2553 praextu,
673 2509 767 2542 etiam
788 2508 968 2549 moliturae,
989 2515 990 2535 ἓ

232 2566 286 2595 aut
305 2561 442 2596 cuiusvis
462 2563 592 2606 alterius
607 2563 714 2596 oneris
731 2563 911 2604 solutionis,
933 2563 971 2596 ad

233 2614 350 2648 almam
375 2615 494 2649 Urbem
521 2616 683 2657 afferrent,
708 2616 893 2661 prohibere,
919 2611 992 2649 auti

272 2678 278 2703 t
303 2677 389 2705 Breve
410 2677 561 2706 huiusmodi
583 2679 607 2705 in
632 2679 706 2707 Bull.
725 2687 776 2707 non
794 2683 867 2707 extat
881 2680 918 2714 (a,
937 2679 972 2713 11.

973 905 1056 930 non
1077 897 1280 931 obstantibus
1301 897 1395 931 etiam
1418 897 1605 941 privilegiis,
1628 897 1735 931 indul-

994 950 1042 991 tis,
1060 950 1173 984 litteris
1184 956 1213 984 et
1227 962 1264 993 gr
1267 951 1337 984 ttiis
1356 950 1550 995 apostolicis,
1572 950 1736 994 quibusvis

992 1003 1154 1048 personis,
1179 1004 1382 1045 civitatibus,
1413 1004 1505 1038 tertis
1531 1010 1561 1037 et
1585 1003 1680 1044 locis,
1705 1003 1737 1037 in

975 1089 976 1092 ,
993 1069 1110 1101 genere
1131 1059 1179 1092 vel
1193 1058 1225 1091 in
1243 1058 1360 1103 specie,
1377 1058 1472 1092 etiam
1492 1069 1528 1092 ex
1549 1061 1644 1092 causa
1662 1069 1737 1092 one-

993 1111 1065 1146 rosa
1084 1112 1254 1153 concessisj.

1039 1169 1054 1210 ξ
1076 1167 1106 1199 4.
1127 1168 1262 1201 Demum
1282 1168 1472 1201 recolendae
1488 1168 1663 1201 memoriae
1675 1168 1738 1203 Cle-

996 1231 1086 1254 mens
1099 1221 1184 1265 Papa
1199 1221 1263 1254 vltt
1280 1222 1461 1265 praedictas
1480 1221 1734 1262 constitutiones,

976 1275 1124 1319 dempta
1139 1285 1174 1308 cx
1190 1275 1252 1308 illis
1267 1276 1608 1309 excommunicationis
1620 1279 1735 1334 poena,

976 1329 1184 1383 approbavit
1206 1335 1237 1362 et
1254 1328 1488 1362 confirmavit¹1
1518 1335 1614 1373 prout
1631 1329 1663 1362 in
1678 1329 1739 1363 eis-

976 1367 1067 1417 dem
1094 1382 1378 1416 constitutionibus
1410 1389 1439 1415 et
1475 1382 1589 1416 litteris
1627 1393 1737 1427 lespe-

977 1429 1075 1479 ctive
1087 1437 1237 1480 (quarum
1253 1436 1398 1469 omnium
1411 1442 1440 1469 et
1450 1436 1507 1469 sin
1502 1436 1594 1479 gulai
1597 1447 1649 1470 um
1662 1442 1742 1470 totos

997 1495 1133 1527 tenores,
1156 1501 1228 1523 cum
1250 1489 1400 1522 omnibus
1418 1495 1448 1522 et
1468 1489 1603 1531 singulis
1621 1489 1740 1523 ibidem

997 1544 1154 1576 contentis
1176 1549 1205 1576 et
1227 1542 1400 1586 dispositis,
1424 1553 1484 1587 pro
1510 1543 1667 1587 expressis
1687 1542 1742 1576 ha-

997 1596 1065 1629 beri
1088 1597 1234 1630 v'soluinu
1222 1596 1248 1640 5)
1269 1596 1395 1640 plenius
1417 1596 1611 1629 continetur

1043 1652 1104 1692 §a
1109 1650 1220 1683 .Cum
1247 1656 1367 1690 autem,
1396 1649 1469 1683 licet
1488 1661 1546 1694 per
1560 1649 1741 1693 praedictas

999 1711 1029 1737 et
1054 1678 1131 1737 alias
1157 1703 1294 1748 desuper
1320 1704 1419 1737 editas
1441 1703 1688 1737 constitutiones
1713 1708 1743 1736 et

980 1739 1235 1806 Lptohihitiones
1261 1757 1336 1790 satis
1362 1757 1546 1801 praemissis
1580 1756 1742 1800 provisum

1000 1822 1067 1845 esse
1085 1811 1241 1851 videatur,
1262 1810 1475 1844 nihilominus
1493 1809 1581 1854 quia⁴²
1594 1810 1677 1843 sicut
1693 1819 1744 1843 ac—

1001 1865 1157 1909 cepimus,
1190 1864 1288 1909 aliqui
1315 1864 1465 1908 propriae
1490 1864 1600 1897 salutis
1625 1864 1741 1896 imme-

1002 1925 1182 1960 1nores,tot
1201 1918 1498 1958 constitutionibus,
1515 1917 1746 1962 prohibitioni·

1003 1974 1126 2017 busque
1152 1984 1187 2006 ac
1213 1971 1325 2016 poenis
1351 1972 1382 2004 in
1408 1971 1469 2004 illis
1495 1971 1650 2016 appositis
1681 1981 1746 2004 non

1003 2026 1215 2066 obstantibus,
1240 2026 1411 2066 frumenta,
1440 2025 1546 2066 blada,
1570 2025 1745 2069 legumina.

984 2098 986 2109 τ
1004 2079 1166 2120 animalia,
1184 2080 1290 2113 oleum
1314 2085 1343 2112 et
1364 2079 1425 2112 alia
1445 2078 1475 2112 id
1493 2088 1593 2121 genus
1612 2084 1674 2111 tam
1691 2088 1747 2111 an-

1003 2144 1108 2167 nonae
1127 2144 1222 2178 quam
1245 2133 1387 2176 grasciae
1407 2132 1636 2166 concernentia
1662 2137 1750 2165 extra

1004 2188 1126 2221 Statum
1162 2192 1305 2220 nostrum
1338 2186 1597 2220 Ecclesiasticum
1629 2186 1748 2229 absque

1004 2241 1132 2274 licentia
1153 2240 1319 2274 extrahere
1333 2249 1396 2273 non
1409 2239 1588 2280 verentur⁸,
1606 2239 1658 2272 alii
1674 2249 1749 2272 vero

1006 2300 1173 2339 praetextu
1200 2294 1399 2328 diversorum
1426 2293 1688 2338 privilegiorum,
1712 2292 1749 2325 li-

1006 2348 1183 2382 centiarum
1206 2354 1236 2381 ct
1257 2347 1444 2381 facultatum
1467 2346 1512 2380 eis
1525 2356 1749 2380 concessarum

1005 2402 1177 2441 frumenta,
1202 2401 1329 2445 aliaque
1351 2401 1515 2445 praedicta
1536 2400 1578 2433 ita
1598 2399 1751 2433 continuo

1007 2455 1199 2495 extrahunt,
1229 2461 1261 2488 ut
1294 2465 1350 2498 per
1382 2454 1549 2487 continuas
1575 2458 1604 2486 et
1631 2453 1747 2487 immo--

1045 2546 1054 2571 1
1078 2544 1191 2572 Constit.
1214 2551 1292 2575 ccxv,
1310 2545 1477 2577 Frumenti,
1491 2548 1553 2570 tom.
1573 2552 1598 2577 x,
1617 2543 1751 2578 pag.373.

1044 2590 1059 2616 *2
1080 2589 1133 2616 lsta
1147 2598 1194 2617 vox
1207 2590 1275 2625 quia
1293 2589 1430 2625 superflua
1446 2597 1554 2615 sensum
1569 2588 1752 2622 ini-barma).

1044 2635 1060 2661 3
1081 2634 1192 2670 Dempta
1212 2638 1291 2661 antea
1314 2642 1377 2660 voce
1398 2633 1479 2668 quia,
1502 2633 1545 2659 hic
1565 2632 1634 2660 soret
1659 2632 1751 2668 legen-

1009 2678 1072 2707 ‹luin
1095 2682 1256 2708 vereantur.
1275 2684 1299 2706 ct
1317 2678 1395 2713 paulo
1410 2681 1469 2714 post
1485 2678 1641 2706 extrahant
1655 2678 1754 2713 (natu).

1781 1174 1874 1194 Clemens
1893 1172 1939 1194 Vlll

1753 1201 1839 1221 easdem
1894 1199 1940 1220 bul·

1754 1228 1784 1248 las
1800 1227 1941 1253 approbarit,

1754 1254 1840 1279 dempta
1859 1256 1941 1274 senten-

1755 1281 1784 1301 [ια
1800 1280 1941 1300 excommuni-

1755 1308 1803 1328 cati*
1816 1307 1853 1327 nis.

1785 1659 1828 1679 Sed
1847 1659 1945 1684 plerique

1759 1686 1821 1706 dictis
1845 1686 1946 1706 constitu-

1760 1713 1785 1733 ti(
1785 1713 1852 1733 nibus
1876 1712 1945 1732 varios

1759 1740 1786 1760 ob
1825 1740 1947 1765 praetextus

1760 1772 1784 1787 ce
1773 1767 1929 1787 ontraventunt,
