2227 3241
198 262 246 288 An.
262 262 289 288 c.
316 260 382 288 ¹010
427 249 491 284 618

209 2086 285 2112 ltaque
300 2090 383 2106 excom-

195 2112 384 2134 mundantur-ttae-

197 2140 256 2161 retici
266 2140 384 2160 cuiuscum-

198 2173 239 2194 que
254 2168 334 2188 sectae.
348 2172 383 2186 eo-

198 2193 285 2214 rundem
315 2192 381 2213 saulo-

197 2226 238 2243 res.
261 2220 326 2240 libros
356 2220 384 2240 le·

198 2248 278 2272 gentes,
289 2248 384 2266 tenentes

197 2275 234 2293 aut
267 2273 384 2298 imprimen-

198 2302 237 2321 tes,
249 2301 269 2320 et
284 2299 384 2320 schisma-

392 307 499 348 Fidei,
527 307 594 340 sine
619 317 683 350 qua
707 305 905 350 impossibile
931 311 977 338 est
1008 305 1134 349 placere

394 361 475 400 Deo,
499 358 622 392 unitate
643 363 738 402 atque
760 357 942 401 integritate
968 358 1135 392 retinenda

394 418 424 445 et
437 411 655 445 conservanda
675 411 812 444 maxime
827 411 949 452 elucet3
970 410 1136 452 nimirum,

395 472 427 498 ut
456 465 566 498 fideles
594 464 709 498 Christi
738 475 802 498 non
831 464 894 498 sint
921 464 1045 509 parvuli
1075 464 1135 498 ssu-

395 525 564 559 ctuantes‚
603 529 708 562 neque
742 518 1014 552 circumferantur
1048 518 1136 552 omni

396 578 489 606 vento
523 572 689 606 doctrinae
723 572 754 604 in
787 570 932 616 nequitia
966 571 1136 605 hominum

395 626 434 659 ad
460 624 768 659 circumventionem
795 624 925 666 erroris,
948 624 1004 658 sed
1025 635 1137 658 omnes

394 684 568 713 occurrant
589 678 620 711 in
643 678 796 712 unitatem
819 678 894 712 [idei
916 684 946 712 et
966 678 1137 721 agnitionis

392 733 451 766 filii
474 732 540 773 Dei,
567 732 599 764 in
619 731 720 765 virum
747 732 946 775 perfeetum,
976 741 1080 775 neque
1105 742 1138 765 se

394 787 426 819 in
446 786 542 819 huius
568 785 648 818 vitae
674 785 826 818 societate
852 790 883 818 et
908 784 1138 818 communione

392 839 532 880 laedant,
561 844 615 871 aut
640 837 722 871 inter
746 848 779 871 se
805 837 886 871 alter
911 837 1003 870 alteri
1030 837 1134 871 offen-

393 893 516 928 sionem
537 889 721 937 praebeat⁴,
745 892 800 925 sed
824 891 931 935 potius
952 891 984 924 in
1009 891 1137 924 vinculo

394 946 559 981 charitatis
581 945 756 987 coniuncti,
781 951 934 989 tanquam
955 944 1051 978 unius
1068 955 1138 978 eor-

393 1002 482 1047 poris
507 1000 653 1034 membra
673 1000 733 1033 sub
754 999 878 1033 Christo
900 999 1018 1043 eapite,
1048 998 1134 1032 eius-

394 1067 457 1101 que
483 1055 515 1089 in
543 1054 635 1089 terris
663 1053 783 1087 vicario
808 1054 953 1087 Romano
982 1052 1138 1086 Pontifiee

392 1108 570 1143 beatissimi
590 1107 675 1142 Petri
695 1117 893 1148 successore,
917 1117 934 1140 a
955 1117 1019 1150 quo
1041 1105 1138 1140 totins

394 1162 553 1197 Ecclesiae
579 1161 685 1196 unitas
714 1160 876 1202 dimanat,
901 1164 1082 1203 augeantur
1105 1159 1137 1193 in

394 1216 630 1257 aedificatione,
651 1220 747 1259 atque
768 1214 821 1255 ita,
846 1213 950 1247 divina
964 1213 1066 1257 gratia
1083 1214 1138 1247 ad-

394 1270 524 1311 iutrice,
555 1269 601 1303 sic
626 1268 804 1313 praesentis
826 1267 906 1301 vitae
927 1267 1033 1311 quiete
1058 1278 1137 1310 gau-

395 1326 501 1366 deant,
522 1328 557 1357 ut
574 1323 681 1356 futura
698 1333 828 1366 quoque
848 1321 1047 1355 beatitudine
1064 1332 1137 1366 per-

397 1381 552 1412 fruantur.
581 1376 627 1411 Ob
655 1387 734 1421 quas
763 1386 840 1409 sane
870 1386 981 1409 causas
1000 1375 1136 1409 Romani

395 1431 578 1472 Pontifices,
606 1430 868 1475 praedecessores
907 1429 1035 1470 nostri,
1073 1429 1134 1463 lio-

396 1487 508 1520 diem-21
534 1485 606 1526 dic,
635 1495 716 1528 quae
749 1483 965 1517 anniversaria
993 1483 1137 1516 Domini-

396 1552 450 1574 cae
484 1540 608 1574 Coenae
641 1537 953 1572 commemoratione
985 1537 1138 1571 solemnis

396 1599 452 1635 est,
473 1592 673 1638 spiritualem
693 1590 926 1625 ecclesiasticae
952 1590 1138 1634 disciplinae
1155 1619 1156 1633 ,

396 1647 538 1690 gladium
572 1650 602 1678 et
624 1644 776 1678 salutaria
801 1643 940 1677 iustitiae
968 1654 1056 1676 arma
1082 1654 1157 1688 pet*

397 1699 611 1734 ministerium
644 1698 762 1732 summi
795 1697 994 1742 apostolatus
1019 1697 1058 1731 ad
1085 1697 1157 1731 Deii

397 1754 532 1797 gloriam
552 1759 582 1786 et
599 1752 779 1786 animarum
797 1752 933 1785 salutem
951 1751 1140 1785 solemniter

397 1818 544 1842 exercere
559 1811 803 1840 consueverunt.
821 1806 883 1839 Nos
898 1805 1005 1848 igitur,
1024 1804 1140 1849 quibus

396 1862 473 1896 nihil
493 1859 685 1905 optabilius⁹
706 1865 762 1901 est,
787 1870 883 1904 quam
905 1859 979 1893 fidei
1005 1858 1158 1893 inviola-=⁴

398 1923 461 1950 tam
481 1914 710 1958 integritatem,
734 1913 896 1958 publicam
914 1923 1027 1957 pacem
1046 1918 1076 1946 et
1094 1912 1140 1946 iu-
1157 1929 1158 1932 ¹

397 1969 526 2010 stitiam,
550 1969 615 2002 Deo
637 1972 780 2008 auctore,
810 1966 902 2008 tueri,
928 1972 1085 2000 vetustum
1110 1971 1141 2005 et

398 2022 575 2056 solemnem
597 2021 683 2054 hune
704 2030 826 2054 morem
852 2025 1038 2063 sequentes,

444 2078 460 2120 ξ
482 2076 511 2109 l.
535 2074 858 2109 Excommunicamus
879 2079 908 2107 et
929 2072 1142 2107 anathemati-

400 2141 519 2171 zamus,
540 2140 575 2163 ex
593 2134 682 2173 parte
701 2127 757 2162 Dei
778 2127 1020 2171 omnipotentis,
1040 2126 1142 2160 Patris

400 2190 430 2217 et
447 2183 516 2217 Filii
532 2188 562 2216 et
574 2182 708 2226 Spiritus
725 2181 842 2222 Sancti,
859 2181 1049 2214 anctoritate
1063 2191 1142 2224 quo-

401 2248 462 2282 que
476 2238 644 2270 beatorum
660 2235 888 2280 Apostolorum
901 2234 984 2268 Petri
998 2239 1029 2267 et
1042 2234 1141 2276 Pauli,

401 2303 436 2325 ac
461 2293 582 2332 nostrii,
604 2300 827 2334 quoscumque
844 2289 996 2331 Hussitas‚
1014 2288 1143 2322 Wikles-

400 2346 506 2386 sistas,
535 2345 728 2384 Luteianos,
751 2342 976 2386 Zuinglianos‚
1005 2342 1142 2376 Calvini-

399 2405 484 2438 stas,
513 2398 710 2440 Ugonottos‚
736 2395 977 2440 Anabaptistas,
1005 2395 1142 2429 Trinita-

400 2452 476 2493 rios,
501 2457 533 2485 et
558 2462 574 2484 a
600 2450 778 2485 Christiana
798 2449 876 2483 Fide
901 2454 1079 2493 apostatas,
1107 2459 1143 2482 ac

400 2516 511 2540 omnes
532 2511 562 2539 et
585 2505 728 2548 singulos
754 2504 832 2538 alios
854 2504 1042 2546 haereticos,
1064 2514 1143 2548 quo-

402 2570 540 2603 cumque
570 2558 699 2592 nomine
733 2563 945 2598 censeantur,
975 2563 1005 2590 et
1030 2557 1139 2591 cuius-

440 2632 448 2656 1
471 2629 563 2665 Aptius
582 2629 719 2665 legeretur
735 2629 894 2664 praebeant
910 2630 948 2663 (n.
962 2628 1009 2662 T.).

438 2675 450 2703 1
473 2674 543 2704 Edit.
564 2674 643 2703 Main.
665 2674 731 2711 lggit
749 2673 923 2711 optabilibus
937 2672 978 2709 (a.
995 2674 1043 2709 τ.).

979 259 1161 283 BULLARIUM
1181 259 1334 285 ROMANUM

1168 317 1307 351 cumque
1327 313 1432 341 sectae
1452 308 1599 350 existant,
1617 320 1654 343 ac
1667 309 1712 343 eis
1726 311 1906 353 eredentes,

1169 368 1349 402 eorumque
1368 363 1596 403 receptatores,
1625 360 1778 402 fautores,
1801 367 1832 395 et
1856 372 1910 405 ge—

1168 411 1321 445 neraliter
1345 412 1507 456 quoslibet
1540 413 1669 447 illorum
1701 413 1907 456 defensores,

1169 475 1206 499 ac
1226 463 1415 499 eorumdem
1441 466 1541 500 libros
1561 466 1719 501 haeresim
1745 466 1911 501 continen-

1171 524 1215 552 tes
1240 519 1287 552 vel
1309 519 1347 553 de
1369 519 1525 562 religione
1547 518 1737 561 tractantes,
1761 520 1830 554 sine
1854 531 1911 554 au-

1170 571 1316 605 ctoritate
1351 574 1459 606 nostra
1496 578 1526 607 et
1560 573 1650 607 Sedis
1685 573 1910 618 Apostolicae,

1170 625 1308 659 scienter
1333 626 1474 669 legentes
1498 633 1552 661 aut
1577 627 1772 670 retinentes,
1800 628 1913 673 impri-

1171 684 1314 721 mentes,
1349 673 1596 723 quomodolibet
1635 681 1843 715 defendentes
1875 692 1913 715 ex

1171 732 1281 775 quavis
1301 735 1406 774 eausa,
1429 733 1558 777 publice
1577 734 1623 767 ve]
1647 734 1782 774 occulte,
1799 734 1912 778 quovis

1172 784 1300 827 ingenio
1314 786 1361 819 vel
1380 786 1498 827 colore,
1513 797 1572 820 nec
1591 797 1657 820 non
1677 779 1910 828 schismaticos,

1172 843 1201 871 et
1222 848 1276 872 eos
1296 839 1350 883 qui
1375 849 1409 873 se
1429 850 1447 873 a
1471 841 1581 873 nostra
1611 844 1642 873 et
1666 839 1802 874 Romani
1829 839 1911 873 Pon-

1172 890 1265 925 tifieis
1288 902 1348 936 pro
1369 897 1517 937 tempore
1541 892 1702 927 existentis
1728 892 1912 927 obedientia

1170 944 1377 988 pertinaciter
1396 946 1589 980 subtrahunt
1608 946 1655 980 vel
1677 946 1842 980 recedunt.

1215 1000 1232 1041 ἓ
1251 997 1280 1032 02.
1301 999 1379 1033 Item
1399 1000 1716 1034 excommunicamus
1733 1005 1765 1034 et
1784 1000 1913 1035 anathe-

1171 1116 1233 1150 quc
1253 1112 1363 1148 status,
1391 1107 1526 1150 gradus,
1551 1118 1607 1140 seu
1628 1107 1823 1141 conditionis
1847 1107 1913 1141 sue-

1171 1159 1232 1192 rint
1258 1160 1493 1199 (universitatcs
1522 1171 1618 1202 vero,
1647 1160 1783 1204 collegia
1808 1167 1839 1195 et
1863 1172 1915 1195 ca-

1172 1213 1283 1257 pitula,
1299 1224 1505 1258 quocumque
1524 1214 1656 1248 nomine
1676 1219 1915 1259 nuncupentur,

1172 1269 1418 1312 interdicimus),
1435 1270 1474 1303 ab
1489 1269 1747 1304 ordinationibus
1760 1281 1816 1304 seu
1825 1281 1916 1304 man-

1171 1324 1253 1358 datis
1270 1324 1400 1366 nostris,
1424 1335 1460 1358 ac
1480 1325 1700 1358 Romanorum
1721 1323 1914 1358 Pontificum

1172 1388 1230 1421 pro
1258 1383 1402 1422 tempore
1427 1377 1642 1419 existentium,
1670 1378 1710 1411 ad
1735 1377 1916 1412 universale

1172 1429 1315 1463 futurum
1337 1429 1512 1463 Concilium
1545 1429 1762 1474 appellanteS,
1789 1439 1918 1463 necnon

1173 1493 1226 1517 eos
1252 1493 1390 1527 quorum
1412 1483 1531 1517 auxilio
1555 1483 1603 1517 vel
1628 1484 1737 1517 favore
1766 1483 1913 1528 appella-

1174 1541 1238 1570 tum
1267 1536 1372 1570 suerit.

1217 1591 1233 1632 g
1252 1589 1281 1623 3.
1303 1591 1380 1623 Item
1403 1589 1720 1624 excommunicamus
1738 1595 1768 1623 et
1785 1590 1916 1624 anathe-

1173 1643 1362 1677 matizamus
1382 1653 1495 1676 omnes
1520 1643 1650 1687 piratas,
1679 1643 1852 1685 cursarios,
1879 1654 1916 1678 ae

1173 1697 1372 1730 latrunculos
1390 1696 1568 1730 maritimos
1594 1697 1810 1731 discurrentes
1828 1707 1916 1730 mare

1174 1755 1330 1790 nostrum,
1354 1749 1530 1794 praecipue
1554 1760 1572 1783 a
1594 1755 1703 1783 monte
1724 1749 1916 1792 Argentario

1174 1815 1275 1848 usque
1295 1804 1334 1837 ad
1363 1804 1585 1845 Terracinam,
1610 1814 1647 1838 ac
1671 1814 1782 1837 omnes
1802 1814 1915 1838 eorum

1174 1858 1325 1899 fautores,
1354 1863 1569 1902 receptatores
1589 1863 1617 1892 et
1640 1858 1834 1892 defensores.

1219 1913 1233 1957 ᾖ
1250 1912 1280 1946 4.
1305 1912 1384 1946 Item
1404 1912 1720 1946 excommunicamus
1737 1918 1768 1946 et
1785 1912 1918 1947 anathe-

1176 1966 1363 2000 matizamus
1384 1976 1496 2000 omnes
1514 1972 1544 2000 et
1564 1965 1719 2009 singulos,
1740 1965 1794 2010 qui
1816 1965 1917 2010 (Chri-

1157 2020 1352 2067 ¹¹stianorum
1374 2030 1655 2064 quorumcumque
1680 2019 1814 2053 navibus
1838 2024 1917 2053 tem-

1175 2079 1297 2118 pestate
1320 2084 1377 2107 seu
1401 2073 1432 2106 in
1451 2080 1664 2107 transversum
1679 2073 1727 2117 (ut
1740 2072 1803 2107 dici
1816 2072 1917 2116 solet)

1177 2127 1319 2168 iactatis,
1348 2127 1394 2172 vel
1427 2137 1560 2171 quoquo
1592 2126 1689 2160 modo
1714 2126 1916 2170 naufragium

1176 2180 1290 2225 passis)
1311 2180 1376 2214 sive
1401 2180 1433 2213 in
1459 2180 1534 2224 ipsis
1554 2179 1699 2221 navibus,
1720 2179 1785 2214 sive
1806 2190 1842 2213 ex
1859 2179 1918 2213 eis-

1177 2235 1248 2268 dem
1267 2234 1366 2268 eieeta
1385 2234 1415 2267 in
1438 2234 1529 2275 mari,
1550 2234 1597 2268 vel
1621 2233 1653 2267 in
1680 2233 1773 2267 litore
1791 2233 1918 2267 inventa

1177 2288 1410 2332 cuiuscumque
1434 2287 1560 2331 generis
1587 2287 1681 2330 bona,
1706 2293 1768 2321 tam
1795 2286 1825 2320 in
1853 2297 1915 2321 no-

1177 2339 1249 2376 stris
1269 2334 1424 2386 Tyirheni
1441 2347 1471 2375 et
1491 2340 1656 2382 Adriatici,
1676 2351 1772 2385 quam
1798 2340 1830 2374 in
1847 2351 1918 2375 eae-

1178 2395 1252 2429 teris
1273 2395 1428 2439 cuiusque
1447 2394 1543 2428 maris
1563 2393 1749 2437 regionibus
1767 2399 1796 2427 et
1816 2393 1918 2427 litori-

1178 2450 1248 2491 bus,
1272 2449 1507 2493 surripuerint,
1531 2449 1573 2482 ita
1604 2453 1639 2482 ut
1663 2459 1723 2482 nee
1747 2447 1788 2482 ob
1813 2447 1916 2493 quod-

1178 2513 1316 2547 cumque
1332 2502 1548 2547 privilegium,
1568 2501 1845 2543 consuetudinem,
1863 2508 1919 2536 aut

1177 2555 1355 2598 longissimi
1369 2555 1464 2590 etiam
1484 2554 1748 2588 immemorabilis
1765 2555 1918 2599 temporis

1177 2609 1434 2653 possessionem,
1466 2619 1522 2642 seu
1553 2607 1651 2641 alium
1677 2618 1918 2652 quemcumque

1175 2667 1376 2709 praetextum
1402 2660 1545 2697 excusari
1565 2660 1700 2707 possint.

1926 264 1975 291 An.
1988 263 2017 290 C.

1977 1014 2113 1040 appellantes

1172 1051 1360 1086 matizamus
1377 1063 1489 1087 omnes
1507 1059 1537 1087 et
1556 1054 1711 1097 singulos,
1731 1053 1913 1088 cuiuscum-
1927 1041 2114 1115 ipii'r‘i‘ss's'ff-‚iknffl
2152 1059 2154 1062 '

1928 1099 2113 1142 ri'iibr‘ssssfumq'm

1945 1599 2039 1624 Piratae,
2050 1601 2072 1620 et
2081 1605 2116 1621 eu·
2148 1623 2150 1627 v

1932 1633 1977 1647 rum
1997 1628 2117 1652 receptato-

1932 1659 1966 1674 res
1977 1655 1997 1674 et
2013 1653 2115 1675 fautores.
2151 1658 2154 1660 ·

1998 1920 2116 1947 Naufragu-
2154 1938 2158 1943 ,
2202 1933 2203 1937 =

1931 1952 1977 1968 rum
1991 1947 2118 1969 christiano·

1932 1980 1977 1995 rum
1999 1974 2117 1995 cuiuscum-
2201 1988 2204 2003 ὲ

1933 2005 1974 2027 que
1989 2000 2072 2026 generis
2080 2000 2117 2022 bo·
2150 2001 2154 2004 “
2201 2019 2203 2026 ,

1932 2033 1966 2050 na.
1981 2029 2002 2048 et
2016 2027 2037 2048 in
2060 2027 2118 2048 litw-

1931 2053 1991 2074 ribus
2014 2053 2114 2079 inventa,
2152 2049 2155 2058 ¹
2186 2064 2210 2084 η’

1932 2079 2078 2107 surripientes.
