2227 3241
228 288 277 316 An.
294 289 324 317 c.
344 287 411 316 1604
457 278 521 312 r1:24
997 288 1177 313 anemurum
1196 288 1347 314 nomnen

428 336 546 376 Brevis,
571 342 601 369 et
630 335 700 368 aliis
725 334 910 378 apostolicis
932 335 1045 369 litteris
1071 336 1167 370 etiam
1202 337 1404 371 obedientiae
1425 337 1568 371 districte
1593 338 1822 383 praecipiendo
1843 350 1936 374 inan-

429 399 488 433 per
512 398 569 422 nos
602 394 632 421 et
660 387 926 431 praedecessores
955 393 1106 430 nostros,
1133 400 1170 424 ac
1203 390 1327 432 damus,
1341 390 1460 434 utipsi‚
1476 391 1525 424 vel
1540 390 1675 434 quilibet
1688 401 1800 425 eorum
1819 403 1876 437 per
1892 404 1937 435 se,

431 443 546 475 Sedein
569 440 766 482 huiusmodi,
796 441 892 474 etiam
923 442 1170 486 Inquisitoribus
1204 444 1252 477 vel
1273 443 1393 484 alium,
1421 453 1478 477 seu
1506 443 1597 485 alios,
1629 455 1703 478 cum
1723 446 1941 489 praesentium

430 494 593 540 praefatis,
611 494 706 527 etiam
726 494 765 528 ad
783 494 968 528 instantiam
982 496 1082 540 ipsius
1097 497 1171 530 Phi·
1206 496 1392 530 earumdem
1418 502 1617 542 transumpta
1641 503 1696 531 aut
1720 499 1865 543 exempla
1889 509 1942 533 ac·
2173 485 2191 532 5.

432 548 510 592 lippi
539 552 569 581 et
597 547 735 580 aliorum
756 558 1038 593 quorumcumque
1058 560 1169 593 regum
1206 549 1366 594 ceperim,
1392 550 1445 583 illa
1465 550 1570 583 statim
1593 551 1713 595 absque
1737 551 1803 584 ulla
1828 553 1940 593 mora,
2167 556 2194 600 {

432 606 464 633 et
483 600 682 642 reginarum,
710 606 764 634 aut
788 600 885 634 etiam
910 607 1001 635 motu
1024 602 1169 647 proprio,
1207 603 1435 645 retardatione,
1463 604 1511 637 vel
1532 603 1763 648 impedimento
1783 610 1837 638 aut
1857 605 1944 638 limi-

433 659 464 686 et
481 654 520 686 de
530 654 560 687 S.
577 654 613 687 R.
631 654 664 686 E.
682 654 898 689 cardinalium
913 656 1059 697 consilio,
1076 656 1172 690 etiam
1209 656 1328 690 tatione
1357 657 1389 690 in
1417 657 1500 691 dicta
1527 657 1652 691 civitate
1677 657 1883 692 Ulixbonensi
1912 659 1945 693 in

434 708 473 740 de
493 708 689 751 apostolicae
712 710 880 753 potestatis
903 710 1115 754 plenitudine,
1138 721 1174 744 ac
1209 710 1341 744 ecclesia
1356 710 1605 755 metropolitana
1618 711 1702 744 intra
1715 711 1885 746 missarum
1899 722 1946 746 so-

435 771 508 794 cum
534 761 699 805 quibusvis
729 763 1010 806 derogatoriarum
1041 765 1174 807 deroga·
1209 763 1338 805 lemnia,
1361 764 1436 797 dum
1458 764 1569 808 populi
1591 764 1762 798 multitudo
1783 765 1823 798 ad
1840 765 1947 799 divina

436 814 536 855 toriis,
560 814 696 859 aliisque
720 816 959 851 efficacioribus
984 822 1015 851 et
1040 818 1175 851 insolitis
1210 817 1317 851 officia
1330 818 1634 862 convenerit‚etper
1647 818 1830 853 affixionem
1842 829 1947 853 exem-

436 868 586 902 clausulis
607 879 644 903 ac
664 869 875 913 irritantibus,
899 877 930 905 et
949 872 1019 906 aliis
1040 872 1175 906 decretis
1211 871 1254 915 pli
1275 882 1330 905 seu
1359 872 1549 916 transumpti
1575 873 1763 906 earumdem
1789 883 1944 917 praesen-

437 922 607 964 coneessis,
623 924 811 968 approbatis
825 930 856 958 et
868 925 1039 967 innovatis,
1052 925 1175 959 etiamsi
1212 925 1290 958 tiuin
1309 926 1346 959 ad
1370 926 1473 960 valvas
1493 926 1596 959 dictae
1614 926 1766 959 ecclesiae
1787 930 1949 971 metropo-

438 975 469 1008 in
495 976 539 1009 eis
563 982 713 1010 caveatur
738 988 885 1022 expresse
910 980 998 1023 quod
1023 980 1086 1013 illis
1106 980 1177 1013 nul-
1212 979 1339 1021 litanae,
1362 979 1528 1023 publicent
1548 985 1578 1013 et
1598 979 1773 1023 divulgent,
1790 990 1826 1014 ac
1845 980 1950 1026 publi-

438 1030 574 1071 latenus,
593 1035 649 1064 aut
668 1041 733 1064 non
749 1031 809 1065 nisi
827 1033 886 1066 sub
908 1033 1003 1067 certis
1024 1033 1102 1066 inibi
1120 1044 1173 1067 ex·
1213 1032 1276 1065 cari
1302 1038 1333 1066 et
1352 1032 1509 1076 divulgari
1531 1033 1660 1067 saciant.

437 1083 556 1128 pressis
581 1084 685 1118 modis
706 1090 737 1118 et
756 1086 879 1127 formis,
897 1087 1047 1129 derogari
1064 1087 1175 1131 possit.

439 1136 560 1176 Quibus
580 1137 741 1179 omnibus,
761 1139 884 1173 etiamsi
898 1151 957 1184 pro
972 1140 1101 1174 illorum
1116 1141 1180 1174 sus-

440 1189 560 1223 finienti
586 1190 795 1233 derogatione
824 1192 863 1225 de
891 1192 953 1226 illis
985 1193 1180 1238 illorumque

441 1243 516 1276 totis
544 1244 710 1278 tenoribus
736 1245 900 1288 specialis,
928 1246 1094 1290 specifica,
1123 1257 1177 1280 ex-

440 1307 551 1340 pressa
570 1302 598 1329 et
615 1297 792 1339 individua,
813 1309 878 1332 non
897 1305 1002 1332 autem
1018 1311 1076 1343 per
1096 1301 1179 1334 clau-

442 1351 528 1383 sulas
541 1351 707 1393 generales
718 1351 802 1384 idem
817 1352 1040 1396 imponantes,
1060 1355 1182 1389 mentio

443 1414 499 1436 seu
520 1404 649 1448 quaevis
677 1405 741 1438 alia
761 1406 924 1449 expressio
944 1407 1103 1451 habenda,
1129 1415 1179 1442 aut

444 1457 552 1501 aliqua
576 1458 638 1491 alia
659 1458 815 1502 exquisita
840 1460 944 1493 forma
969 1461 1008 1493 ad
1032 1461 1094 1495 hoc
1118 1473 1183 1495 ser-

444 1511 547 1544 vanda
567 1511 660 1552 soret,
685 1516 812 1545 tenores
829 1512 1028 1555 huiusmodi,
1045 1524 1081 1547 ac
1102 1515 1126 1548 si
1144 1516 1182 1548 de

446 1563 543 1597 verbo
564 1564 605 1596 ad
624 1564 779 1606 verbum,
804 1570 834 1598 et
854 1566 957 1599 formal
979 1566 1010 1599 in
1032 1567 1093 1600 illis
1115 1573 1180 1601 tra-

446 1616 512 1649 dita
532 1616 711 1658 observata,
736 1617 848 1650 inserti
872 1618 987 1660 forent,
1015 1630 1074 1664 pro
1099 1621 1185 1654 susti-

447 1668 569 1702 cienter
589 1670 747 1714 expressis
767 1671 932 1712 habentes,
961 1672 1022 1706 illis
1051 1673 1128 1706 alias
1153 1674 1183 1706 in

447 1732 505 1755 suo
529 1722 647 1756 robore
672 1725 901 1767 permansuris,
925 1725 983 1758 hae
1002 1726 1069 1760 viee
1094 1727 1185 1759 dum-

447 1780 531 1809 taxat
554 1776 670 1810 harum
695 1778 775 1811 serie
796 1784 897 1820 motu,
919 1780 1050 1813 scientia
1072 1787 1102 1814 et
1127 1792 1185 1825 po-

448 1831 570 1864 testatis
594 1832 795 1875 plenitudine
819 1834 983 1877 praefatis,
1006 1835 1187 1878 specialiter

450 1888 481 1917 et
494 1894 642 1928 expresse
656 1885 859 1930 derogamus,
873 1887 919 1921 et¹
934 1888 1104 1922 contrariis
1117 1889 1186 1932 qui-

450 1937 667 1982 buscumque:
691 1949 747 1973 seu
767 1940 793 1973 si
813 1940 1062 1984 Inquisitoribus
1083 1948 1113 1976 et
1133 1943 1184 1975 iu-

451 1991 575 2025 dicibus
588 1993 749 2036 praefatis,
764 1994 813 2027 vel
825 1994 990 2038 quibusvis
1005 1995 1085 2036 aliis,
1101 2005 1188 2029 com-

452 2046 592 2080 muniter
615 2047 663 2080 vel
684 2047 821 2088 divisim,
842 2048 881 2081 ab
900 2048 1011 2082 eadem
1040 2049 1080 2082 sit
1106 2050 1188 2083 Sede

452 2100 612 2134 indultum
631 2102 719 2145 quod
733 2101 891 2143 interdici,
908 2103 1061 2146 suspendi
1076 2104 1124 2136 vel
1139 2114 1190 2136 ex-

452 2154 652 2188 comunicari
673 2165 738 2188 non
758 2155 880 2198 possint
900 2166 958 2199 per
975 2156 1096 2189 litteras
1113 2167 1190 2200 apo-

452 2208 580 2242 stolicas
600 2218 665 2241 non
686 2208 838 2241 facientes
862 2210 990 2252 plenam
1013 2215 1043 2242 et
1063 2220 1189 2254 expres-

454 2273 521 2296 sam
546 2273 583 2296 ac
611 2263 649 2296 de
670 2262 769 2295 verbo
793 2262 832 2295 ad
852 2262 985 2296 verbum
1007 2263 1045 2296 de
1067 2263 1190 2297 indulto

453 2316 640 2350 huiusmodi
661 2316 868 2350 mentionem.

269 2389 439 2413 psat-sunnem-
500 2372 516 2412 ξ
538 2369 589 2403 1‘1.
613 2370 653 2403 Ut
669 2375 777 2403 autem
802 2375 986 2413 praesentes
1010 2370 1135 2404 litterae
1153 2372 1191 2404 ad

256 2415 329 2467 {ffifffl
359 2414 441 2440 ''¹'‘'⁰¹²*'
456 2423 601 2456 omnium
626 2433 706 2467 quos
731 2428 929 2456 concernunt
949 2423 1094 2456 notitiam
1121 2424 1194 2462 sa&-

456 2477 517 2511 lius
537 2478 747 2518 deducantur,
769 2478 927 2518 volumus,
948 2488 983 2510 ac
1004 2477 1123 2511 eisdem
1144 2489 1193 2511 ar-

457 2531 661 2575 chiepiscopo
678 2531 886 2564 Ulixbonensi
906 2542 942 2564 ac
962 2531 1144 2575 inquisitori
1163 2538 1190 2565 et

458 2584 623 2618 collectori
644 2584 848 2626 generalibus
869 2584 901 2617 in
922 2584 1037 2617 virtute
1067 2590 1194 2618 sanctae

1951 292 2001 320 An.
2021 292 2048 321 c.
2068 293 2134 323 1604
2209 319 2210 323 ,

1214 1139 1349 1183 sumptis
1373 1140 1421 1173 vel
1448 1140 1618 1184 exemplis,
1647 1139 1743 1173 etiam
1768 1140 1948 1185 impressis,
1965 1124 1992 1146 ω
2007 1125 2066 1146 '⁸¹⁰⁵'

1216 1203 1313 1225 manu
1333 1193 1449 1226 notarii
1473 1193 1616 1237 pubblici
1640 1193 1837 1238 subscriptis,
1861 1200 1893 1228 et
1911 1194 1952 1229 si-

1216 1246 1291 1287 gillo
1316 1257 1472 1290 personae
1504 1247 1535 1279 in
1561 1247 1716 1290 dignitate
1741 1247 1954 1282 ecelesiastica

1217 1299 1407 1333 constitutae
1432 1300 1573 1341 munitis,
1602 1301 1749 1335 eamdem
1774 1301 1870 1335 fidem
1895 1302 1954 1335 ha-

1218 1353 1355 1385 bendam
1382 1363 1449 1386 esse
1474 1354 1688 1395 decernimus,
1708 1364 1790 1398 quae
1810 1354 1954 1398 ipsismet

1217 1405 1429 1448 originalibus
1442 1406 1626 1448 baberetur,
1639 1406 1664 1440 si
1678 1407 1784 1441 forent
1795 1407 1955 1442 exhibitae

1218 1459 1264 1492 vel
1286 1465 1443 1493 ostensae.

1260 1513 1372 1545 Datum
1394 1514 1513 1547 Romae
1539 1514 1624 1558 apud
1648 1518 1793 1547 sanctum
1814 1514 1954 1548 Marcum

1217 1565 1275 1598 sub
1304 1566 1423 1599 annulo
1448 1566 1618 1600 piscatoris
1645 1566 1697 1600 die
1722 1577 1800 1601 xxiii
1829 1567 1956 1610 augusti

1218 1629 1327 1661 unciv,
1354 1620 1561 1664 pontificatus
1582 1620 1695 1662 nostri,
1722 1631 1807 1654 anno
1832 1632 1897 1655 tht.

1254 1683 1314 1710 Dat.
1336 1682 1379 1710 die
1399 1682 1433 1710 23
1452 1682 1559 1717 augusti
1578 1682 1658 1715 1604,
1678 1682 1770 1718 pontif.
1792 1691 1836 1710 an.
1856 1689 1913 1710 xiii.

2175 707 2198 795 »ἔ

1258 1088 1274 1129 5
1303 1086 1351 1119 1-2.
1382 1087 1595 1131 Ipsarumque
1619 1087 1839 1131 praesentium
1864 1093 1950 1122 tran·
1984 1098 2089 1124 Exemplis
2099 1098 2147 1120 aaa·
2172 1013 2207 1183 Ξ

2167 1189 2207 1433 ξ

1524 1834 1651 1870 CCCLV.

1222 1931 1394 1973 Derventio
1419 1931 1530 1963 statuti
1560 1930 1698 1963 Militiae
1722 1932 1826 1964 sancti
1853 1930 1960 1964 Iacobi

1265 1985 1302 2017 de
1330 1985 1462 2027 Spatlict,
1488 1984 1571 2028 quod
1596 1984 1795 2018 thesaurarii
1822 1995 1875 2018 seu
1902 1995 1962 2017 sa-

1266 2039 1381 2071 cristae
1397 2038 1606 2071 ecclesiarum
1628 2039 1732 2072 dictae
1747 2038 1887 2071 Militiae
1899 2049 1960 2081 pro

1269 2096 1407 2134 tempore
1431 2092 1629 2134 deputandi,
1653 2091 1796 2125 habitum
1820 2091 1962 2133 fratrwn

1267 2144 1506 2189 capellanorum
1530 2144 1670 2177 eiusdem
1693 2144 1833 2178 Militiae
1855 2145 1962 2179 susci·-

1265 2209 1340 2242 pere
1361 2209 1425 2231 nrm
1450 2202 1617 2232 teneantur
1631 2197 1651 2232 ¹.

1251 2280 1432 2307 charissimo
1447 2280 1478 2307 in
1494 2280 1611 2308 Christo
1625 2280 1687 2307 filio
1703 2282 1806 2307 nostro
1821 2279 1934 2314 Filippo

1225 2324 1426 2359 portugalliae
1446 2327 1477 2351 et
1492 2324 1698 2358 Alqarbiorum
1723 2323 1787 2358 regi
1811 2324 1962 2352 catholico

1426 2369 1558 2396 Clemens
1579 2369 1658 2403 Papa
1677 2368 1758 2400 VIII,

1319 2411 1495 2440 Charissime
1511 2413 1542 2439 in
1557 2413 1674 2441 Christo
1688 2413 1742 2440 filii
1757 2415 1870 2444 noster,

1260 2459 1391 2486 salutem
1412 2461 1443 2485 et
1461 2458 1657 2492 apostolicam
1675 2457 1927 2485 benedictionem.

2167 2474 2201 2518 ²⁸1,-
2164 2340 2197 2467 *ba-14⁴4?
2161 2162 2198 2338 »κενέ-«ιι
2182 2138 2199 2158 ,2-
2168 2064 2202 2129 222³„
2169 1743 2206 2055 222-2-5212zatwitmer
2177 1715 2206 1725 .·

1270 2535 1286 2572 3
1309 2530 1337 2562 l.
1359 2529 1530 2563 Maiestatis
1551 2535 1622 2563 tuae
1642 2529 1774 2562 nomine
1791 2529 1885 2563 nobis
1904 2539 1963 2562 nu·
1976 2533 2160 2586 fatssssiffffltsstffi
2178 2534 2198 2570 q.

1226 2594 1283 2627 per
1303 2583 1481 2626 expositum
1499 2582 1556 2615 suit
1570 2582 1658 2625 quod
1677 2582 1800 2616 aliasin
1821 2582 1961 2626 capitulo
1976 2583 2189 2636 ἷξῃῑὲἰιξᾞάζῗξξὲζ(

498 2700 506 2723 1
530 2697 734 2727 Parue.eeheic
744 2698 886 2727 sicutalibi
901 2697 1193 2735 nosaddidimusffls).
1262 2700 1273 2727 1
1296 2698 1335 2726 Ex
1354 2697 1460 2734 Regest.
1480 2697 1507 2725 111
1526 2697 1627 2726 secret.
1648 2697 1728 2726 Brev.
