2227 3241
244 275 292 303 An.
309 275 339 302 c.
363 275 430 303 ¹603
476 265 518 300 to

271 389 300 410 Ad
316 389 427 415 praedicta

245 416 308 436 dubia
315 415 427 441 responde!

247 442 352 463 Pontifex:

274 876 303 897 Ad
315 876 410 902 primum.

268 1034 299 1055 Ad
307 1033 429 1055 secuudum<

277 1299 305 1319 Aa
317 1298 408 1319 tertium.

277 1457 308 1478 Ad
317 1458 421 1484 quartum.

280 1669 310 1690 Ad
321 1669 421 1696 quintani.

282 1867 312 1888 Ad
322 1869 409 1888 sextum.

285 2184 314 2204 Ad
323 2185 441 2211 septimum.

287 2395 316 2415 All
326 2397 383 2415 octat
391 2402 430 2417 um.

289 2578 318 2598 Ad
330 2584 412 2599 notium,

442 323 600 358 cessiones
613 332 677 355 non
687 321 849 361 accedant,
862 319 1055 364 compellere
1063 320 1176 354 valeat:

486 376 501 417 ,ξ
518 375 548 408 3.
569 375 632 408 Νο5
655 373 755 417 igitur
771 372 918 416 precibus
935 372 1078 405 eiusdem
1097 373 1180 406 Non-

442 428 486 461 nii
508 426 652 471 episcopi
681 425 774 459 nobis
801 435 898 469 super
931 425 992 458 hoc
1015 424 1180 459 humiliter

442 480 596 526 porrectis
620 478 760 512 inclinati
780 505 787 518 ‚
815 477 949 521 eiusque
973 477 1064 511 iustis
1092 479 1176 522 peti-

443 534 581 567 tionibus
598 541 739 565 annuere
764 531 918 572 volentes,
945 541 982 564 ex
998 536 1069 564 voto
1086 542 1180 565 vene-

443 585 591 619 rabilium
621 585 754 618 fratrum
789 587 972 617 nostrorum
1004 582 1035 616 S.
1072 583 1109 616 R.
1142 583 1176 617 E.

444 637 653 670 cardinalium
677 647 774 680 super
793 635 893 669 sacris
911 635 1028 669 ritibus
1052 640 1084 668 et
1110 646 1181 669 cae-

444 689 595 723 remoniis
611 689 849 733 deputatorum,
868 688 986 732 quibus
1009 688 1182 732 praemissa

444 742 543 776 dubia
557 742 722 786 diligenter
735 741 944 775 examinanda
952 741 1181 781 commisimus,

445 795 559 828 harum
576 794 657 828 serie
674 794 890 828 declaramus:

533 847 622 881 Circa
658 847 822 891 primum,
853 846 959 891 ipsum
994 846 1183 890 episcopum

444 910 536 944 posse
560 900 656 936 talem
687 910 784 934 usum
801 905 832 933 et
853 899 1118 933 consuetudinem
1144 899 1184 932 ad

445 953 678 997 praescriptum
687 952 863 986 Tridentini
877 952 1007 986 Concilii
1020 951 1183 986 reducere:

535 1006 624 1040 Circa
649 1006 837 1046 secundum,
860 1016 925 1039 non
942 1004 1058 1039 debere
1075 1015 1185 1038 omnes

447 1060 618 1094 canonicos
642 1065 674 1093 et
697 1059 904 1093 beneficiatos
935 1058 1030 1092 simul
1073 1058 1185 1091 abesse

448 1119 593 1157 tempore
610 1111 795 1153 vacationis,
815 1112 870 1145 sed
894 1111 973 1145 alios
997 1116 1069 1154 post
1092 1110 1182 1152 alios,

448 1166 562 1200 ordine
594 1171 738 1206 servato,
768 1165 811 1198 ita
836 1171 870 1199 ut
897 1164 1027 1199 ecelesia
1057 1164 1185 1199 servitio

447 1229 511 1254 non
536 1219 759 1254 defraudetur:

537 1275 626 1309 Circa
638 1274 779 1314 tertium,
798 1273 969 1307 canonicos
987 1283 1042 1317 per
1052 1284 1085 1307 se
1102 1272 1187 1317 ipsos

448 1329 567 1364 servire
587 1339 624 1362 ac
643 1338 700 1361 sua
718 1327 828 1360 munia
853 1337 1010 1368 exercere,
1031 1337 1096 1360 non
1113 1337 1187 1360 vcro

448 1393 505 1428 per
524 1382 724 1424 substitutos,
744 1381 873 1415 dehere:

539 1438 628 1473 Circa
647 1444 818 1483 quartum,
844 1436 956 1471 decere
983 1442 1019 1470 ut
1042 1438 1187 1471 canonici

451 1504 526 1528 voce
545 1503 610 1526 non
634 1491 782 1536 impediti
806 1493 866 1525 alte
892 1497 1007 1525 canant
1030 1492 1062 1525 in
1076 1492 1187 1532 choro,

451 1546 676 1581 coadjuvantes
700 1546 777 1579 alios
794 1573 803 1585 ,
825 1551 856 1579 et
884 1555 976 1589 posse
1002 1545 1188 1588 episcopum

452 1601 521 1634 illos
541 1599 579 1633 ad
598 1599 630 1632 id
656 1598 835 1632 faciendum
852 1598 992 1631 hortari:

540 1653 630 1687 Circa
651 1651 821 1696 quintum,
852 1651 977 1685 licitum
1003 1662 1072 1685 esse
1096 1661 1190 1685 cano-

451 1705 545 1746 uicis,
564 1704 746 1739 celebrandi
764 1714 894 1745 causa,a
912 1704 1010 1738 choro
1026 1704 1189 1745 recedere,

451 1770 508 1793 nec
528 1760 568 1793 ob
592 1758 625 1792 id
647 1758 885 1792 distributiones
904 1757 1106 1802 quotidianas
1123 1768 1191 1802 pcr-

452 1814 544 1848 dere:

541 1868 628 1902 Circa
648 1871 782 1908 sextum,
802 1866 900 1900 teneri
919 1865 1120 1906 canonicum,
1138 1865 1192 1898 ad-

454 1920 678 1954 ministrationi
704 1919 841 1953 fabricae
866 1919 1066 1964 deputatum‚
1093 1918 1193 1952 eccle-

454 1975 519 2008 siae
543 1973 705 2015 inservire,
728 1973 810 2006 sicut
827 1983 937 2007 omnes
956 1972 1007 2005 alii
1029 1972 1192 2013 canonici3

455 2035 486 2062 ct
510 2029 534 2061 si
562 2028 595 2061 id
619 2028 723 2062 facere
747 2033 943 2067 contemnat,
970 2027 1192 2060 mulctandum

456 2093 524 2115 esse
548 2083 580 2115 in
609 2081 779 2115 amissione
804 2081 1087 2122 distributionum,
1113 2081 1212 2114 sicut

457 2134 535 2168 alios
558 2145 621 2168 non
639 2135 826 2168 servientes:

547 2188 636 2221 Circa
664 2188 849 2231 septimum,
877 2187 1048 2221 convenire
1072 2187 1213 2231 praedi-¹

457 2248 526 2275 ctos
557 2251 673 2285 pueros
705 2241 818 2274 saltem
851 2240 987 2284 primam
1029 2246 1194 2274 tonsuram

458 2296 585 2335 babere,
608 2294 784 2328 dummodo
808 2305 865 2338 per
888 2299 1024 2327 aetatem
1053 2293 1194 2327 eiusdem

459 2354 609 2382 tonsurae
633 2347 697 2380 sint
721 2357 868 2390 capaces:

547 2401 635 2434 Circa
660 2406 805 2434 octavum
823 2427 832 2439 ,
857 2400 1026 2433 canonicos
1051 2406 1079 2433 et
1114 2401 1197 2444 capi-

459 2455 562 2488 tulum
588 2453 626 2487 ad
652 2454 683 2487 id
707 2453 818 2493 teneri,
843 2453 1017 2486 dummodo
1035 2453 1194 2494 distantia,

460 2514 553 2551 prout
579 2507 858 2551 piaesupponitur,
880 2506 982 2539 brevis
1008 2506 1061 2539 sit:
1212 2539 1214 2555 ⁴

548 2560 638 2594 Circa
661 2570 782 2593 nonum
803 2587 810 2601 ‚
841 2559 1036 2592 inhaerendo
1062 2559 1214 2593 decretis‘¹

460 2619 489 2646 ct
509 2613 756 2648 resolutionibus
781 2612 856 2646 alias
880 2612 910 2645 in
936 2612 1031 2646 simili
1050 2623 1123 2645 casu
1152 2614 1194 2645 sa—

1015 272 1199 297 BULLARIUM
1222 273 1375 298 ROMANUM

460 2666 517 2701 ctis
548 2671 579 2698 ct
613 2666 642 2699 S.
680 2666 714 2699 R.
747 2666 780 2699 E.
812 2664 1022 2699 cardinalium
1059 2665 1212 2704 Concilii.

1959 271 2009 299 An.
2023 270 2052 298 C.
2075 269 2144 301 1605

1212 320 1389 354 Tridentini
1408 320 1617 364 interpretum
1632 325 1703 353 voto
1719 319 1844 364 saepius
1859 320 1944 362 dato,

1213 374 1399 417 episcopum
1424 373 1456 405 td
1481 383 1572 416 posse
1590 373 1805 406 declaramus:

1301 427 1389 460 Circa
1401 426 1574 466 decimum,
1594 425 1710 459 vicario
1722 426 1863 469 generali
1873 436 1949 460 con-

1213 480 1318 513 venire
1345 480 1451 513 locum
1483 489 1579 522 super
1610 489 1720 512 omnes
1744 479 1946 524 capitulares,

1213 539 1277 566 tam
1303 532 1333 564 in
1352 532 1650 575 congregationibus
1674 531 1903 575 capitularibus
1918 538 1950 566 et

1214 585 1410 619 sessionibus
1428 612 1436 625 ,
1472 595 1567 628 quam
1597 585 1630 618 in
1663 585 1920 628 processionibus
1938 612 1946 626 ,

1215 638 1390 672 dummodo
1415 638 1459 670 ibi
1494 638 1639 672 canonici
1681 638 1778 671 sacris
1811 637 1949 672 vestibus

1216 691 1317 734 parati
1341 701 1406 723 non
1423 691 1591 724 incedant:

1305 743 1394 778 Circa
1431 743 1657 785 undecimum,
1696 743 1883 788 episcopum
1917 743 1951 777 id

1217 796 1384 840 prohibere
1400 807 1464 830 non
1488 806 1592 840 posse,
1610 797 1635 830 si
1667 796 1820 841 pecuniae
1843 796 1876 830 in
1895 797 1954 831 uti-

1216 850 1336 884 litatem
1364 850 1413 884 vel
1437 850 1600 884 servitium
1625 851 1793 891 ecclesiae,
1824 861 1880 884 seu
1904 861 1954 884 sa-

1217 904 1344 938 cristiae
1356 909 1533 945 vertantur;
1547 904 1572 937 si
1589 915 1663 938 vero
1676 910 1838 938 vertantur
1853 904 1886 938 in
1903 914 1954 937 ca-

1217 957 1410 991 nonicorum
1443 967 1498 991 seu
1523 956 1659 991 aliorum
1690 957 1845 1001 privatam
1869 956 1955 991 utili-

1218 1015 1325 1051 tatem,
1347 1020 1438 1054 posse
1458 1010 1645 1054 prohibere:

1308 1062 1398 1097 Circa
1422 1063 1662 1104 duodecimum,
1688 1062 1874 1107 episcopum
1892 1072 1955 1096 non

1219 1126 1313 1160 posse
1330 1126 1455 1160 cogere,
1474 1115 1528 1149 sed
1548 1115 1682 1150 hortari.

1264 1171 1279 1214 ἓ
1302 1170 1332 1204 4.
1361 1171 1527 1204 Praeterea
1551 1170 1612 1203 alia
1635 1170 1731 1204 etiam
1754 1168 1957 1212 infrascripta

1220 1224 1316 1258 dubia
1336 1224 1421 1258 idem
1446 1224 1589 1258 Nonnius
1606 1224 1774 1268 episcopus
1796 1221 1889 1256 nobis
1905 1221 1958 1255 de-

1221 1278 1369 1310 claranda
1394 1276 1573 1321 proposuit,
1593 1276 1747 1310 videlicet:
1770 1275 1877 1308 Primo
1896 1279 1959 1308 sta-
2014 1284 2032 1305 i.
2045 1283 2077 1314 ne
2091 1283 2156 1304 varus

1222 1337 1289 1365 tuta
1322 1331 1425 1365 dictae
1450 1330 1601 1365 ecclesiae
1633 1328 1823 1364 cathedralis
1855 1327 1960 1372 Egita-
1973 1315 2157 1359 mangama-

1221 1384 1358 1425 niensis,
1384 1395 1466 1427 quae
1490 1395 1550 1417 nec
1573 1383 1761 1418 auctoritate
1785 1381 1961 1427 apostolica

1222 1440 1321 1472 immo
1345 1449 1404 1473 nec
1421 1437 1583 1472 ordinaria
1602 1437 1777 1482 approbata
1795 1435 1963 1480 hucusque

1223 1492 1400 1533 extiterant,
1427 1492 1605 1526 incorrecta
1622 1497 1653 1524 et
1676 1489 1858 1524 inordinata
1879 1499 1959 1531 esse,

1223 1555 1401 1589 eorumque
1436 1544 1574 1589 plurima
1607 1545 1640 1578 in
1673 1543 1773 1587 ipsius
1811 1542 1964 1577 ecclesiae

1224 1599 1455 1643 praeiudicium
1484 1608 1522 1631 ac
1553 1597 1781 1631 detrimentum
1818 1595 1963 1637 tendere;

1225 1652 1394 1686 canonicos
1433 1651 1518 1685 circa
1557 1650 1739 1683 divinorum
1779 1649 1965 1684 celebratio-

1225 1715 1317 1745 nem,
1351 1706 1438 1749 quod
1471 1704 1531 1738 sibi
1563 1703 1691 1737 suavius
1724 1708 1756 1736 et
1786 1702 1893 1737 minus
1919 1702 1964 1737 la-

1225 1760 1390 1793 boriosum
1422 1769 1490 1793 esse
1520 1749 1664 1803 Poterat,
1691 1756 1857 1798 ordinare;
1881 1756 1965 1790 circa

1226 1823 1337 1846 eorum
1357 1812 1516 1846 absentias
1540 1811 1672 1855 largius,
1691 1821 1787 1855 quam
1807 1821 1865 1855 par
1883 1815 1962 1851 erat,

1226 1866 1414 1911 disponere,
1439 1865 1575 1899 mulctas
1607 1864 1668 1898 sibi
1702 1864 1840 1898 invicem
1868 1873 1964 1906 saepe

1227 1920 1390 1953 remittere
1410 1946 1417 1959 ,
1445 1924 1630 1963 punctaque
1653 1917 1687 1951 in
1711 1917 1798 1951 horis
1816 1945 1823 1958 ,
1850 1916 1964 1951 divinis

1227 1973 1339 2007 officiis
1370 1978 1401 2006 et
1425 1972 1576 2007 ecclesiae
1604 1971 1730 2006 servitio
1765 1970 1889 2004 minimi
1913 1980 1965 2003 va-

1227 2027 1305 2060 loris
1329 2026 1491 2069 assignare
1522 2031 1554 2059 et
1577 2030 1733 2065 statuere3
1762 2023 1907 2058 ordinem
1931 2023 1966 2057 in

1228 2080 1326 2113 choro
1350 2079 1554 2118 servandum,
1580 2078 1635 2121 qui
1659 2075 1791 2110 omnino
1814 2086 1964 2110 necessa-

1229 2133 1295 2167 rius
1324 2132 1512 2173 videbatur,
1547 2131 1727 2176 praefigere
1756 2129 1900 2171 differre,
1933 2128 1967 2163 in

1229 2186 1364 2230 aliisque
1402 2184 1583 2229 praedictae
1618 2183 1770 2218 ecclesiae
1804 2182 1967 2216 servitium

1229 2238 1497 2274 concernentibus
1517 2265 1524 2278 ‚
1550 2248 1662 2272 eorum
1688 2236 1833 2277 arbitrio,
1858 2241 1887 2269 et
1910 2246 1967 2269 re-

1230 2294 1326 2328 misse
1352 2293 1598 2337 inordinateque
1622 2291 1802 2336 procedere.

1318 2346 1465 2381 Secundo
1485 2373 1492 2386 ‚
1518 2357 1584 2380 uuo
1609 2357 1646 2379 ex
1681 2343 1801 2379 eisdem
1841 2342 1968 2378 statutis

1990 439 2020 460 Ad
2031 439 2145 460 decimum.

2020 754 2050 776 Ad
2061 754 2149 776 undeci-

1966 787 2029 803 mum.

2011 1071 2040 1093 Ad
2051 1071 2155 1093 duodeci-

1971 1104 2034 1120 mum.

1956 1127 1972 1141 Ο

2033 1177 2080 1199 Alia
2089 1177 2155 1199 dubia

1971 1204 2093 1232 proposita:

1993 2374 1996 2378 ²
2021 2348 2041 2368 Ξ.
2051 2347 2083 2369 De
2093 2353 2166 2369 cecea-

1983 2377 2041 2395 ttono
2053 2380 2065 2395 a
2080 2379 2166 2396 munere

1221 2400 1387 2438 ,sancitum
1405 2409 1472 2433 csse
1485 2405 1519 2433 ut
1536 2398 1591 2442 qui
1608 2397 1748 2442 aliquam
1769 2396 1967 2440 dignitatem,
1982 2400 2091 2422 beneficii·

1213 2473 1215 2477 ·
1232 2453 1465 2493 canonicatum,
1485 2453 1532 2485 vel
1549 2451 1682 2485 interius
1700 2449 1894 2483 heneficium
1912 2450 1968 2483 ob-

1213 2532 1214 2536 ,
1230 2507 1333 2539 tinens
1364 2505 1516 2540 ecclesiae
1548 2515 1606 2548 per
1630 2502 1842 2547 quadraginta
1870 2512 1970 2535 anno-

1230 2570 1302 2592 rum
1326 2558 1464 2603 spatium
1482 2555 1672 2597 inservierit,
1698 2566 1736 2589 eo
1761 2555 1830 2598 ipso
1850 2553 1968 2588 emeri-

1230 2612 1397 2655 tus,vulg0
1414 2610 1573 2650 iubilatio,
1596 2614 1774 2649 censeatur,
1794 2607 1831 2642 ad
1845 2607 1971 2641 ulterio-

1228 2665 1336 2708 risque
1359 2663 1510 2709 temporis
1535 2661 1699 2697 servitium
1718 2671 1784 2695 non
1809 2664 1969 2696 teneatur3
