2227 3241
14 281 64 308 An.
80 277 108 306 C.
125 276 194 305 1606

862 270 979 296 rAULt‘s
1001 272 1019 294 V
1040 271 1090 295 rP.

208 333 280 357 rum
309 332 478 355 causarum
509 320 669 365 expeditio
703 319 887 353 retardetur
921 318 951 351 in

209 375 383 409 niaximum
406 374 482 409 dicti
507 373 674 418 hospitalis
700 372 948 417 praeiudicium·⁷

208 439 266 462 uos
294 428 438 462 eiusdem
470 427 638 471 hospitalis
667 425 890 460 commoditati
916 436 951 458 ac

208 482 325 516 minori
344 482 513 526 dispendio
527 480 689 524 celerique
704 490 874 513 causarum
893 480 951 512 bu-

208 535 345 569 iusmodi
374 534 568 579 expeditioni
599 533 768 567 consulere
789 533 952 576 siinulque

208 599 305 633 super
313 587 498 632 praemissis
507 586 677 631 providere
687 586 841 625 volentes,
860 591 951 618 motu

209 642 341 686 proprio
359 647 390 674 et
407 652 443 674 ex
465 642 551 674 certa
568 642 676 673 nostra
697 639 841 679 scientia,
863 650 897 672 ac
915 639 953 672 dc

210 694 405 739 apostolieae
432 693 599 738 potestatis
627 692 830 737 plenitudine
859 702 953 736 prae-

211 747 346 781 insertas
368 747 490 780 litteras
507 746 678 780 Clementis
697 745 955 790 praedecessoris

211 801 317 848 (salyis
338 807 443 834 tamen
469 799 690 844 infrascriptis)
708 799 884 844 apostolica
900 810 955 832 au-

212 855 360 888 ctoritate
379 861 409 888 et
428 859 540 887 tenore
557 852 776 898 praesentium
797 858 954 898 perpetuo

211 909 441 943 confirmamus
455 914 485 941 et
505 908 735 952 approbamus,
753 918 789 941 ae
807 907 869 941 illis
882 918 954 952 per-

986 318 1025 351 sit
1043 318 1073 351 in
1095 319 1251 352 electione
1266 318 1409 352 eiusdem
1427 317 1595 362 hospitalis
1617 327 1731 362 procu-

988 377 1144 413 ratorum,
1165 384 1262 416 quem
1283 373 1466 413 maluerint,
1490 383 1526 406 ex
1548 372 1728 406 camerario

986 425 1034 457 vel
1056 425 1174 458 clerico
1196 426 1410 469 praesidente,
1428 426 1458 458 in
1474 426 1607 468 singulis
1626 425 1728 459 causis

988 478 1232 511 occurrentibus
1242 479 1372 521 eligere,
1386 480 1428 512 ita
1441 480 1539 523 quod,
1549 479 1671 513 etiamsi
1684 489 1732 512 co-

989 542 1055 564 ram
1072 532 1173 565 altero
1191 543 1227 565 ex
1244 533 1416 576 praedictis
1428 533 1574 566 conventi
1597 532 1727 573 suerint,

989 591 1161 629 autequam
1187 586 1218 618 in
1247 586 1487 620 iuridictionem
1511 586 1732 620 consenserint

988 650 1116 684 semper
1136 639 1259 673 variare
1284 645 1315 673 et
1343 640 1479 673 alterum
1504 641 1623 683 eligere
1651 651 1728 684 pos-

988 693 1061 734 sint,
1078 703 1143 726 uno
1162 698 1267 726 autem
1282 693 1382 727 electo
1396 704 1454 737 per
1467 694 1542 727 dicti
1564 694 1732 738 hospitalis

988 753 1215 791 praeceptores
1235 757 1300 780 non
1318 746 1438 791 possit¹
1459 747 1586 789 variari,
1608 754 1638 781 et
1652 748 1732 781 alter

988 811 1021 834 se
1043 800 1073 833 in
1096 801 1208 834 eadem
1231 803 1326 834 eausa
1347 800 1562 834 intromittere
1580 812 1644 835 non
1659 812 1732 846 pos-

989 854 1040 895 sit,
1064 854 1119 888 sed
1150 854 1194 887 illi
1217 854 1247 886 in
1275 854 1358 888 dieta
1380 856 1477 888 causa
1498 854 1670 888 inhibitum
1692 855 1731 888 sit

989 914 1019 941 et
1036 918 1103 942 esse
1125 914 1305 949 censeatur,

1631 259 1694 293 319
1742 269 1791 296 An.
1812 269 1928 297 (2160ss

1786 974 1811 995 Et
1828 975 1848 994 in
1863 975 1933 994 causis

210 969 327 1009 petuae
345 969 375 997 et
392 962 586 996 inviolabilis
607 961 802 1007 apostolicae
821 961 954 995 firmita-

211 1017 251 1051 tis
272 1017 373 1051 robur
386 1016 568 1057 adiicimus,
586 1027 621 1049 ac
640 1026 752 1049 omnes
766 1021 795 1049 et
809 1015 953 1058 singulos

213 1077 276 1104 tam
297 1070 375 1103 iuris
395 1080 491 1114 quam
510 1070 584 1103 sacti
606 1070 759 1109 desectus,
780 1069 804 1103 si
827 1069 882 1113 qui
901 1069 954 1102 de-

212 1134 310 1169 super
332 1123 574 1164 intervenerint,
602 1124 801 1168 supplemus,
825 1134 861 1156 ac
886 1123 954 1156 illas

212 1183 369 1222 perpetuo
390 1178 495 1211 valere
517 1183 545 1210 et
567 1177 729 1211 observari
758 1177 876 1210 debere
894 1187 951 1210 vo-

214 1233 321 1265 lumus
341 1237 371 1265 et
392 1231 590 1265 ordinamus.
1035 1234 1051 1274 ξ
1073 1231 1102 1265 ἶ».
1127 1232 1277 1276 Reliquas
1299 1238 1405 1265 autem
1428 1243 1550 1273 causas,
1572 1242 1653 1276 quae
1667 1241 1732 1265 non
1771 1241 1934 1272 iictori-pnsu-

260 1287 276 1328 ξ
297 1285 327 1318 3.
349 1286 519 1319 Praeterea
540 1295 651 1318 omues
680 1290 709 1317 ct
735 1294 955 1328 quascumque
972 1293 975 1331 ²,
990 1291 1062 1319 sunt
1077 1286 1116 1319 de
1131 1285 1352 1319 iurisdictione
1371 1286 1530 1320 dictorum
1549 1285 1728 1325 camerarii,
1747 1268 1933 1321 ξῗῖἕῖῗῗῑῗέῑὲὲὸιξῖι

217 1350 327 1373 causas
348 1339 545 1379 huiusmodi,
569 1349 632 1372 non
655 1338 757 1371 solum
784 1349 802 1370 a
823 1338 955 1382 quibus-
974 1334 975 1352 ³
1747 1324 1765 1343 ³¹
1770 1329 1806 1342 '''''

24 1394 113 1416 stottcam
121 1394 152 1414 vet
161 1399 201 1413 ina·

973 1339 1183 1379 3clericorum
1210 1346 1236 1372 et
1272 1340 1498 1382 magistrorum
1526 1340 1669 1377 viarum,
1699 1345 1730 1371 ut

25 1421 96 1445 mm
122 1420 201 1440 „amm
217 1404 357 1438 cumque
378 1393 539 1426 iudicibus
565 1392 649 1425 iuxta
682 1392 955 1435 praeinsertarum
991 1403 1100 1436 supra,
1122 1398 1151 1425 et
1166 1403 1246 1436 quae
1268 1393 1345 1425 alias
1366 1403 1428 1425 non
1448 1399 1520 1426 sunt
1539 1403 1735 1435 cognosceu-

0 1444 1 1467 ἶ
25 1447 202 1499 gssffrhg‘sffiggg
217 1447 395 1496 litterarum
418 1453 573 1485 tenorem,
597 1445 652 1478 sed
671 1444 765 1478 etiam
791 1455 808 1478 a
833 1444 959 1478 tliesau-
993 1446 1052 1478 ‹lae
1073 1456 1182 1479 coram
1212 1446 1304 1479 «lictis
1330 1447 1530 1488 camerario,
1557 1446 1681 1479 clericis
1706 1450 1734 1479 et

0 1533 1 1538 ,
25 1500 314 1548 5202*⁸¹¹02{,?„,¹221*a1·i0‚
331 1499 454 1533 clericis
467 1498 725 1543 praesidentibus
740 1498 958 1531 etcamerario
994 1499 1209 1532 cameralilius
1237 1510 1272 1532 ac
1300 1499 1421 1532 viarum
1450 1499 1621 1542 magistris,
1645 1510 1737 1542 prae-

0 1544 203 1601 {gffifflssu'fflj
217 1553 378 1598 praefatis,
399 1553 513 1586 acaliis
527 1553 785 1597 quibuscumque
800 1552 960 1585 iudicibus
995 1553 1080 1586 dicto
1114 1552 1233 1585 vicario
1269 1552 1445 1596 privative³
1479 1553 1587 1597 quoad
1620 1553 1736 1585 dictam

27 1607 432 1641 ¹³⁰¹²⁶12¹¹⁰¹¹·*·¹·cameratihus
454 1606 484 1639 in
506 1606 625 1639 eisdem
651 1611 734 1639 statu
760 1611 789 1639 et
815 1605 960 1639 terminis
994 1606 1158 1640 Cameram
1185 1612 1214 1638 et
1241 1606 1321 1639 alios
1342 1617 1564 1650 quoscumque
1585 1606 1735 1650 supradi-

1034 965 1050 1005 ξ
1071 962 1101 995 lt.
1126 963 1194 1002 Quo
1221 973 1295 996 vero
1321 963 1360 996 ad
1387 968 1528 996 caeteras
1549 973 1671 1003 causas,
1698 962 1729 995 in
1746 1001 1881 1027 (ingaunis
1913 1002 1934 1021 m

989 1017 1105 1061 quibus
1119 1016 1224 1059 agitur
1237 1017 1345 1059 vigore
1363 1016 1568 1059 obligationis
1590 1026 1732 1050 eamera-
1748 1028 1813 1057 soma
1825 1028 1934 1064 camerae,

989 1070 1037 1110 lis,
1061 1070 1100 1103 sit
1133 1070 1164 1102 in
1193 1070 1351 1104 electione
1377 1070 1537 1103 dictorum
1565 1069 1733 1113 hospitalis
1747 1054 1933 1102 52¹153³⁰‘03¹‡1{'r²33

989 1129 1236 1168 Pl'assssssplffl'flffl
1259 1134 1365 1166 agere,
1387 1124 1434 1157 vel
1456 1134 1564 1157 coram
1586 1123 1732 1157 auditore
1748 1108 1781 1129 ’ω
1796 1113 1903 1128 ‘imnum'

971 1208 973 1215 ,
989 1176 1165 1218 (ἶῑιῐιῑοιᾙρῗ,
1183 1184 1237 1210 aut
1257 1188 1365 1211 coram
1380 1177 1509 1211 vicario.

82 1284 199 1314 nectat-atio

24 1315 76 1342 qnod
91 1314 111 1335 in
131 1317 200 1334 causan

0 1346 1 1349 ¹
24 1340 162 1368 spectantibus
174 1338 200 1359 ml

25 1368 127 1390 eameram
147 1366 200 1391 Apo-

0 1654 1 1657 *
27 1633 105 1654 'mm'
218 1661 248 1694 in
268 1660 384 1705 quibus
411 1660 627 1704 reperiuntur,
653 1665 683 1692 et
704 1659 734 1692 in
757 1659 875 1703 quibus
893 1670 961 1693 mo-

218 1714 375 1755 nasteria,
405 1713 457 1758 pia
489 1714 558 1746 loca
590 1718 621 1746 et
650 1713 790 1758 capitula
823 1713 961 1747 cuiusvis

218 1767 505 1812 praeeminentiae,
522 1767 618 1800 etiam
633 1767 837 1800 basilicarum
852 1767 958 1808 Urbis,

219 1821 442 1865 principaliter
461 1820 592 1853 veniunt
607 1821 646 1854 ad
661 1831 789 1854 causam
805 1822 961 1865 (practer—

220 1885 316 1918 quam
344 1873 399 1907 ubi
428 1874 467 1907 de
495 1873 648 1907 interesse
675 1875 825 1908 Gamerae
858 1875 962 1918 agitur

220 1928 267 1961 vel
288 1927 366 1961 alias
392 1927 632 1961 commissarius
652 1933 761 1961 noster
789 1927 875 1961 venit
902 1938 961 1972 pro

221 1991 278 2014 suo
297 1980 449 2014 interesse
468 1981 507 2014 ad
522 1991 662 2022 causam,
676 1987 729 2013 aut
750 1982 789 2014 de
804 1981 908 2014 causis
922 1982 961 2014 ad

222 2034 434 2068 camerarium
462 2040 492 2067 et
512 2033 678 2068 Cameram
700 2045 736 2068 ex
762 2035 962 2068 constitutio-

221 2089 315 2123 nibus
342 2089 525 2134 apostolicis
557 2089 711 2133 privative
735 2090 843 2133 quoad
869 2089 958 2131 alios,

222 2144 269 2176 vel
291 2144 330 2177 ad
352 2143 523 2187 magistros
540 2143 662 2176 viarum
677 2143 961 2187 spectantibus>ad

222 2207 280 2231 nos
299 2198 414 2230 harum
439 2197 521 2231 serie
542 2207 723 2230 avocamus:
749 2197 883 2242 illasque
912 2209 963 2231 ca-

224 2251 365 2286 merario
388 2257 419 2285 et
439 2251 566 2285 clericis
587 2251 845 2296 praesidentibus
863 2262 963 2285 anno-

223 2315 293 2345 nae,
317 2305 470 2348 giaseiae,
491 2305 704 2346 dohanarum,
722 2305 832 2349 Ripae,
856 2305 964 2349 Ripet-

225 2363 273 2392 tae
293 2364 324 2392 et
351 2359 430 2392 alias
455 2360 493 2392 ad
520 2358 774 2392 iurisdietionem
802 2358 961 2392 dictorum

225 2412 415 2447 clericorum
437 2418 617 2457 spectantes
635 2412 856 2453 cumulative¹‚
875 2412 916 2445 ita
930 2418 963 2445 ut

262 2511 271 2536 t
297 2510 420 2538 Fortasse
437 2510 478 2538 hie
494 2510 571 2537 deest
582 2510 692 2537 verbum
704 2510 920 2542 committimus,
939 2513 965 2535 et

227 2558 281 2581 tota
295 2555 423 2590 periodus
437 2555 475 2583 sic
491 2559 531 2582 est
544 2555 726 2582 construenda
739 2563 743 2581 :
766 2555 889 2589 illasque
900 2563 965 2581 cau-

227 2608 272 2627 sas
287 2603 313 2627 el
328 2602 402 2628 alias
418 2602 455 2628 ad
471 2601 700 2628 iurisdictionem
720 2601 865 2628 dictorum
881 2600 965 2626 cleri·
980 2615 981 2621 κ

228 2651 327 2672 corum
341 2648 494 2679 spectantes
509 2644 713 2672 committimus
728 2643 904 2671 cumulutiee
918 2652 964 2670 ca—

229 2688 356 2716 merario
373 2692 398 2716 et
418 2688 528 2718 clericis
555 2689 817 2725 praesidentibus..
840 2688 964 2716 cumula-

995 1666 1074 1700 ctos,
1098 1661 1221 1692 servata
1243 1660 1345 1693 forma
1365 1660 1393 1692 iu
1414 1660 1565 1693 omnibus
1585 1660 1734 1704 supradi-

996 1712 1052 1745 ctis
1071 1712 1263 1754 causis<tam
1284 1713 1391 1756 quoad
1406 1713 1647 1746 ordinariorum
1665 1723 1740 1757 pro-

996 1776 1119 1799 cessum
1140 1776 1237 1810 quam
1249 1767 1258 1782 ⁴
1278 1766 1316 1799 ad
1330 1766 1580 1810 appellationem
1597 1766 1738 1810 interpo-

995 1819 1148 1863 nendam)
1169 1819 1441 1864 praeinsertarum
1457 1821 1646 1854 litterarum.

1041 1876 1057 1916 g
1076 1873 1244 1917 G.Sicque,
1259 1880 1286 1907 et
1299 1884 1360 1907 non
1373 1874 1476 1916 aliter,
1495 1885 1552 1918 per
1565 1885 1738 1919 quoscum-

996 1927 1386 1971 queiudicesordinarios
1405 1935 1431 1961 et
1453 1928 1628 1971 delegatos,
1642 1928 1736 1961 etiam

996 1991 1166 2015 causarum
1192 1981 1304 2014 Palatii
1326 1981 1499 2025 Apostoliei
1522 1981 1684 2015 auditores
1702 1992 1738 2015 ac

995 2042 1123 2069 sanctae
1160 2036 1324 2068 Romanae
1363 2035 1522 2069 Ecclesiae
1559 2036 1738 2069 cardinales

997 2089 1134 2131 <sublata
1150 2089 1193 2122 eis
1214 2095 1368 2122 eteorum
1397 2089 1530 2122 cuilibet
1549 2089 1660 2133 quavis
1681 2089 1738 2122 ali-

999 2148 1044 2176 ter
1062 2143 1223 2176 iudicandi
1246 2149 1276 2177 et
1293 2143 1526 2187 interpretandi
1548 2143 1696 2177 facultate
1710 2149 1737 2176 ct

996 2241 1059 2272 tire,
1077 2241 1186 2277 inquam
1202 2264 1207 2274 ‚
1226 2242 1268 2269 ila
1289 2244 1319 2268 ut
1343 2241 1379 2268 sit
1406 2242 1433 2268 in
1455 2241 1600 2275 electione,
1623 2244 1690 2267 cte:
1713 2245 1738 2267 at

997 2286 1084 2313 fateor
1100 2295 1141 2313 me
1157 2295 1209 2313 non
1231 2287 1295 2313 satis
1311 2287 1462 2321 intelligere
1478 2288 1573 2321 (thr).

1034 2334 1043 2358 1
1068 2331 1188 2358 Errouee
1209 2332 1272 2358 edit.
1294 2331 1373 2358 Maiu.
1396 2331 1461 2366 legit
1473 2333 1583 2366 possint
1599 2332 1636 2366 (a.
1653 2332 1700 2364 Γ).

1033 2378 1048 2403 2
1063 2376 1133 2403 Edit.
1147 2376 1224 2404 Main.
1239 2377 1303 2412 tegit
1317 2377 1478 2405 camerarii
1496 2382 1530 2411 (n.
1553 2380 1601 2408 τ.).

1033 2421 1048 2447 3
1069 2421 1133 2448 lleic
1149 2421 1246 2448 iteruin
1263 2421 1433 2456 subintellige
1445 2420 1668 2451 committimus;
1685 2418 1739 2454 pri·

998 2466 1094 2499 vative,
1107 2465 1226 2501 inquam,
1241 2466 1337 2501 quoad
1347 2466 1453 2492 dictam
1467 2466 1618 2491 Campi-nm
1631 2468 1656 2490 ct
1667 2464 1740 2492 alios

998 2518 1189 2545 quoscumque
1203 2511 1384 2544 supradiclos
1399 2514 1435 2537 (R.
1457 2510 1506 2536 TA.

1033 2555 1048 2580 A
1067 2554 1245 2589 Subintellige
1265 2563 1332 2589 quo,
1349 2554 1435 2580 idest:
1479 2558 1537 2579 tam
1553 2553 1648 2588 quoad
1663 2553 1739 2581 ordi-

998 2600 1151 2627 nariorum
1173 2608 1339 2634 processum
1353 2608 1442 2633 quam
1458 2599 1553 2632 quoad
1568 2599 1739 2632 appellatio-

998 2652 1064 2670 nem
1083 2644 1339 2678 interponendam:
1367 2642 1414 2669 sed
1439 2643 1497 2678 lege
1523 2642 1604 2669 etiam
1620 2643 1740 2670 ordina-

998 2688 1076 2717 rium
1094 2687 1152 2716 loco
1169 2687 1389 2716 ordinariorum
1406 2689 1443 2721 (n.
1460 2687 1507 2719 τ.).

1785 1882 1896 1903 Demptum
1913 1882 1938 1902 ἰν·

1843 1912 1864 1928 ct
1883 1910 1938 1928 ιἸειυ-

1754 1937 1797 1956 5υ1.ι
1810 1935 1895 1959 scriatim,
1905 1939 1939 1955 stc,

1754 1910 1819 1929 titirus
