2227 3241
86 257 139 283 An:
153 257 174 283 G
203 255 269 283 1607

917 253 1038 278 PAULt'S
1063 254 1082 277 V
1105 254 1155 279 Pr.

1709 242 1773 275 455

283 308 314 336 et
333 302 593 336 ordinationibus
606 302 791 346 apostolicis
811 312 848 335 ac
866 302 898 334 in
919 301 1024 335 conci·
1061 302 1107 334 ria
1126 308 1156 335 et
1178 303 1247 335 loca
1266 302 1480 346 reperiamur,
1505 302 1535 334 in
1557 301 1674 346 quibus
1689 300 1800 334 obser·

282 355 334 389 liis
354 355 449 389 etiam
471 355 676 398 generalibus
693 355 796 396 editis,
821 361 851 388 et
876 365 1027 399 quorum·
1060 355 1167 388 vantia
1191 355 1348 398 regularis
1374 355 1459 388 iuxta
1491 355 1621 388 illorum
1647 354 1802 398 cuiusque

284 421 425 455 cumque
449 410 605 444 Ordinum
633 415 663 443 et
687 410 869 443 Militiarum
896 415 927 442 et
951 409 1026 443 dieti

281 464 451 508 hospitalis
479 463 579 496 sancti
600 463 727 511 Ioannis
746 463 1026 508 Hierosolymitani

282 517 470 562 privilegiis,
494 517 626 550 indultis
641 522 671 550 et
695 517 809 550 litteris
830 517 1024 561 apostolicis,

282 569 476 613 specialibus
495 568 544 602 vel
561 568 778 611 generalibus,
795 578 1028 612 quorumcum-

284 632 347 666 que
371 627 522 655 tenorum
548 621 684 655 existant
708 621 780 665 (per
804 622 1027 665 praesentibus

282 687 348 710 non
374 676 549 721 expressis,
572 676 621 709 vel
646 675 787 709 totaliter
811 686 876 709 nou
901 675 1028 710 insertis

283 730 415 764 effectus
429 739 540 763 earum
559 729 685 762 valeant
703 729 949 773 quomodolibet
970 729 1028 762 im-

282 783 424 828 pediri¹)
450 794 486 816 ac
513 783 583 816 aliis
613 783 801 816 eorumdem
827 783 1027 827 principatus

284 843 316 870 et
336 837 508 870 comitatus
536 836 660 870 statutis
688 842 719 870 et
739 836 1027 869 consuetudinilms

285 890 316 923 in
335 889 533 923 contrarium
556 889 802 934 quomodolibet
823 889 1023 923 facientibus.

283 943 371 982 Quae
403 943 512 976 omnia
543 943 694 976 nolumus
726 943 844 987 cuique
877 943 1027 976 adversus

283 997 461 1040 praemissa
478 997 510 1029 in
537 996 646 1041 aliquo
664 996 842 1039 suffragari.

328 1051 344 1092 ἕ
365 1049 396 1083 5.
420 1049 459 1083 Ut
479 1055 586 1083 autem
608 1055 794 1094 praesentes
807 1050 933 1083 litterae
954 1050 1028 1083 saci-

283 1103 346 1137 lius
367 1104 406 1137 ad
420 1104 567 1137 notitiam
588 1105 819 1148 perducantur,
835 1104 983 1137 volumus
995 1110 1026 1137 ut

284 1168 395 1191 earum
418 1159 573 1202 exempla,
602 1158 697 1191 etiam
724 1159 902 1202 impressa,
930 1169 1026 1192 manu

286 1212 403 1245 notarii
423 1212 544 1256 publici
559 1212 750 1255 subscripta,
768 1218 800 1245 et
820 1211 924 1253 sigillo
937 1222 1028 1255 prae-

283 1267 338 1300 lati
357 1267 563 1300 ecelesiastici
579 1267 757 1309 obsignata,
771 1267 917 1300 eamdem
934 1278 1027 1310 pror-

282 1331 335 1354 sus
353 1320 385 1353 in
403 1320 523 1354 iudicio
541 1327 569 1353 et
584 1326 670 1354 extra
683 1321 761 1354 illud
783 1321 878 1354 fidem
895 1321 1023 1361 saciant,

284 1385 380 1419 quam
400 1375 487 1418 ipsae
508 1380 692 1419 praesentes
707 1375 857 1419 facerent,
879 1374 903 1407 si
922 1375 1027 1408 forent

284 1429 445 1463 exhibitae
462 1429 510 1462 vel
531 1434 686 1462 ostensae.

328 1483 440 1516 Datum
465 1483 585 1516 Romae
606 1483 690 1526 apud
716 1488 863 1515 sanctum
884 1482 1027 1522 Petrum,

283 1535 343 1569 sub
365 1536 484 1569 annulo
505 1536 675 1570 piscatoris
696 1537 746 1569 die
767 1546 865 1569 xxviu
886 1546 1023 1568 novem-

282 1589 349 1623 bris
369 1597 490 1630 uncvir,
513 1590 720 1634 pontificatus
744 1589 846 1623 nostri
872 1599 956 1622 anno
978 1599 1023 1622 ιιι.

320 1652 378 1680 Dat.
401 1653 444 1681 die
464 1653 499 1681 28
518 1653 674 1680 novembris
697 1653 777 1688 16c7,
799 1653 892 1689 pontif.
915 1661 956 1680 an.
980 1659 1016 1679 111.

124 1068 247 1094 Transumpt
252 1067 269 1088 is

85 1096 154 1118 danda
164 1095 225 1117 fides.

613 1780 689 1815 xct.

283 1861 440 1894 Facullas
455 1862 697 1906 archiepiscopo
711 1863 875 1906 Pragyeusi
888 1862 1027 1909 visitan-

329 1915 364 1948 di
384 1917 583 1949 monasteria
607 1920 634 1949 et
659 1921 833 1949 conventus
857 1918 1028 1961 utriusque

328 1979 423 2002 sexus
442 1971 536 2014 reym'
558 1970 756 2004 Boleemiaffl¹

336 2051 507 2078 Venerabili
523 2052 610 2078 fratri
628 2053 730 2079 carolo
746 2052 974 2086 archiepiscopo

583 2097 726 2130 Praqensi

519 2141 629 2168 Paulus
652 2143 729 2175 Papa
753 2142 784 2169 V.

489 2203 675 2230 Venerabilis
705 2203 800 2230 frater
813 2224 819 2234 ‚

321 2247 453 2274 satutem
469 2249 498 2274 et
519 2246 719 2280 apostoticam·
738 2247 991 2275 benedictionem.

132 2326 154 2346 lu
169 2325 271 2346 Bubeium

86 2352 188 2377 regutaris
199 2352 270 2372 obscr-

88 2379 158 2399 vanua
191 2378 270 2399 tabesa-

87 2406 152 2426 ctata.

331 2320 348 2361 ξ
369 2318 398 2351 Ἰ.
426 2319 514 2358 Cum,
541 2318 622 2351 sicut
644 2318 847 2362 accepimus,
872 2319 903 2351 iu
929 2330 1028 2361 regno

286 2371 458 2405 Bohemiae
476 2371 676 2404 diversorum
691 2371 846 2405 Ordinum
871 2378 1030 2405 monaste-

323 2453 333 2477 i
357 2451 433 2478 Istud
454 2459 561 2477 comma
582 2452 655 2486 quod
678 2451 783 2478 uncinis
809 2453 973 2479 inclusimus
994 2453 1030 2479 vi-

286 2495 449 2522 deretursic
468 2503 529 2522 esse
549 2496 771 2523 emendandum:
791 2506 846 2532 per
860 2506 934 2531 quae
944 2506 1030 2531 prae-

285 2542 407 2569 sentibus
423 2549 478 2568 non
495 2550 626 2577 expressa
642 2544 685 2569 ee!
701 2544 828 2572 totaliter
845 2552 899 2570 nou
920 2545 1029 2570 inserta

286 2586 397 2620 effectus
418 2595 520 2614 earum
543 2588 636 2615 valeat
661 2589 873 2622 quomodolibet
889 2589 1029 2623 'impediri

286 2633 367 2664 prout
381 2630 444 2657 alibi
460 2630 556 2666 legitur
571 2636 611 2665 (n.
627 2634 672 2665 r).

322 2674 338 2701 ⁶2
358 2674 394 2702 Ex
415 2675 522 2712 Regest.
546 2676 571 2703 in
592 2678 697 2705 Secret.
722 2677 798 2705 Brer.

1062 409 1223 451 regularia
1244 409 1387 442 instituta
1418 419 1483 442 non
1508 408 1587 442 nihil
1613 408 1804 442 labefactata

1062 462 1198 503 videtur,
1217 473 1253 495 ac
1267 462 1393 495 divinus
1409 462 1523 501 cultus,
1544 472 1603 495 nec
1621 472 1686 494 non
1700 461 1804 495 omnis

1062 515 1144 548 bene
1157 521 1186 548 et
1206 515 1363 549 catholice
1380 515 1503 549 vivendi
1518 515 1599 548 ratio
1617 515 1758 559 tepescit,
1776 519 1804 548 et

1063 573 1219 612 quatenus
1232 568 1342 612 plures
1355 569 1513 602 dictorum
1532 567 1803 601 monasteriorum

1063 622 1214 655 monaehi
1236 628 1402 666 praetextu
1417 627 1445 655 ct
1464 623 1575 667 clypeo
1590 621 1804 666 exemptionis

1063 676 1228 709 licentiose
1250 682 1276 708 et
1304 676 1491 709 scandalose
1511 676 1631 715 vivun13

1108 731 1123 771 ξ
1150 729 1179 762 2).
1210 730 1272 762 Nos
1304 729 1489 762 huiusmodi
1524 729 1739 763 incommodis
1764 730 1802 763 de

1062 784 1185 828 optimo
1206 783 1351 816 remedio
1376 783 1545 827 providere
1566 783 1742 827 cupientes,
1767 794 1803 817 ac

1063 837 1177 870 deluis
1198 837 1392 879 integritate,
1410 837 1606 881 experientia
1621 843 1649 870 et
1665 837 1803 870 circum-

1062 891 1227 934 spectione
1253 891 1283 923 in
1316 891 1364 924 liis
1400 901 1437 925 ae
1469 890 1540 923 aliis
1571 891 1744 935 specialem
1770 891 1800 924 in

1062 945 1198 979 Domino
1216 945 1366 979 fiduciam
1386 945 1577 985 obtinentes,
1595 951 1625 978 et
1638 950 1803 988 sperantes

1063 1001 1149 1044 quod
1165 1010 1212 1040 ea,
1231 1011 1311 1044 quae
1326 1006 1396 1033 tuae
1408 999 1606 1047 prudentiae·
1618 999 1803 1032 duxerimus

1063 1054 1306 1093 committenda,
1336 1054 1486 1087 fidelibus
1506 1053 1619 1087 studiis
1639 1059 1670 1086 et
1695 1055 1803 1086 exacta

1063 1107 1228 1150 diligentia
1251 1108 1438 1151 exequeris3
1458 1113 1547 1140 motu
1572 1107 1718 1151 proprio,
1738 1117 1802 1140 non

1063 1161 1101 1194 ad
1125 1167 1210 1194 tuam
1239 1161 1284 1194 vel
1312 1161 1442 1194 alterius
1467 1171 1526 1204 pro
1548 1166 1577 1193 te
1597 1160 1690 1194 nobis
1707 1170 1805 1204 super

1063 1214 1124 1247 boc
1145 1215 1272 1248 oblatae
1292 1214 1455 1258 petitionis
1474 1214 1669 1255 instantiam,
1690 1214 1744 1247 sed
1766 1214 1805 1247 de

1062 1269 1169 1301 nostra
1189 1270 1276 1301 mera
1296 1268 1537 1308 deliberatione,
1559 1278 1595 1301 ac
1616 1268 1655 1301 de
1675 1278 1806 1301 venera-

1062 1324 1174 1356 bilium
1198 1324 1333 1356 fratrum
1360 1329 1545 1355 nostrorum
1565 1323 1594 1356 S.
1619 1323 1655 1356 R.
1676 1323 1709 1356 E.
1734 1334 1804 1356 car—

1063 1377 1217 1410 dinalium
1248 1388 1345 1421 super
1371 1377 1636 1421 interpretatione
1658 1377 1806 1411 decreto-

1065 1443 1133 1464 rum
1149 1432 1229 1465 sacri
1240 1431 1370 1464 Concilii
1383 1431 1562 1464 Tridentini
1578 1432 1805 1475 deputatorum

1063 1486 1221 1527 consilio,
1251 1492 1301 1525 te,
1330 1485 1598 1529 quotiescumque
1622 1486 1806 1530 superiores

1062 1545 1093 1573 et
1123 1540 1302 1573 visitatores
1331 1541 1497 1582 regulares
1526 1540 1806 1584 infrascril‘itorum

1061 1594 1216 1627 Ordiuum
1243 1604 1260 1626 a
1285 1593 1467 1626 visitatione
1489 1603 1620 1626 suorum
1640 1600 1803 1627 monaste-

1061 1647 1182 1680 riorum
1202 1647 1344 1692 quolibet
1373 1657 1458 1680 anno
1483 1647 1688 1687 cessaverint,
1713 1648 1807 1682 toties

1062 1712 1119 1745 pro
1137 1701 1181 1734 eis
1203 1707 1233 1734 et
1252 1701 1398 1745 quolibet
1416 1712 1500 1735 anno
1525 1701 1722 1735 visitatorem
1738 1713 1807 1736 om-

1062 1755 1150 1788 nium
1170 1761 1200 1788 et
1220 1755 1423 1798 singulorum
1440 1755 1725 1797 monasteriorum,
1750 1757 1808 1790 do-

1062 1819 1188 1842 morum
1227 1815 1257 1842 et
1293 1809 1520 1851 religiosorum
1557 1809 1716 1850 locorum,
1741 1815 1806 1842 tam

1061 1863 1205 1896 virorum
1237 1873 1333 1907 quam
1370 1863 1544 1895 mulierum
1560 1890 1567 1903 ‚
1598 1863 1697 1896 totius
1730 1864 1806 1897 dicti

1062 1917 1151 1959 regni
1167 1917 1339 1950 Bobemiac
1354 1927 1637 1961 quorumcumque
1651 1917 1806 1951 Ordinum

1062 1977 1089 2004 et
1105 1982 1122 2003 a
1142 1970 1374 2009 iurisdictione,
1392 1970 1571 2003 visitatione
1586 1976 1616 2003 et
1633 1971 1808 2005 correctio-

1062 2035 1101 2057 ne
1117 2024 1187 2064 tuis,
1206 2034 1241 2057 ae
1263 2022 1410 2056 illorum¹
1431 2023 1686 2065 Ordinariorum‚
1712 2024 1806 2058 etiam

1063 2089 1120 2122 per
1138 2077 1267 2121 quaevis
1285 2077 1463 2121 privilegia,
1481 2077 1603 2111 indulta
1618 2079 1805 2122 apostolica,

1064 2137 1119 2164 aut
1138 2131 1215 2163 alias
1236 2131 1482 2174 quon‘iodolibet
1503 2137 1724 2176 exemptorum
1741 2159 1748 2173 ,
1772 2144 1809 2166 ae

1063 2185 1156 2218 nobis
1174 2191 1204 2218 ct
1220 2185 1293 2218 Sedi
1316 2185 1517 2229 Apostolicae
1543 2186 1729 2219 immediate
1754 2197 1808 2219 su-

1063 2239 1256 2279 biectorum,
1277 2239 1453 2282 apostolica
1474 2239 1673 2280 auctoritate,
1696 2246 1807 2273 tenore

1063 2293 1283 2337 praesentium
1300 2320 1306 2333 ‚
1339 2293 1378 2326 ad
1413 2293 1585 2326 triennium
1622 2294 1806 2338 proximum

1064 2347 1289 2379 constituimus
1308 2352 1338 2379 ct
1358 2348 1559 2391 deputamus.

1109 2400 1170 2443 3⁴3.
1196 2402 1239 2434 Ae
1258 2401 1311 2433 tibi
1332 2407 1494 2444 tamquam
1517 2411 1533 2433 a
1552 2401 1633 2433 divi-a
1649 2400 1729 2435 Sede
1751 2402 1806 2436 de-

1064 2454 1180 2497 legato,
1199 2460 1232 2486 ut
1251 2454 1281 2486 in
1301 2460 1368 2487 toto
1394 2465 1493 2496 regno
1520 2454 1690 2487 bohemiae
1715 2465 1806 2498 prae-

1064 2507 1149 2540 dicto
1166 2507 1195 2540 in
1212 2507 1470 2551 quilmscumque
1486 2507 1631 2541 civilibus
1652 2514 1679 2541 et
1702 2508 1807 2541 crimi-

1064 2560 1188 2594 nalibus
1203 2561 1249 2593 vel
1265 2561 1369 2593 mixtis
1380 2560 1604 2594 causiscontra
1618 2562 1805 2605 quorumvis

1102 2679 1109 2704 l
1134 2678 1231 2712 Aptius:
1252 2678 1342 2705 forsan
1364 2679 1501 2712 legeretur
1520 2677 1646 2706 aliorum
1662 2679 1699 2713 (n.
1719 2679 1766 2706 ΤΛ,

1820 249 1909 278 Aac.
1934 250 1998 277 1607

1906 743 2003 763 Pontifex

1817 769 2003 795 archiepiscopum

1818 796 1944 822 Pragensem
1955 796 2002 816 vist-

1818 825 1906 843 latorem
1922 825 1996 849 aposto

1817 850 1880 870 licum
1902 852 1961 870 creat
1975 850 2003 872 ad

1818 877 1937 897 triennium.

1863 2422 2005 2447 stpportuuas-

1823 2455 1863 2474 que
1880 2448 1953 2469 tribuit
1975 2448 2005 2468 sa-

1821 2476 1917 2496 cultures.
