2227 3241
28 267 76 295 An.
92 266 121 293 C.
143 263 211 292 ¹604

53 1027 172 1050 Exordium.

63 1401 113 1422 orta
126 1402 208 1422 contro-

30 1429 97 1450 versia
146 1433 209 1453 super

29 1453 89 1476 modo
110 1453 209 1474 visitandi

29 1481 208 1507 congregationem

30 1507 177 1532 [aumantium

44 1879 136 1901 clemen«
150 1879 210 1901 Inno-

31 1907 92 1937 cenui
104 1906 148 1928 viu
157 1907 211 1928 une-

32 1938 64 1955 η·
73 1935 156 1954 mom
166 1940 171 1958 ;

830 264 968 288 Ctmtnus
993 264 1050 288 vttt
1076 265 1122 288 Pt’.

499 312 682 348 CCCLXVH.

222 419 392 453 Innovatio
426 424 453 452 et
491 419 665 452 declaratio
696 419 959 452 constitutioimm

267 472 429 505 editarum
453 473 494 505 ab
517 472 704 505 Innocentio
739 471 819 504 VIII
847 475 876 503 el
909 470 963 503 Iu-

268 525 311 558 lio
332 525 390 558 III
409 536 503 568 super
527 526 598 558 iure
622 530 649 558 et
673 525 775 563 modo,
796 535 855 568 quo
870 524 963 566 prior

265 579 428 621 qeneralis
451 579 594 621 fratrum
618 579 840 612 Eremilarum
860 577 963 610 Ordi-

266 633 318 665 nis
331 633 436 666 sancti
449 633 626 675 Anyuscini
639 633 774 665 visitare
784 632 881 674 possit
897 631 962 663 loca

266 692 296 718 et
316 695 472 728 personas
504 686 772 728 confirmationi<
804 685 960 717 Lonibar-

267 740 338 772 diae
361 739 500 772 eiusdem
526 738 661 773 Ordinis
675 740 694 771 ¹.

431 855 565 884 Clemens
581 856 660 890 Papa
674 856 757 888 VIII,

343 909 379 936 ad
399 912 576 944 perpetuam
595 910 640 937 rei
660 909 842 947 memoriam.

266 1008 309 1041 Ex
337 1008 481 1041 iniuncto
509 1008 602 1042 nobis
623 1008 790 1052 apostolici
821 1007 983 1040 muneris*

223 1061 342 1101 debito,
363 1061 593 1094 controversiis
613 1069 642 1094 et
670 1061 858 1094 differentiis
880 1061 966 1093 inter

221 1114 390 1157 religiosos
419 1115 618 1148 vertentibus
646 1115 743 1148 finem
770 1115 962 1158 imponere,

222 1178 258 1201 ac
275 1168 414 1212 desuper
431 1169 470 1201 de
491 1173 676 1211 opportuno
697 1167 842 1201 remedio
860 1166 966 1211 provi-

222 1222 299 1255 dere
317 1227 478 1263 tenemur,
495 1228 591 1266 prout
606 1222 656 1255 ius
670 1227 701 1255 et
715 1222 796 1254 ratio
814 1222 965 1265 postulat⁷

223 1286 259 1309 ac
272 1275 350 1309 alias
364 1275 396 1308 in
407 1276 546 1309 Domino
559 1275 733 1309 salubriter
750 1275 966 1319 conspicimus

224 1329 386 1374 expedire.

268 1383 284 1426 ξ
304 1382 333 1415 t.
359 1383 436 1417 Cum
455 1383 565 1427 itaque
585 1384 707 1417 dudum
731 1384 814 1416 inter
832 1383 966 1416 dilectos

223 1435 308 1469 filios
324 1436 466 1479 priorem
485 1437 668 1479 generalem
687 1437 814 1470 Ordinis
831 1437 966 1469 fratrum

223 1489 437 1523 Eremitarum
456 1490 557 1523 sancti
575 1490 743 1533 Augustini
765 1490 898 1534 eiusque
919 1500 966 1522 as-

223 1542 370 1577 sistentes
391 1553 426 1576 ex
448 1545 510 1576 una
524 1571 531 1584 ,
551 1549 582 1576 et
601 1543 756 1577 vicarium
778 1544 965 1585 generalem

224 1602 256 1630 et
286 1597 400 1630 fratres
428 1596 694 1640 Congregationis
719 1607 775 1630 seu
800 1597 986 1630 Societaus·

224 1650 437 1684 Lombardiae
464 1650 609 1684 eiusdem
641 1650 769 1684 Ordinis
800 1661 837 1684 ex
866 1651 966 1684 altera

223 1703 391 1748 partibus,
430 1704 668 1738 controversiae
700 1715 738 1738 ac
767 1704 967 1739 differentiae

224 1768 322 1802 super
341 1758 422 1799 iure,
447 1759 544 1792 modo
565 1764 596 1791 et
615 1759 718 1792 forma
738 1759 898 1800 visitandi,
922 1770 969 1792 re-

225 1811 352 1855 busque
370 1811 440 1845 aliis
461 1811 640 1854 viguerint,

269 1864 284 1908 ἓ
301 1864 332 1897 2.
355 1865 484 1908 Nosque
500 1864 570 1897 illas
588 1865 620 1897 in
638 1865 891 1908 congregatione
908 1865 967 1898 Re-

225 1917 427 1951 sormationis
441 1917 676 1951 etVisitationis
688 1918 892 1961 Apostolicae
906 1929 985 1951 ma-·

225 1977 296 2005 ture
308 1971 423 2005 discuti
438 1977 468 2005 et
485 1971 660 2005 examinari
681 1972 862 2013 fecerimus,
887 1978 917 2005 et
936 1973 966 2005 in

225 2025 338 2058 eadem
360 2025 612 2067 congregatione
636 2026 751 2058 ambae
772 2031 877 2069 partes
898 2026 968 2069 plu-

224 2077 287 2111 ries
300 2078 419 2112 fuerint
432 2078 560 2112 auditae
572 2090 579 2119 ;
603 2089 689 2112 nunc
707 2079 893 2112 huiusmodi
908 2080 968 2113 dis-

224 2131 374 2165 serentias
392 2137 422 2164 et
440 2132 677 2165 controversias
691 2143 707 2165 e
721 2132 829 2166 medio
845 2133 967 2174 tollere,

225 2195 262 2219 ac
281 2185 449 2229 utriusque
467 2186 566 2230 partis
586 2186 686 2230 quieti
708 2187 893 2230 prospicere
914 2197 968 2220 vo-

225 2239 337 2279 lentes,
350 2249 385 2272 ac
399 2239 541 2283 priorem
560 2239 757 2282 generalem,
771 2240 964 2281 assistentes,

226 2297 258 2326 et
275 2292 429 2326 vicarium
448 2293 645 2335 generalem,
663 2298 693 2326 et
714 2294 828 2326 tratres
841 2294 968 2327 univer-

226 2355 278 2379 sos
310 2344 442 2380 Ordinis
474 2352 505 2379 et
537 2346 804 2388 Congregationis
832 2348 967 2390 praedi—

228 2404 352 2432 ctorum
379 2410 397 2432 a
417 2399 582 2443 quibusvis
609 2400 965 2440 excommunicationis,

227 2452 446 2496 suspensionis
466 2458 496 2486 et
517 2452 690 2494 interdicti,
714 2453 849 2497 aliisque
871 2454 969 2486 eccle-

265 2586 276 2612 1
299 2586 540 2622 Congregationem
560 2586 638 2614 istam
651 2586 766 2614 seiunxit
782 2587 920 2622 Eugenius
935 2586 967 2613 tv

229 2629 256 2655 in
285 2631 333 2656 sua
360 2629 473 2658 Constit.
495 2638 546 2657 xxx
577 2631 735 2665 Reyim't'ni.
762 2631 837 2658 Tom.
862 2637 896 2665 ν,
920 2640 968 2666 pa-

229 2674 292 2709 gina
312 2674 358 2702 70.

977 312 1134 361 lsiasticis
1154 311 1331 351 sententiis,
1356 310 1499 344 censuris
1519 315 1550 342 et
1570 308 1695 352 poenis,
1722 318 1739 340 a

977 366 980 417 '1
997 365 1066 398 iure
1086 366 1134 398 vet
1155 366 1193 398 ab
1215 365 1358 403 homine,
1376 363 1487 408 quavis
1505 363 1676 396 occasione
1691 362 1739 394 vel

978 420 980 466 ξ
997 421 1092 451 causa
1106 418 1188 456 latis,
1209 419 1232 450 si
1252 418 1369 462 quibus
1383 416 1630 461 quomodolibet
1645 415 1739 448 inno-

979 471 1060 504 :dati
1093 471 1250 511 existunt,
1274 472 1313 503 ad
1342 471 1491 504 effectum
1521 469 1739 514 praesentium

979 505 981 568 i
998 525 1160 558 dumtaxat
1173 525 1449 568 consequendmn,
1463 525 1576 557 barum
1591 523 1674 557 serie
1686 523 1741 556 ab·

979 573 981 618 'l
997 579 1155 612 solventes
1167 584 1196 611 et
1209 578 1372 611 absolutos
1383 578 1449 611 sore
1462 583 1641 618 censentes,
1651 583 1741 610 motu

979 619 1130 679 lproprio
1157 637 1187 665 et
1209 643 1245 665 ex
1267 635 1353 665 certa
1384 632 1533 671 seientia,
1557 642 1594 664 ac
1616 633 1741 664 matura

979 683 1231 718 ldeliberatione
1257 685 1392 725 nostris,
1418 686 1523 728 deque
1543 685 1741 728 apostolicae

979 747 982 765 t
999 738 1164 782 potestatis
1181 738 1395 782 plenitudine,
1413 739 1612 771 declarantes
1631 739 1662 771 in
1676 738 1742 782 pri-

980 788 1058 829 {mis
1079 798 1106 825 et
1130 798 1203 825 ante
1222 793 1342 830 onmia,
1368 793 1483 825 mentis
1504 798 1530 825 et
1555 792 1742 826 intentionis

980 851 1128 879 ,nostrae
1149 856 1212 879 non
1245 846 1341 879 fuisse
1362 857 1420 879 nec
1450 857 1539 883 esse,
1569 847 1599 879 in
1629 846 1743 880 litteris

980 895 1116 948 gnostris
1136 899 1166 931 in
1201 900 1303 932 forma
1332 900 1439 932 Brevis
1467 900 1526 932 sub
1548 900 1659 932 datum
1691 899 1742 933 die

981 949 982 958 ¹
999 963 1056 986 x111
1075 953 1142 986 iulii
1161 953 1339 996 praesentis
1363 954 1436 986 anni
1459 963 1557 987 iuncti·
1571 952 1742 998 expeditis⁴

999 1017 1096 1050 super
1115 1006 1296 1040 visitatione
1318 1018 1375 1051 per
1395 1007 1535 1051 priorem
1559 1007 1743 1046 ¹eeneralem

1000 1059 1145 1092 facienda
1161 1059 1192 1092 in
1207 1060 1358 1092 domibus
1375 1060 1640 1102 Congregatiouis
1654 1060 1744 1093 Lom-

1000 1113 1132 1146 bardiae
1153 1114 1308 1156 (quarum
1344 1119 1488 1147 tenorem
1520 1113 1744 1157 praesentibus

1000 1177 1059 1211 pro
1080 1177 1229 1210 expresso
1251 1167 1361 1200 baberi
1384 1168 1561 1208 volumus),
1592 1168 1744 1200 recedere

1001 1231 1018 1253 a
1039 1220 1249 1264 dispositione
1271 1227 1301 1253 et.
1319 1221 1489 1264 privilegio
1510 1221 1610 1254 felicis
1630 1232 1741 1254 reeor-

1001 1274 1139 1307 dationis
1157 1274 1334 1307 Innocentii
1357 1275 1462 1317 Papae
1478 1273 1540 1307 vltl
1558 1275 1745 1318 praedeees-

983 1335 985 1359 2,
1001 1327 1083 1360 soris
1103 1328 1202 1360 nostri
1223 1336 1321 1371 super
1335 1328 1447 1360 eadem
1466 1327 1647 1361 visitatione
1661 1338 1746 1361 ema-

1001 1381 1096 1421 nans,
1120 1387 1150 1414 et
1175 1381 1214 1414 ab
1236 1381 1355 1414 eisdem
1380 1381 1526 1424 partibus
1553 1382 1690 1425 receptis
1716 1387 1747 1414 et

1002 1434 1173 1477 acceptatis
1193 1434 1225 1466 in
1246 1435 1421 1467 concordia
1439 1435 1478 1467 de
1495 1444 1580 1467 anno
1600 1445 1679 1468 ,unm
1701 1435 1747 1467 in-

1003 1493 1050 1520 ter
1063 1498 1116 1520 eas
1131 1487 1206 1520 inita
1221 1487 1387 1531 (quarum‘2
1400 1488 1495 1521 etiam
1515 1493 1642 1521 tenores
1655 1499 1748 1532 prae-

1001 1541 1145 1574 sentibus
1166 1541 1287 1584 pariter
1308 1552 1366 1585 pro
1388 1542 1545 1585 expressis
1567 1542 1678 1575 baberi
1698 1553 1747 1574 ro-

1002 1596 1133 1638 lumus),
1161 1595 1217 1628 sed
1249 1595 1393 1628 eiusdem
1426 1602 1553 1629 nostrae
1580 1596 1696 1628 mentis
1717 1603 1747 1629 et

1002 1649 1188 1683 intentionis
1210 1649 1306 1682 fuisse
1328 1656 1357 1682 et
1379 1660 1447 1683 esse
1479 1656 1620 1683 statuere
1641 1656 1671 1683 et.
1692 1650 1746 1682 de-

1002 1713 1134 1736 cernere
1162 1709 1260 1747 prout
1277 1703 1308 1736 in
1330 1703 1424 1736 dietis
1441 1704 1612 1747 privilegio
1628 1710 1658 1737 et
1671 1714 1746 1737 con-

1002 1757 1111 1791 cordia
1132 1758 1333 1797 continetur,
1362 1764 1388 1790 et
1416 1757 1629 1791 nihilominus
1655 1769 1747 1802 prae-

1002 1811 1104 1845 dictas
1121 1817 1245 1844 nostras
1265 1812 1305 1845 ad
1326 1812 1562 1856 praescriptum
1587 1812 1745 1856 privilegii

1002 1870 1032 1898 et
1049 1865 1243 1898 concordiae
1260 1865 1447 1898 huiusmodi
1466 1866 1668 1906 reducentes,
1693 1865 1747 1898 ha—

1002 1930 1073 1951 rum
1094 1918 1176 1952 serie
1203 1925 1360 1963 perpetuo
1381 1919 1551 1952 statuimus
1565 1925 1606 1967 ¹et
1630 1920 1744 1953 decer-

1002 1972 1128 2006 nimus:

1047 2026 1063 2068 ς
1085 2026 1116 2058 3.
1138 2026 1230 2065 Quod
1253 2027 1347 2059 liceat
1364 2027 1465 2070 priori
1487 2028 1641 2070 generali,
1666 2038 1746 2071 quo-

1003 2080 1061 2113 ties
1092 2080 1121 2113 ei
1149 2081 1329 2124 placuerit,
1364 2091 1422 2124 per
1451 2092 1484 2114 se
1517 2081 1648 2114 insimul
1673 2093 1744 2115 cum

1002 2143 1067 2166 uno
1082 2143 1118 2166 ex
1131 2133 1351 2167 visitatoribus
1364 2134 1526 2167 societatis
1546 2135 1743 2171 huiusmodi,

1002 2198 1099 2230 quem
1117 2188 1156 2220 ad
1178 2187 1239 2220 ltoc
1260 2188 1386 2220 duxerit
1404 2188 1602 2227 eligendum,
1620 2189 1668 2221 vel
1690 2199 1747 2231 per

1003 2240 1159 2274 vicarium
1182 2241 1325 2274 eiusdem
1348 2242 1511 2275 societatis
1525 2243 1701 2281 dumtaxat,
1717 2248 1747 2275 et

1003 2304 1066 2327 non
1089 2305 1147 2337 per
1167 2294 1278 2333 alium,
1300 2305 1397 2328 unam
1417 2296 1463 2328 vel
1482 2296 1590 2339 plures
1612 2296 1744 2327 domum

1002 2347 1049 2379 vel
1072 2347 1196 2387 domos,
1218 2358 1255 2380 ae
1275 2348 1377 2392 ipsam
1399 2349 1584 2381 societatem
1604 2348 1742 2381 visitare.

1047 2400 1108 2442 §sa
1130 2402 1174 2434 Ac
1193 2402 1329 2434 ulterius
1343 2403 1491 2435 volumus
1510 2409 1537 2435 et
1554 2403 1745 2435 mandamus

1002 2459 1037 2486 ut
1057 2454 1087 2486 in
1109 2454 1290 2487 visitatione
1312 2455 1499 2489 huiusmodi
1531 2456 1620 2499 prior
1642 2466 1742 2497 {zene-

981 1070 983 1077 i

981 1101 983 1114 l

981 1115 983 1128 4

1039 2589 1048 2614 1
1073 2588 1142 2615 Istae
1159 2588 1254 2616 literae
1268 2612 1274 2622 ‚
1291 2597 1359 2625 quae
1376 2588 1408 2615 ad
1425 2588 1494 2616 lium·
1519 2593 1617 2617 tomum
1639 2595 1744 2626 specta-

1002 2636 1072 2665 rent,
1085 2632 1216 2660 haetenus
1235 2642 1286 2660 non
1304 2634 1430 2668 leguntur
1450 2634 1475 2660 in
1492 2635 1627 2662 stultat-io
1646 2637 1683 2670 (n.
1696 2642 1719 2661 Τ.
1739 2658 1743 2662 .

985 2707 986 2710 ¹
1036 2677 1052 2702 2
1072 2677 1168 2712 Aptius
1188 2678 1325 2712 tegeretur
1345 2686 1466 2712 quorum
1490 2680 1529 2705 rel
1550 2680 1633 2707 cuius
1652 2682 1689 2714 (tt.
1706 2685 1741 2715 r).

1639 249 1703 282 165
1750 258 1798 284 An.
1815 257 1845 283 c.
1868 257 1936 284 icet

1813 2043 1837 2063 Et
1853 2043 1947 2063 declarat

1763 2070 1840 2090 itii-tam
1856 2070 1949 2093 Congri-

1763 2099 1867 2122 gultmwm
1898 2102 1947 2115 iist-

1762 2123 1846 2143 muntani
1869 2129 1916 2143 esse
1937 2128 1948 2142 a

1762 2150 1855 2174 ueiiurali
1898 2155 1944 2169 rum

1762 2183 1828 2196 ἧινίῖΙυ»

1789 2419 1825 2439 (Tui
1843 2419 1905 2440 ‘xl-edi
1915 2427 1948 2439 vi«

1762 2447 1809 2466 iltuit
1839 2450 1868 2466 e<t
1896 2449 1948 2466 latii-

1762 2479 1788 2500 qu
1798 2479 1823 2493 ini
1856 2474 1947 2499 (longia--
