2227 3241
64 227 112 254 An.
130 226 160 254 C.
180 225 247 253 1603

68 554 177 577 Contraria
187 555 244 576 toltit.

97 1089 160 1109 Fides
175 1088 245 1109 danda

62 1117 206 1142 transumptus.

86 2169 229 2191 Prooemium.

87 2421 207 2442 nectat-atto
217 2422 243 2443 du

62 2454 104 2476 qua
120 2450 140 2470 in
151 2449 243 2470 rubrica.

874 225 1020 250 CLEMENS
1043 226 1099 249 Vltt
1121 226 1170 250 Pr.

261 284 412 308 censuras
430 279 461 307 et
477 284 597 318 poenas
614 273 856 314 ecclesiasticas,
878 273 1006 317 aliaque

261 332 445 371 opportuna
469 327 549 360 iuris
569 332 599 361 et
620 327 692 360 sacti
714 326 868 368 remedia,
897 327 1006 370 appel-

260 381 380 414 latione
405 381 595 425 postposita,
624 381 879 424 compescendo,
913 379 1005 414 invo-

261 439 331 467 cato
349 434 446 467 etiam
464 434 591 475 adhoc,
611 434 637 467 si
658 444 739 478 opus
760 433 867 475 fuerit,
884 433 1004 466 auxilio

260 487 385 520 brachii
409 488 594 521 saecularis.

306 543 322 584 g
344 541 395 575 10.
412 542 482 575 Non
503 541 705 575 obstantibus
720 541 1005 576 constitutionibus

261 599 292 628 et
305 595 563 629 ordinationibus
576 596 770 639 apostolicis,
788 606 824 629 ac
838 595 1005 640 utriusque

260 647 388 682 Ordinis
411 649 666 693 praedictorum,
687 649 784 683 etiam
802 649 1002 690 iuramento,

260 703 507 736 confirmatione
533 703 710 748 apostolica
734 703 782 737 vel
808 703 920 747 quavis
949 703 1005 736 str-

259 756 370 790 mitate
395 757 457 790 alia
476 756 650 797 roboratis,
667 757 794 790 statutis
819 762 849 790 et
870 767 1006 790 consue-

260 809 435 851 tudinibus,
458 809 636 854 privilegiis
653 821 797 854 quoque,
821 810 955 844 indultis
976 816 1005 844 et

259 862 372 897 litteris
385 863 582 908 apostolicis,
599 863 632 896 in
641 863 838 897 contrarium
850 864 1006 907 praemis—

259 927 380 960 sorum,
398 916 519 950 eisdem
540 916 725 957 Ordinibus,
743 922 797 950 aut
810 916 1005 961 cuicumque

260 969 389 1004 illorum
404 971 574 1012 concessis,
591 970 791 1005 confirmatis
804 976 833 1005 et
846 971 1006 1015 approha-

261 1024 309 1066 tis‚
325 1025 525 1069 caeterisque
546 1025 715 1059 contrariis
731 1024 1002 1069 quibuscumque.

306 1082 321 1121 ξ
348 1078 399 1112 11.
427 1079 582 1113 Volumus
604 1085 712 1113 autem
734 1085 768 1113 ut
786 1079 1004 1123 praesentium

261 1132 481 1177 transumptis,
509 1132 606 1166 etiam
631 1132 806 1176 impressis,
830 1143 927 1166 manu
948 1143 1006 1167 no-

261 1185 334 1219 tarii
359 1186 483 1229 publici
507 1186 708 1230 subscriptis,
737 1191 797 1219 etc,

305 1240 372 1273 Dat.
409 1239 536 1273 Tusculi
573 1240 632 1273 sub
675 1240 796 1274 annulo
834 1240 1006 1275 Piscatoris

262 1292 314 1326 die
335 1303 355 1326 11
377 1293 518 1326 octobris
533 1303 647 1334 MDCIH,
673 1293 881 1337 pontificatus
902 1294 1003 1328 nostri

261 1357 346 1380 anno
371 1357 427 1381 x11.

295 1409 356 1437 Dat.
378 1408 422 1436 die
441 1410 457 1436 2
476 1410 595 1437 octobris
617 1410 695 1443 1503,
717 1411 813 1446 pontif.
836 1419 878 1437 an.
902 1418 948 1438 xit.

551 1545 709 1579 CCCXXX.

259 1617 391 1651 Fratres
421 1617 518 1651 Tertii
543 1616 675 1651 Ordinis
705 1619 810 1651 sancet
834 1617 1004 1652 Francisci

303 1672 396 1714 reynz'
419 1671 585 1705 Francz'cce
612 1671 831 1705 subi'z'ciuntur
853 1673 1005 1705 ministro

303 1724 449 1769 qenerctlz'
475 1724 608 1758 Ordinis
637 1726 742 1759 sancti
773 1726 945 1760 Franrt'sci
968 1726 1005 1759 tle

309 1778 535 1819 Observantici,
561 1783 589 1812 et
613 1780 832 1813 commissario
858 1780 1005 1823 [seneroti

303 1832 564 1867 ultramontanae
581 1833 734 1876 famniae
752 1834 916 1877 praedicti
944 1833 1004 1867 Or-

304 1887 404 1927 dinis,
429 1897 486 1920 nec
517 1897 581 1920 non
611 1888 832 1920 commissario
856 1887 1005 1931 (senercdz'

303 1941 467 1974 nationali·
491 1941 655 1974 Franciac
668 1940 689 1973 ⁴.

465 2030 600 2057 clemens
621 2031 700 2064 Papa
718 2031 795 2063 vm,

384 2087 418 2112 ad
438 2087 613 2119 perpetuam
632 2086 678 2112 rei
698 2085 877 2113 memoriam.

302 2156 346 2189 Ex
370 2155 516 2189 iniuncto
541 2156 634 2189 nobis
662 2157 832 2200 pastoralis
862 2157 1006 2190 muneris

259 2210 368 2244 debito
390 2209 626 2252 Religiosorum
641 2220 923 2254 quorumctunque
943 2215 1006 2243 sta-

259 2263 304 2297 tui
328 2274 484 2308 prospere
508 2263 678 2305 dirigendo
709 2263 848 2296 libenter
872 2264 1002 2307 prospi-

259 2317 373 2357 cimus,
403 2321 502 2360 prout
527 2316 558 2348 in
577 2316 715 2349 Domino
734 2316 907 2349 salubriter
927 2327 1005 2350 con-

259 2370 412 2415 spicimus
437 2370 598 2414 expedire.

305 2426 320 2466 ξ
346 2424 376 2457 t.
410 2425 558 2458 Volentes
589 2424 687 2466 igitur
722 2434 878 2468 prospero
909 2423 1004 2457 statui

260 2483 292 2512 et
315 2478 398 2511 felici
428 2478 577 2520 regimini
598 2479 731 2511 fratrum
758 2478 856 2511 Tertii
877 2478 1005 2511 Ordinis

261 2530 360 2563 sancti
387 2530 548 2563 Francisci
574 2529 606 2562 in
632 2540 731 2572 regno
762 2529 915 2562 Franciae
940 2529 1005 2563 exi-

299 2647 308 2674 t
333 2645 370 2673 Ex
390 2645 496 2682 aegest.
519 2645 544 2672 in
564 2646 665 2673 Secret.
688 2645 768 2673 Bi‘ev.

345 2699 425 2728 Ball.
446 2700 529 2728 Rom.
552 2716 584 2720 —-
604 2700 662 2727 Vol.
680 2699 730 2727 XI.
930 2699 943 2725 7

1039 274 1204 315 stentium‚
1219 274 1423 318 quantumin
1443 274 1581 308 Domino
1599 284 1782 318 possumus,

1040 334 1222 371 opportune
1246 328 1443 372 prospicere,
1471 334 1561 362 motu
1585 328 1732 372 proprio,
1756 334 1788 362 et

1040 392 1078 414 ex
1102 385 1189 415 certa
1213 385 1323 416 nostra
1348 382 1492 423 scientia,
1520 393 1557 416 ac
1586 385 1673 416 mera
1700 382 1784 415 deli-

1039 435 1223 477 beratione,
1259 437 1363 480 deque
1394 437 1591 481 apostolicae
1620 436 1787 481 potestatis

1040 489 1254 532 plenitudine,
1273 490 1440 523 universos
1461 491 1577 523 fratres
1597 490 1673 524 dicti
1690 490 1788 524 Tertii

1039 542 1167 576 Ordinis
1191 543 1292 576 sancti
1318 543 1480 577 Francisci
1504 544 1594 587 regni
1619 544 1784 585 Franciae,

1040 607 1219 640 eorumque
1244 602 1431 637 conventus,
1459 607 1515 630 seu
1540 598 1664 638 domos,
1692 608 1789 642 quos-

1040 661 1198 695 cumque,
1232 651 1351 684 dilecto
1377 651 1444 684 silio
1469 651 1618 685 ministro
1643 652 1788 694 generali

1039 703 1167 738 Ordinis
1192 704 1222 737 S*
1255 704 1417 737 Francisci
1442 704 1481 737 de
1505 704 1723 746 Observantia,
1751 716 1788 739 ac

1040 757 1263 791 commissario
1288 758 1430 800 generali
1455 758 1715 792 ultramontanae
1741 759 1787 791 sa-

1041 811 1148 845 miliae
1173 811 1330 856 praedicti
1355 811 1495 852 Ordinis,
1527 822 1587 844 nec
1611 822 1677 845 non
1700 822 1788 845 com-

1041 865 1188 899 missario
1226 864 1370 907 generali
1410 864 1566 898 nationali
1608 865 1761 899 Franciac
1777 893 1784 906 ,

1040 930 1137 964 quem
1163 918 1350 963 praedictus
1381 918 1529 952 minister
1557 919 1717 961 generalis
1739 920 1787 953 vel

1040 973 1283 1008 commissarius
1308 972 1467 1016 generalis
1487 983 1547 1016 pro
1566 978 1711 1017 tempore
1731 973 1788 1007 de-

1040 1026 1211 1070 putaverit,
1232 1025 1299 1070 qui,
1323 1030 1357 1058 ut
1376 1024 1572 1069 accepimus,
1590 1024 1623 1058 in
1642 1024 1788 1069 ipsorum

1041 1079 1178 1113 ministri
1196 1085 1226 1113 61
1241 1078 1454 1113 commissarii
1469 1078 1628 1121 generalis
1644 1079 1790 1113 absentia

1039 1140 1162 1179 septem
1184 1132 1367 1177 provincias
1388 1133 1464 1166 dicti
1483 1132 1611 1166 Ordinis
1627 1133 1788 1166 Minorum

1041 1188 1079 1222 de
1097 1186 1303 1221 Observantia
1325 1186 1416 1229 regni
1435 1186 1588 1220 Franciae
1605 1186 1789 1229 gubernare

1039 1242 1131 1281 solet,
1152 1240 1343 1274 auctoritate
1360 1239 1548 1284 apostolica,
1571 1245 1681 1274 tenore
1695 1251 1790 1284 prae-

1039 1296 1196 1335 sentium,
1225 1300 1382 1339 perpetuo
1406 1293 1613 1335 subiicimus;
1646 1294 1788 1339 ipsisque

1041 1349 1187 1382 ministro
1208 1359 1244 1381 ac
1266 1347 1491 1382 commissario
1513 1348 1719 1390 generalibus
1740 1349 1788 1381 ul-

1041 1408 1263 1435 tramontanae
1294 1401 1445 1442 familiae,
1481 1411 1609 1435 necnon
1635 1402 1788 1435 commis-

1038 1456 1122 1488 sario
1148 1455 1292 1497 generali
1313 1455 1469 1488 nationali
1497 1455 1651 1488 Franciae
1678 1466 1787 1499 respe-

1038 1509 1130 1549 ctive,
1158 1515 1191 1542 111
1218 1519 1330 1542 eorum
1356 1508 1474 1551 singuli
1495 1519 1554 1552 per
1573 1519 1618 1549 se,
1640 1509 1688 1542 vel
1708 1509 1788 1543 alios

1020 1563 1086 1598 isui
1112 1562 1239 1596 Ordinis
1269 1563 1382 1596 fratres
1418 1562 1459 1596 ad
1488 1562 1550 1595 1106
1582 1562 1717 1596 idoneos
1748 1563 1787 1595 ab

1038 1617 1083 1650 eis
1104 1616 1280 1660 respective
1302 1615 1514 1659 deputandos,
1536 1616 1651 1649 domos
1666 1622 1787 1650 616011-

1039 1676 1162 1712 ventus,
1186 1681 1222 1704 ac
1239 1670 1351 1704 fratres
1369 1669 1467 1703 Tertii
1488 1669 1615 1704 Ordinis
1635 1671 1666 1705 S.
1688 1671 1787 1704 Fran—

1038 1725 1112 1758 cisci
1138 1724 1360 1769 supradictos,
1395 1730 1457 1756 tam
1487 1723 1520 1756 in
1550 1724 1655 1768 eapite
1690 1735 1787 1769 quam

1039 1779 1070 1812 in
1096 1777 1261 1820 membris,
1295 1777 1440 1818 visitare,
1468 1777 1648 1821 corrigere,
1682 1779 1785 1811 resor-

1039 1843 1128 1866 mare
1158 1838 1190 1866 et
1219 1831 1393 1874 castigare,
1431 1841 1559 1865 necnon
1597 1831 1787 1866 electionem

1039 1886 1178 1920 ministri
1196 1885 1414 1930 provincialis,
1439 1890 1475 1918 ut
1495 1885 1576 1918 infra
1594 1885 1785 1925 faciendam,

1038 1939 1163 1972 servata
1187 1938 1290 1971 forma
1317 1937 1522 1970 decretorum
1553 1936 1688 1970 Concilii
1718 1937 1788 1970 Tri-

1040 1991 1180 2032 dentini,
1216 1991 1321 2024 facere
1353 1996 1384 2024 et
1416 1990 1610 2024 confirmare
1643 1991 1784 2035 possint,

1040 2046 1224 2079 facultatem
1250 2045 1459 2079 concedimus
1485 2050 1515 2079 et
1540 2045 1755 2090 impertimur.

1084 2102 1100 2139 ξ
1126 2099 1156 2132 2.
1194 2100 1374 2140 Praeterea,
1403 2109 1476 2132 cum
1503 2099 1601 2132 modo
1630 2099 1785 2143 praedicti

1041 2206 1224 2240 vinciale1n¹
1249 2216 1313 2239 non
1337 2206 1487 2247 habeant,
1512 2206 1659 2239 volumus
1681 2212 1711 2239 et
1736 2209 1787 2239 ezi-

1040 2261 1112 2294 dem
1134 2259 1326 2293 auctoritato
1345 2259 1516 2293 statuimus
1536 2265 1568 2292 61
1588 2259 1786 2301 ordinamus,

1040 2314 1126 2357 quod
1148 2314 1260 2346 fratres
1282 2313 1438 2357 praedicti
1458 2313 1555 2346 Tertii
1573 2313 1712 2353 Ordinis,
1729 2324 1786 2346 5611

1040 2377 1150 2400 60111111
1175 2372 1390 2400 conventuum
1411 2366 1595 2410 superiores
1616 2372 1647 2399 et
1665 2366 1717 2399 alii
1732 2377 1786 2399 vo-

1040 2422 1133 2462 cales,
1158 2421 1188 2453 in
1210 2432 1310 2455 unum
1333 2426 1581 2463 congregentur,
1603 2420 1689 2453 iussu
1709 2420 1785 2453 dicti

1041 2475 1178 2508 ministri
1209 2475 1369 2517 generalis
1398 2474 1526 2508 Ordinis
1558 2474 1658 2507 sancti
1685 2475 1784 2507 Fran-

1040 2529 1114 2563 cisci
1145 2530 1184 2563 de
1209 2529 1436 2569 Observantia,
1475 2540 1531 2562 seu
1570 2529 1784 2562 commissarii

1076 2646 1084 2671 1
1103 2644 1160 2672 Err.
1175 2644 1237 2672 edit.
1252 2643 1330 2672 Main.
1343 2643 1647 2678 hab.provincialium
1662 2645 1699 2678 (n.
1716 2644 1764 2679 T.).

1713 217 1755 250 49
1801 226 1853 253 An.
1870 226 1898 253 c.
1919 226 1985 254 1603

1850 2106 1898 2126 Prot
1907 2106 1987 2125 tut-talis

1802 2133 1828 2152 ab
1846 2133 1904 2152 lust-t·
1920 2132 1987 2152 titus·-

1039 2153 1136 2186 Tertii
1170 2152 1297 2186 Ordinis
1334 2153 1447 2186 fratres
1481 2152 1665 2186 ministrum
1705 2160 1972 2197 pro-buseio-‹wulw-v
