<?xml version="1.0" encoding="UTF-8"?>
<!DOCTYPE html PUBLIC "-//W3C//DTD XHTML 1.0 Transitional//EN"
    "http://www.w3.org/TR/xhtml1/DTD/xhtml1-transitional.dtd">
<html xmlns="http://www.w3.org/1999/xhtml" xml:lang="en" lang="en">
 <head>
  <title>
</title>
<meta http-equiv="Content-Type" content="text/html;charset=utf-8" />
  <meta name='ocr-system' content='tesseract 3.04.00' />
  <meta name='ocr-capabilities' content='ocr_page ocr_carea ocr_par ocr_line ocrx_word'/>
</head>
<body>
  <div class='ocr_page' id='page_1' title='image "./bullarumdiplomat11cath_0638.png"; bbox 0 0 2227 3241; ppageno 0'>
   <div class='ocr_carea' id='block_1_1' title="bbox 215 280 511 318">
    <p class='ocr_par' dir='ltr' id='par_1_1' title="bbox 215 280 511 318">
     <span class='ocr_line' id='line_1_1' title="bbox 215 280 511 318; baseline -0.01 -2"><span class='ocrx_word' id='word_1_1' title='bbox 215 290 264 317; x_wconf 67' lang='lat' dir='ltr'>An.</span> <span class='ocrx_word' id='word_1_2' title='bbox 287 290 317 317; x_wconf 85' lang='lat' dir='ltr'>C.</span> <span class='ocrx_word' id='word_1_3' title='bbox 337 289 402 318; x_wconf 77' lang='lat'>1609</span> <span class='ocrx_word' id='word_1_4' title='bbox 448 280 511 315; x_wconf 83' lang='lat'>600</span> 
     </span>
    </p>
   </div>
   <div class='ocr_carea' id='block_1_2' title="bbox 411 338 1160 2736">
    <p class='ocr_par' dir='ltr' id='par_1_2' title="bbox 411 338 1160 2736">
     <span class='ocr_line' id='line_1_2' title="bbox 415 338 1148 383; baseline 0.001 -12"><span class='ocrx_word' id='word_1_5' title='bbox 415 338 564 371; x_wconf 78' lang='lat' dir='ltr'>fratribus</span> <span class='ocrx_word' id='word_1_6' title='bbox 584 349 642 382; x_wconf 88' lang='lat' dir='ltr'>per</span> <span class='ocrx_word' id='word_1_7' title='bbox 663 338 816 371; x_wconf 76' lang='lat' dir='ltr'>dictos-et</span> <span class='ocrx_word' id='word_1_8' title='bbox 840 339 920 372; x_wconf 84' lang='lat' dir='ltr'>alios</span> <span class='ocrx_word' id='word_1_9' title='bbox 938 338 1067 383; x_wconf 80' lang='lat' dir='ltr'>quosvis</span> <span class='ocrx_word' id='word_1_10' title='bbox 1083 339 1148 372; x_wconf 86' lang='lat' dir='ltr'>Ro-</span> 
     </span>
     <span class='ocr_line' id='line_1_3' title="bbox 414 391 1153 435; baseline 0.003 -12"><span class='ocrx_word' id='word_1_11' title='bbox 414 401 524 424; x_wconf 85' lang='lat' dir='ltr'>manos</span> <span class='ocrx_word' id='word_1_12' title='bbox 550 391 721 425; x_wconf 81' lang='lat' dir='ltr'>Pontifices</span> <span class='ocrx_word' id='word_1_13' title='bbox 745 391 1008 435; x_wconf 77' lang='lat' dir='ltr'><strong>praedecessores</strong></span> <span class='ocrx_word' id='word_1_14' title='bbox 1025 398 1153 425; x_wconf 87' lang='lat' dir='ltr'>nostros</span> 
     </span>
     <span class='ocr_line' id='line_1_4' title="bbox 414 445 1154 490; baseline 0.003 -14"><span class='ocrx_word' id='word_1_15' title='bbox 414 455 450 477; x_wconf 88' lang='lat' dir='ltr'>ac</span> <span class='ocrx_word' id='word_1_16' title='bbox 465 445 570 477; x_wconf 78' lang='lat' dir='ltr'>forsan</span> <span class='ocrx_word' id='word_1_17' title='bbox 585 454 642 477; x_wconf 89' lang='lat' dir='ltr'>nos</span> <span class='ocrx_word' id='word_1_18' title='bbox 657 445 810 478; x_wconf 87' lang='lat' dir='ltr'>etSedem</span> <span class='ocrx_word' id='word_1_19' title='bbox 824 445 1041 488; x_wconf 81' lang='lat' dir='ltr'>Apostolicam</span> <span class='ocrx_word' id='word_1_20' title='bbox 1057 456 1154 490; x_wconf 91' lang='lat' dir='ltr'>super</span> 
     </span>
     <span class='ocr_line' id='line_1_5' title="bbox 411 495 1150 542; baseline 0.004 -14"><span class='ocrx_word' id='word_1_21' title='bbox 411 495 608 540; x_wconf 79' lang='lat' dir='ltr'>praemissis,</span> <span class='ocrx_word' id='word_1_22' title='bbox 633 502 666 530; x_wconf 91' lang='lat' dir='ltr'>ut</span> <span class='ocrx_word' id='word_1_23' title='bbox 686 497 876 541; x_wconf 82' lang='lat' dir='ltr'>praefertur,</span> <span class='ocrx_word' id='word_1_24' title='bbox 901 498 948 530; x_wconf 92' lang='lat' dir='ltr'>vel</span> <span class='ocrx_word' id='word_1_25' title='bbox 970 497 1046 531; x_wconf 74' lang='lat' dir='ltr'>alias</span> <span class='ocrx_word' id='word_1_26' title='bbox 1067 508 1150 542; x_wconf 84' lang='lat' dir='ltr'>quo-</span> 
     </span>
     <span class='ocr_line' id='line_1_6' title="bbox 415 548 1152 590; baseline 0.004 -9"><span class='ocrx_word' id='word_1_27' title='bbox 415 548 592 582; x_wconf 87' lang='lat' dir='ltr'>modolibet</span> <span class='ocrx_word' id='word_1_28' title='bbox 613 559 839 584; x_wconf 84' lang='lat' dir='ltr'>concessorum</span> <span class='ocrx_word' id='word_1_29' title='bbox 859 578 865 590; x_wconf 87' lang='lat'>,</span> <span class='ocrx_word' id='word_1_30' title='bbox 888 550 1152 584; x_wconf 81' lang='lat' dir='ltr'>confirmatorum</span> 
     </span>
     <span class='ocr_line' id='line_1_7' title="bbox 414 602 1150 646; baseline 0.003 -11"><span class='ocrx_word' id='word_1_31' title='bbox 414 607 445 636; x_wconf 89' lang='lat' dir='ltr'>et</span> <span class='ocrx_word' id='word_1_32' title='bbox 465 602 691 636; x_wconf 85' lang='lat' dir='ltr'>innovatorum</span> <span class='ocrx_word' id='word_1_33' title='bbox 724 614 761 636; x_wconf 88' lang='lat' dir='ltr'>ac</span> <span class='ocrx_word' id='word_1_34' title='bbox 788 609 992 637; x_wconf 83' lang='lat' dir='ltr'>extensorum</span> <span class='ocrx_word' id='word_1_35' title='bbox 1013 610 1150 646; x_wconf 90' lang='lat' dir='ltr'>tenores,</span> 
     </span>
     <span class='ocr_line' id='line_1_8' title="bbox 413 666 1155 702; baseline 0.001 -13"><span class='ocrx_word' id='word_1_36' title='bbox 413 666 473 689; x_wconf 89' lang='lat' dir='ltr'>nee</span> <span class='ocrx_word' id='word_1_37' title='bbox 493 666 555 689; x_wconf 90' lang='lat' dir='ltr'>non</span> <span class='ocrx_word' id='word_1_38' title='bbox 575 667 853 701; x_wconf 79' lang='lat' dir='ltr'>quarmncumque</span> <span class='ocrx_word' id='word_1_39' title='bbox 872 668 1039 691; x_wconf 86' lang='lat' dir='ltr'>causarum</span> <span class='ocrx_word' id='word_1_40' title='bbox 1058 667 1155 702; x_wconf 89' lang='lat' dir='ltr'>super</span> 
     </span>
     <span class='ocr_line' id='line_1_9' title="bbox 413 709 1154 755; baseline 0.003 -13"><span class='ocrx_word' id='word_1_41' title='bbox 413 709 598 753; x_wconf 75' lang='lat' dir='ltr'>praemissis</span> <span class='ocrx_word' id='word_1_42' title='bbox 626 710 672 743; x_wconf 91' lang='lat' dir='ltr'>vel</span> <span class='ocrx_word' id='word_1_43' title='bbox 706 720 817 743; x_wconf 89' lang='lat' dir='ltr'>eorum</span> <span class='ocrx_word' id='word_1_44' title='bbox 844 710 964 755; x_wconf 81' lang='lat' dir='ltr'>aliquo,</span> <span class='ocrx_word' id='word_1_45' title='bbox 993 710 1076 744; x_wconf 87' lang='lat' dir='ltr'>inter</span> <span class='ocrx_word' id='word_1_46' title='bbox 1101 721 1154 744; x_wconf 92' lang='lat' dir='ltr'>vos</span> 
     </span>
     <span class='ocr_line' id='line_1_10' title="bbox 414 763 1154 807; baseline 0.001 -11"><span class='ocrx_word' id='word_1_47' title='bbox 414 774 469 797; x_wconf 86' lang='lat' dir='ltr'>seu</span> <span class='ocrx_word' id='word_1_48' title='bbox 491 763 630 807; x_wconf 80' lang='lat' dir='ltr'>aliquem</span> <span class='ocrx_word' id='word_1_49' title='bbox 656 770 795 797; x_wconf 89' lang='lat' dir='ltr'>vestrum</span> <span class='ocrx_word' id='word_1_50' title='bbox 817 770 846 797; x_wconf 91' lang='lat' dir='ltr'>et</span> <span class='ocrx_word' id='word_1_51' title='bbox 867 764 981 797; x_wconf 86' lang='lat' dir='ltr'>domus</span> <span class='ocrx_word' id='word_1_52' title='bbox 1010 775 1066 798; x_wconf 88' lang='lat' dir='ltr'>seu</span> <span class='ocrx_word' id='word_1_53' title='bbox 1086 775 1154 798; x_wconf 88' lang='lat' dir='ltr'>mo-</span> 
     </span>
     <span class='ocr_line' id='line_1_11' title="bbox 414 816 1154 861; baseline 0 -11"><span class='ocrx_word' id='word_1_54' title='bbox 414 816 553 850; x_wconf 88' lang='lat' dir='ltr'>nasteria</span> <span class='ocrx_word' id='word_1_55' title='bbox 573 817 759 851; x_wconf 81' lang='lat' dir='ltr'>huiusmodi</span> <span class='ocrx_word' id='word_1_56' title='bbox 781 817 829 851; x_wconf 83' lang='lat' dir='ltr'>vel</span> <span class='ocrx_word' id='word_1_57' title='bbox 847 827 959 850; x_wconf 90' lang='lat' dir='ltr'>eorum</span> <span class='ocrx_word' id='word_1_58' title='bbox 979 817 1098 861; x_wconf 84' lang='lat' dir='ltr'>aliqua,</span> <span class='ocrx_word' id='word_1_59' title='bbox 1122 817 1154 850; x_wconf 89' lang='lat' dir='ltr'>in</span> 
     </span>
     <span class='ocr_line' id='line_1_12' title="bbox 413 869 1155 914; baseline 0 -12"><span class='ocrx_word' id='word_1_60' title='bbox 413 869 557 902; x_wconf 73' lang='lat' dir='ltr'>Romana</span> <span class='ocrx_word' id='word_1_61' title='bbox 577 869 671 903; x_wconf 72' lang='lat' dir='ltr'>Curia</span> <span class='ocrx_word' id='word_1_62' title='bbox 683 870 731 903; x_wconf 90' lang='lat' dir='ltr'>vel</span> <span class='ocrx_word' id='word_1_63' title='bbox 749 875 837 903; x_wconf 79' lang='lat' dir='ltr'>extra</span> <span class='ocrx_word' id='word_1_64' title='bbox 856 880 938 912; x_wconf 89' lang='lat' dir='ltr'>eam,</span> <span class='ocrx_word' id='word_1_65' title='bbox 954 870 986 903; x_wconf 92' lang='lat' dir='ltr'>in</span> <span class='ocrx_word' id='word_1_66' title='bbox 1005 881 1155 914; x_wconf 87' lang='lat' dir='ltr'>quacum-</span> 
     </span>
     <span class='ocr_line' id='line_1_13' title="bbox 414 922 1151 968; baseline 0.003 -13"><span class='ocrx_word' id='word_1_67' title='bbox 414 933 476 967; x_wconf 89' lang='lat' dir='ltr'>que</span> <span class='ocrx_word' id='word_1_68' title='bbox 497 922 658 966; x_wconf 80' lang='lat' dir='ltr'>instantia,</span> <span class='ocrx_word' id='word_1_69' title='bbox 674 933 782 957; x_wconf 87' lang='lat' dir='ltr'>coram</span> <span class='ocrx_word' id='word_1_70' title='bbox 799 923 963 968; x_wconf 85' lang='lat' dir='ltr'>quibusvis</span> <span class='ocrx_word' id='word_1_71' title='bbox 981 922 1151 965; x_wconf 89' lang='lat' dir='ltr'>iudicibus,</span> 
     </span>
     <span class='ocr_line' id='line_1_14' title="bbox 415 976 1154 1019; baseline 0.001 -11"><span class='ocrx_word' id='word_1_72' title='bbox 415 976 587 1010; x_wconf 86' lang='lat' dir='ltr'>ordinariis</span> <span class='ocrx_word' id='word_1_73' title='bbox 610 976 656 1010; x_wconf 90' lang='lat' dir='ltr'>vel</span> <span class='ocrx_word' id='word_1_74' title='bbox 685 976 849 1019; x_wconf 80' lang='lat' dir='ltr'>delegatis,</span> <span class='ocrx_word' id='word_1_75' title='bbox 868 976 962 1010; x_wconf 84' lang='lat' dir='ltr'>etiam</span> <span class='ocrx_word' id='word_1_76' title='bbox 986 986 1154 1009; x_wconf 84' lang='lat' dir='ltr'>causarum</span> 
     </span>
     <span class='ocr_line' id='line_1_15' title="bbox 414 1029 1151 1074; baseline 0.001 -12"><span class='ocrx_word' id='word_1_77' title='bbox 414 1029 525 1062; x_wconf 82' lang='lat' dir='ltr'>Palatii</span> <span class='ocrx_word' id='word_1_78' title='bbox 541 1029 713 1074; x_wconf 80' lang='lat' dir='ltr'>Apostolici</span> <span class='ocrx_word' id='word_1_79' title='bbox 727 1030 939 1070; x_wconf 74' lang='lat' dir='ltr'>auditoribus,</span> <span class='ocrx_word' id='word_1_80' title='bbox 954 1030 1048 1064; x_wconf 90' lang='lat' dir='ltr'>seuS.</span> <span class='ocrx_word' id='word_1_81' title='bbox 1066 1030 1101 1063; x_wconf 90' lang='lat' dir='ltr'>R.</span> <span class='ocrx_word' id='word_1_82' title='bbox 1119 1029 1151 1063; x_wconf 89' lang='lat' dir='ltr'>E.</span> 
     </span>
     <span class='ocr_line' id='line_1_16' title="bbox 415 1081 1154 1123; baseline 0.001 -8"><span class='ocrx_word' id='word_1_83' title='bbox 415 1081 643 1123; x_wconf 80' lang='lat' dir='ltr'>cardinalibus,</span> <span class='ocrx_word' id='word_1_84' title='bbox 666 1083 714 1116; x_wconf 68' lang='lat' dir='ltr'>vel</span> <span class='ocrx_word' id='word_1_85' title='bbox 740 1083 817 1116; x_wconf 74' lang='lat' dir='ltr'>alias</span> <span class='ocrx_word' id='word_1_86' title='bbox 842 1083 977 1122; x_wconf 75' lang='lat' dir='ltr'>ubilibet</span> <span class='ocrx_word' id='word_1_87' title='bbox 998 1082 1154 1116; x_wconf 83' lang='lat' dir='ltr'>indecisa-</span> 
     </span>
     <span class='ocr_line' id='line_1_17' title="bbox 414 1136 1155 1181; baseline 0.001 -13"><span class='ocrx_word' id='word_1_88' title='bbox 414 1147 485 1169; x_wconf 86' lang='lat' dir='ltr'>rum</span> <span class='ocrx_word' id='word_1_89' title='bbox 515 1136 723 1180; x_wconf 73' lang='lat' dir='ltr'>pendentium</span> <span class='ocrx_word' id='word_1_90' title='bbox 756 1141 856 1170; x_wconf 86' lang='lat' dir='ltr'>status</span> <span class='ocrx_word' id='word_1_91' title='bbox 889 1143 919 1170; x_wconf 90' lang='lat' dir='ltr'>et</span> <span class='ocrx_word' id='word_1_92' title='bbox 953 1136 1065 1170; x_wconf 85' lang='lat' dir='ltr'>merita</span> <span class='ocrx_word' id='word_1_93' title='bbox 1096 1147 1155 1181; x_wconf 88' lang='lat' dir='ltr'>pro</span> 
     </span>
     <span class='ocr_line' id='line_1_18' title="bbox 415 1189 1152 1234; baseline 0.001 -12"><span class='ocrx_word' id='word_1_94' title='bbox 415 1189 510 1233; x_wconf 82' lang='lat' dir='ltr'>plene</span> <span class='ocrx_word' id='word_1_95' title='bbox 536 1195 564 1223; x_wconf 89' lang='lat' dir='ltr'>et</span> <span class='ocrx_word' id='word_1_96' title='bbox 589 1189 786 1223; x_wconf 82' lang='lat' dir='ltr'>sufficienter</span> <span class='ocrx_word' id='word_1_97' title='bbox 807 1190 962 1234; x_wconf 78' lang='lat' dir='ltr'>expressis</span> <span class='ocrx_word' id='word_1_98' title='bbox 987 1190 1152 1231; x_wconf 88' lang='lat' dir='ltr'>habentes,</span> 
     </span>
     <span class='ocr_line' id='line_1_19' title="bbox 415 1243 1152 1287; baseline 0.003 -12"><span class='ocrx_word' id='word_1_99' title='bbox 415 1253 608 1287; x_wconf 79' lang='lat' dir='ltr'>causamque</span> <span class='ocrx_word' id='word_1_100' title='bbox 634 1249 664 1276; x_wconf 90' lang='lat' dir='ltr'>et</span> <span class='ocrx_word' id='word_1_101' title='bbox 688 1254 798 1277; x_wconf 80' lang='lat' dir='ltr'>causas</span> <span class='ocrx_word' id='word_1_102' title='bbox 819 1243 903 1287; x_wconf 88' lang='lat' dir='ltr'>ipsas</span> <span class='ocrx_word' id='word_1_103' title='bbox 928 1244 967 1277; x_wconf 89' lang='lat' dir='ltr'>ad</span> <span class='ocrx_word' id='word_1_104' title='bbox 992 1253 1050 1276; x_wconf 90' lang='lat' dir='ltr'>nos</span> <span class='ocrx_word' id='word_1_105' title='bbox 1075 1254 1152 1277; x_wconf 81' lang='lat' dir='ltr'>avo-</span> 
     </span>
     <span class='ocr_line' id='line_1_20' title="bbox 414 1297 1155 1341; baseline 0 -10"><span class='ocrx_word' id='word_1_106' title='bbox 414 1303 533 1339; x_wconf 83' lang='lat' dir='ltr'>cantes,</span> <span class='ocrx_word' id='word_1_107' title='bbox 554 1308 589 1331; x_wconf 84' lang='lat' dir='ltr'>ac</span> <span class='ocrx_word' id='word_1_108' title='bbox 608 1298 695 1330; x_wconf 91' lang='lat' dir='ltr'>litem</span> <span class='ocrx_word' id='word_1_109' title='bbox 722 1304 752 1330; x_wconf 86' lang='lat' dir='ltr'>et</span> <span class='ocrx_word' id='word_1_110' title='bbox 772 1297 842 1330; x_wconf 90' lang='lat' dir='ltr'>lites</span> <span class='ocrx_word' id='word_1_111' title='bbox 859 1297 1045 1331; x_wconf 86' lang='lat' dir='ltr'>huiusmodi</span> <span class='ocrx_word' id='word_1_112' title='bbox 1064 1297 1155 1341; x_wconf 87' lang='lat' dir='ltr'>peni-</span> 
     </span>
     <span class='ocr_line' id='line_1_21' title="bbox 417 1349 1155 1396; baseline 0 -12"><span class='ocrx_word' id='word_1_113' title='bbox 417 1358 465 1385; x_wconf 90' lang='lat' dir='ltr'>tus</span> <span class='ocrx_word' id='word_1_114' title='bbox 489 1351 719 1394; x_wconf 72' lang='lat' dir='ltr'>extinguentes,</span> <span class='ocrx_word' id='word_1_115' title='bbox 741 1349 926 1385; x_wconf 80' lang='lat' dir='ltr'>huiusmodi</span> <span class='ocrx_word' id='word_1_116' title='bbox 945 1351 1155 1396; x_wconf 85' lang='lat' dir='ltr'>supplicatio-</span> 
     </span>
     <span class='ocr_line' id='line_1_22' title="bbox 415 1406 1152 1450; baseline 0 -11"><span class='ocrx_word' id='word_1_117' title='bbox 415 1407 510 1440; x_wconf 86' lang='lat' dir='ltr'>nibus</span> <span class='ocrx_word' id='word_1_118' title='bbox 531 1406 688 1447; x_wconf 83' lang='lat' dir='ltr'>inclinati,</span> <span class='ocrx_word' id='word_1_119' title='bbox 713 1406 822 1439; x_wconf 87' lang='lat' dir='ltr'>omnia</span> <span class='ocrx_word' id='word_1_120' title='bbox 847 1412 878 1439; x_wconf 89' lang='lat' dir='ltr'>et</span> <span class='ocrx_word' id='word_1_121' title='bbox 901 1406 1027 1449; x_wconf 76' lang='lat' dir='ltr'>singula</span> <span class='ocrx_word' id='word_1_122' title='bbox 1052 1406 1152 1450; x_wconf 92' lang='lat' dir='ltr'>privi-</span> 
     </span>
     <span class='ocr_line' id='line_1_23' title="bbox 416 1460 1157 1504; baseline 0.001 -11"><span class='ocrx_word' id='word_1_123' title='bbox 416 1460 478 1503; x_wconf 84' lang='lat' dir='ltr'>gia,</span> <span class='ocrx_word' id='word_1_124' title='bbox 492 1460 724 1504; x_wconf 82' lang='lat' dir='ltr'>exemptiones,</span> <span class='ocrx_word' id='word_1_125' title='bbox 746 1460 965 1494; x_wconf 89' lang='lat' dir='ltr'>immunitates</span> <span class='ocrx_word' id='word_1_126' title='bbox 984 1466 1014 1493; x_wconf 89' lang='lat' dir='ltr'>et</span> <span class='ocrx_word' id='word_1_127' title='bbox 1032 1460 1157 1494; x_wconf 85' lang='lat' dir='ltr'>indulta</span> 
     </span>
     <span class='ocr_line' id='line_1_24' title="bbox 416 1513 1156 1556; baseline 0 -9"><span class='ocrx_word' id='word_1_128' title='bbox 416 1514 630 1548; x_wconf 86' lang='lat' dir='ltr'>Carthusiensi</span> <span class='ocrx_word' id='word_1_129' title='bbox 648 1519 678 1547; x_wconf 89' lang='lat' dir='ltr'>et</span> <span class='ocrx_word' id='word_1_130' title='bbox 698 1513 767 1547; x_wconf 86' lang='lat' dir='ltr'>aliis</span> <span class='ocrx_word' id='word_1_131' title='bbox 787 1513 970 1556; x_wconf 82' lang='lat' dir='ltr'>Ordinibus,</span> <span class='ocrx_word' id='word_1_132' title='bbox 991 1524 1027 1547; x_wconf 86' lang='lat' dir='ltr'>ac</span> <span class='ocrx_word' id='word_1_133' title='bbox 1052 1514 1156 1548; x_wconf 92' lang='lat' dir='ltr'>domi-</span> 
     </span>
     <span class='ocr_line' id='line_1_25' title="bbox 417 1567 1155 1612; baseline 0.003 -13"><span class='ocrx_word' id='word_1_134' title='bbox 417 1568 475 1601; x_wconf 88' lang='lat' dir='ltr'>bus</span> <span class='ocrx_word' id='word_1_135' title='bbox 500 1573 530 1600; x_wconf 88' lang='lat' dir='ltr'>et</span> <span class='ocrx_word' id='word_1_136' title='bbox 555 1567 766 1607; x_wconf 85' lang='lat' dir='ltr'>monasteriis,</span> <span class='ocrx_word' id='word_1_137' title='bbox 797 1573 858 1600; x_wconf 85' lang='lat' dir='ltr'>tam</span> <span class='ocrx_word' id='word_1_138' title='bbox 892 1568 1032 1600; x_wconf 86' lang='lat' dir='ltr'>virorum</span> <span class='ocrx_word' id='word_1_139' title='bbox 1059 1579 1155 1612; x_wconf 88' lang='lat' dir='ltr'>quam</span> 
     </span>
     <span class='ocr_line' id='line_1_26' title="bbox 418 1620 1157 1663; baseline 0.003 -10"><span class='ocrx_word' id='word_1_140' title='bbox 418 1620 602 1662; x_wconf 84' lang='lat' dir='ltr'>mulierum,</span> <span class='ocrx_word' id='word_1_141' title='bbox 624 1621 654 1653; x_wconf 91' lang='lat' dir='ltr'>in</span> <span class='ocrx_word' id='word_1_142' title='bbox 676 1621 760 1653; x_wconf 86' lang='lat' dir='ltr'>dicto</span> <span class='ocrx_word' id='word_1_143' title='bbox 785 1631 885 1663; x_wconf 78' lang='lat' dir='ltr'>regno</span> <span class='ocrx_word' id='word_1_144' title='bbox 911 1621 1102 1655; x_wconf 85' lang='lat' dir='ltr'>constructis</span> <span class='ocrx_word' id='word_1_145' title='bbox 1127 1629 1157 1655; x_wconf 88' lang='lat' dir='ltr'>et</span> 
     </span>
     <span class='ocr_line' id='line_1_27' title="bbox 418 1675 1157 1719; baseline 0.001 -11"><span class='ocrx_word' id='word_1_146' title='bbox 418 1675 456 1708; x_wconf 90' lang='lat' dir='ltr'>dc</span> <span class='ocrx_word' id='word_1_147' title='bbox 477 1679 604 1708; x_wconf 86' lang='lat' dir='ltr'>caetero</span> <span class='ocrx_word' id='word_1_148' title='bbox 625 1675 872 1714; x_wconf 68' lang='lat' dir='ltr'>construendis,</span> <span class='ocrx_word' id='word_1_149' title='bbox 892 1686 950 1718; x_wconf 90' lang='lat' dir='ltr'>per</span> <span class='ocrx_word' id='word_1_150' title='bbox 979 1675 1157 1719; x_wconf 75' lang='lat' dir='ltr'>praes-actos</span> 
     </span>
     <span class='ocr_line' id='line_1_28' title="bbox 417 1728 1157 1772; baseline 0 -11"><span class='ocrx_word' id='word_1_151' title='bbox 417 1734 448 1761; x_wconf 90' lang='lat' dir='ltr'>et</span> <span class='ocrx_word' id='word_1_152' title='bbox 466 1728 544 1761; x_wconf 84' lang='lat' dir='ltr'>alios</span> <span class='ocrx_word' id='word_1_153' title='bbox 562 1739 785 1772; x_wconf 88' lang='lat' dir='ltr'>quoscumque</span> <span class='ocrx_word' id='word_1_154' title='bbox 805 1728 967 1761; x_wconf 79' lang='lat' dir='ltr'>Romanos</span> <span class='ocrx_word' id='word_1_155' title='bbox 985 1728 1157 1762; x_wconf 84' lang='lat' dir='ltr'>Pontifices</span> 
     </span>
     <span class='ocr_line' id='line_1_29' title="bbox 416 1780 1156 1825; baseline -0.001 -11"><span class='ocrx_word' id='word_1_156' title='bbox 416 1781 680 1825; x_wconf 86' lang='lat' dir='ltr'>praedecessores</span> <span class='ocrx_word' id='word_1_157' title='bbox 707 1787 833 1814; x_wconf 92' lang='lat' dir='ltr'>nostros</span> <span class='ocrx_word' id='word_1_158' title='bbox 853 1791 889 1814; x_wconf 88' lang='lat' dir='ltr'>ac</span> <span class='ocrx_word' id='word_1_159' title='bbox 909 1791 967 1814; x_wconf 85' lang='lat' dir='ltr'>nos</span> <span class='ocrx_word' id='word_1_160' title='bbox 985 1787 1015 1814; x_wconf 93' lang='lat' dir='ltr'>et</span> <span class='ocrx_word' id='word_1_161' title='bbox 1039 1780 1156 1814; x_wconf 80' lang='lat' dir='ltr'>dictam</span> 
     </span>
     <span class='ocr_line' id='line_1_30' title="bbox 417 1835 1154 1879; baseline 0.001 -11"><span class='ocrx_word' id='word_1_162' title='bbox 417 1835 531 1869; x_wconf 88' lang='lat' dir='ltr'>Sedem</span> <span class='ocrx_word' id='word_1_163' title='bbox 554 1835 800 1879; x_wconf 84' lang='lat' dir='ltr'>quomodolibet</span> <span class='ocrx_word' id='word_1_164' title='bbox 818 1845 969 1868; x_wconf 86' lang='lat' dir='ltr'>concessa</span> <span class='ocrx_word' id='word_1_165' title='bbox 990 1840 1020 1868; x_wconf 91' lang='lat' dir='ltr'>et</span> <span class='ocrx_word' id='word_1_166' title='bbox 1038 1845 1154 1869; x_wconf 84' lang='lat' dir='ltr'>eonce-</span> 
     </span>
     <span class='ocr_line' id='line_1_31' title="bbox 418 1888 1158 1933; baseline 0 -11"><span class='ocrx_word' id='word_1_167' title='bbox 418 1888 522 1922; x_wconf 86' lang='lat' dir='ltr'>denda</span> <span class='ocrx_word' id='word_1_168' title='bbox 543 1889 664 1933; x_wconf 88' lang='lat' dir='ltr'>(quoad</span> <span class='ocrx_word' id='word_1_169' title='bbox 682 1899 719 1922; x_wconf 85' lang='lat' dir='ltr'>ea</span> <span class='ocrx_word' id='word_1_170' title='bbox 737 1889 912 1929; x_wconf 82' lang='lat' dir='ltr'>dumtaxat,</span> <span class='ocrx_word' id='word_1_171' title='bbox 933 1899 990 1933; x_wconf 88' lang='lat' dir='ltr'>per</span> <span class='ocrx_word' id='word_1_172' title='bbox 1006 1899 1088 1933; x_wconf 87' lang='lat' dir='ltr'>quae</span> <span class='ocrx_word' id='word_1_173' title='bbox 1104 1899 1158 1922; x_wconf 74' lang='lat' dir='ltr'>ros</span> 
     </span>
     <span class='ocr_line' id='line_1_32' title="bbox 418 1943 1158 1987; baseline 0 -11"><span class='ocrx_word' id='word_1_174' title='bbox 418 1943 449 1976; x_wconf 92' lang='lat' dir='ltr'>in</span> <span class='ocrx_word' id='word_1_175' title='bbox 471 1943 678 1987; x_wconf 85' lang='lat' dir='ltr'>perceptione</span> <span class='ocrx_word' id='word_1_176' title='bbox 703 1943 805 1976; x_wconf 76' lang='lat' dir='ltr'>libera</span> <span class='ocrx_word' id='word_1_177' title='bbox 830 1943 992 1977; x_wconf 85' lang='lat' dir='ltr'>fructuum</span> <span class='ocrx_word' id='word_1_178' title='bbox 1020 1943 1158 1977; x_wconf 89' lang='lat' dir='ltr'>decima-</span> 
     </span>
     <span class='ocr_line' id='line_1_33' title="bbox 418 1996 1159 2040; baseline 0 -11"><span class='ocrx_word' id='word_1_179' title='bbox 418 1996 495 2029; x_wconf 91' lang='lat' dir='ltr'>lium</span> <span class='ocrx_word' id='word_1_180' title='bbox 522 2002 552 2030; x_wconf 88' lang='lat' dir='ltr'>et</span> <span class='ocrx_word' id='word_1_181' title='bbox 577 1997 791 2040; x_wconf 87' lang='lat' dir='ltr'>primitiarum</span> <span class='ocrx_word' id='word_1_182' title='bbox 814 1996 902 2029; x_wconf 82' lang='lat' dir='ltr'>vobis</span> <span class='ocrx_word' id='word_1_183' title='bbox 928 1996 966 2030; x_wconf 90' lang='lat' dir='ltr'>de</span> <span class='ocrx_word' id='word_1_184' title='bbox 985 1996 1054 2030; x_wconf 90' lang='lat' dir='ltr'>iure</span> <span class='ocrx_word' id='word_1_185' title='bbox 1072 2007 1159 2030; x_wconf 89' lang='lat' dir='ltr'>com-</span> 
     </span>
     <span class='ocr_line' id='line_1_34' title="bbox 419 2050 1158 2095; baseline 0.001 -12"><span class='ocrx_word' id='word_1_186' title='bbox 419 2050 507 2084; x_wconf 90' lang='lat' dir='ltr'>muni</span> <span class='ocrx_word' id='word_1_187' title='bbox 526 2051 719 2091; x_wconf 85' lang='lat' dir='ltr'>debitarum,</span> <span class='ocrx_word' id='word_1_188' title='bbox 742 2050 941 2095; x_wconf 87' lang='lat' dir='ltr'>impedimini</span> <span class='ocrx_word' id='word_1_189' title='bbox 961 2055 992 2084; x_wconf 88' lang='lat' dir='ltr'>et</span> <span class='ocrx_word' id='word_1_190' title='bbox 1008 2050 1158 2084; x_wconf 87' lang='lat' dir='ltr'>molesta-</span> 
     </span>
     <span class='ocr_line' id='line_1_35' title="bbox 419 2103 1156 2148; baseline 0 -11"><span class='ocrx_word' id='word_1_191' title='bbox 419 2104 520 2145; x_wconf 92' lang='lat' dir='ltr'>mini,</span> <span class='ocrx_word' id='word_1_192' title='bbox 548 2109 601 2137; x_wconf 87' lang='lat' dir='ltr'>aut</span> <span class='ocrx_word' id='word_1_193' title='bbox 627 2104 775 2148; x_wconf 87' lang='lat' dir='ltr'>impediri</span> <span class='ocrx_word' id='word_1_194' title='bbox 803 2104 980 2147; x_wconf 69' lang='lat' dir='ltr'>videmini)</span> <span class='ocrx_word' id='word_1_195' title='bbox 1011 2104 1050 2137; x_wconf 89' lang='lat' dir='ltr'>ad</span> <span class='ocrx_word' id='word_1_196' title='bbox 1075 2103 1156 2137; x_wconf 85' lang='lat' dir='ltr'>viam</span> 
     </span>
     <span class='ocr_line' id='line_1_36' title="bbox 418 2156 1154 2202; baseline -0.001 -11"><span class='ocrx_word' id='word_1_197' title='bbox 418 2158 495 2192; x_wconf 84' lang='lat' dir='ltr'>iuris</span> <span class='ocrx_word' id='word_1_198' title='bbox 520 2157 933 2197; x_wconf 55' lang='lat' dir='ltr'>communis‚021uctoritate</span> <span class='ocrx_word' id='word_1_199' title='bbox 958 2156 1154 2202; x_wconf 73' lang='lat' dir='ltr'>apostolica,</span> 
     </span>
     <span class='ocr_line' id='line_1_37' title="bbox 418 2211 1158 2256; baseline -0.003 -10"><span class='ocrx_word' id='word_1_200' title='bbox 418 2217 528 2246; x_wconf 88' lang='lat' dir='ltr'>tenore</span> <span class='ocrx_word' id='word_1_201' title='bbox 554 2212 773 2256; x_wconf 84' lang='lat' dir='ltr'>praesentium</span> <span class='ocrx_word' id='word_1_202' title='bbox 789 2239 796 2252; x_wconf 91' lang='lat'>,</span> <span class='ocrx_word' id='word_1_203' title='bbox 814 2212 942 2255; x_wconf 86' lang='lat' dir='ltr'>penitus</span> <span class='ocrx_word' id='word_1_204' title='bbox 970 2216 1002 2245; x_wconf 89' lang='lat' dir='ltr'>et</span> <span class='ocrx_word' id='word_1_205' title='bbox 1024 2211 1158 2245; x_wconf 87' lang='lat' dir='ltr'>omnino</span> 
     </span>
     <span class='ocr_line' id='line_1_38' title="bbox 418 2265 1159 2310; baseline -0.003 -11"><span class='ocrx_word' id='word_1_206' title='bbox 418 2277 453 2299; x_wconf 86' lang='lat' dir='ltr'>ac</span> <span class='ocrx_word' id='word_1_207' title='bbox 478 2271 634 2310; x_wconf 87' lang='lat' dir='ltr'>perpetuo</span> <span class='ocrx_word' id='word_1_208' title='bbox 661 2265 858 2305; x_wconf 86' lang='lat' dir='ltr'>reducimus,</span> <span class='ocrx_word' id='word_1_209' title='bbox 884 2275 1086 2306; x_wconf 82' lang='lat' dir='ltr'>revocamus,</span> <span class='ocrx_word' id='word_1_210' title='bbox 1110 2275 1159 2297; x_wconf 90' lang='lat' dir='ltr'>re-</span> 
     </span>
     <span class='ocr_line' id='line_1_39' title="bbox 417 2318 1160 2362; baseline -0.003 -9"><span class='ocrx_word' id='word_1_211' title='bbox 417 2319 604 2362; x_wconf 77' lang='lat' dir='ltr'>stringimus</span> <span class='ocrx_word' id='word_1_212' title='bbox 625 2324 655 2352; x_wconf 92' lang='lat' dir='ltr'>et</span> <span class='ocrx_word' id='word_1_213' title='bbox 671 2318 865 2359; x_wconf 84' lang='lat' dir='ltr'>limitamus;</span> <span class='ocrx_word' id='word_1_214' title='bbox 887 2329 987 2362; x_wconf 82' lang='lat' dir='ltr'>eaque</span> <span class='ocrx_word' id='word_1_215' title='bbox 1002 2318 1111 2351; x_wconf 87' lang='lat' dir='ltr'>omnia</span> <span class='ocrx_word' id='word_1_216' title='bbox 1129 2323 1160 2352; x_wconf 87' lang='lat' dir='ltr'>et</span> 
     </span>
     <span class='ocr_line' id='line_1_40' title="bbox 417 2371 1159 2416; baseline -0.003 -10"><span class='ocrx_word' id='word_1_217' title='bbox 417 2373 541 2416; x_wconf 80' lang='lat' dir='ltr'>singula</span> <span class='ocrx_word' id='word_1_218' title='bbox 557 2373 595 2405; x_wconf 93' lang='lat' dir='ltr'>de</span> <span class='ocrx_word' id='word_1_219' title='bbox 609 2377 747 2413; x_wconf 86' lang='lat' dir='ltr'>caetero,</span> <span class='ocrx_word' id='word_1_220' title='bbox 768 2371 931 2415; x_wconf 86' lang='lat' dir='ltr'>perpetuis</span> <span class='ocrx_word' id='word_1_221' title='bbox 952 2371 1066 2404; x_wconf 82' lang='lat' dir='ltr'>suturis</span> <span class='ocrx_word' id='word_1_222' title='bbox 1080 2374 1159 2405; x_wconf 89' lang='lat' dir='ltr'>tem-</span> 
     </span>
     <span class='ocr_line' id='line_1_41' title="bbox 418 2424 1158 2470; baseline -0.003 -10"><span class='ocrx_word' id='word_1_223' title='bbox 418 2426 560 2470; x_wconf 90' lang='lat' dir='ltr'>poribus,</span> <span class='ocrx_word' id='word_1_224' title='bbox 582 2425 784 2459; x_wconf 87' lang='lat' dir='ltr'>monasteriis</span> <span class='ocrx_word' id='word_1_225' title='bbox 805 2430 836 2458; x_wconf 88' lang='lat' dir='ltr'>et</span> <span class='ocrx_word' id='word_1_226' title='bbox 860 2424 1022 2465; x_wconf 85' lang='lat' dir='ltr'>domibus,</span> <span class='ocrx_word' id='word_1_227' title='bbox 1047 2435 1082 2458; x_wconf 88' lang='lat' dir='ltr'>ac</span> <span class='ocrx_word' id='word_1_228' title='bbox 1103 2425 1158 2459; x_wconf 89' lang='lat' dir='ltr'>Or-</span> 
     </span>
     <span class='ocr_line' id='line_1_42' title="bbox 419 2478 1160 2528; baseline -0.003 -15"><span class='ocrx_word' id='word_1_229' title='bbox 419 2480 548 2513; x_wconf 88' lang='lat' dir='ltr'>dinibus</span> <span class='ocrx_word' id='word_1_230' title='bbox 570 2479 737 2523; x_wconf 81' lang='lat' dir='ltr'>praefatis,</span> <span class='ocrx_word' id='word_1_231' title='bbox 762 2479 955 2528; x_wconf 78' lang='lat' dir='ltr'>illorumque</span> <span class='ocrx_word' id='word_1_232' title='bbox 986 2478 1160 2523; x_wconf 86' lang='lat' dir='ltr'>superiori·-</span> 
     </span>
     <span class='ocr_line' id='line_1_43' title="bbox 419 2531 1158 2575; baseline -0.003 -9"><span class='ocrx_word' id='word_1_233' title='bbox 419 2533 489 2574; x_wconf 90' lang='lat' dir='ltr'>bus,</span> <span class='ocrx_word' id='word_1_234' title='bbox 503 2532 722 2575; x_wconf 87' lang='lat' dir='ltr'>conventibus,</span> <span class='ocrx_word' id='word_1_235' title='bbox 736 2531 885 2566; x_wconf 82' lang='lat' dir='ltr'>fratribus</span> <span class='ocrx_word' id='word_1_236' title='bbox 903 2537 934 2565; x_wconf 90' lang='lat' dir='ltr'>et</span> <span class='ocrx_word' id='word_1_237' title='bbox 951 2531 1106 2575; x_wconf 87' lang='lat' dir='ltr'>personis,</span> <span class='ocrx_word' id='word_1_238' title='bbox 1119 2531 1158 2565; x_wconf 85' lang='lat' dir='ltr'>ad</span> 
     </span>
     <span class='ocr_line' id='line_1_44' title="bbox 418 2585 1159 2629; baseline -0.001 -10"><span class='ocrx_word' id='word_1_239' title='bbox 418 2587 490 2627; x_wconf 88' lang='lat' dir='ltr'>hoc,</span> <span class='ocrx_word' id='word_1_240' title='bbox 512 2592 545 2619; x_wconf 94' lang='lat' dir='ltr'>ut</span> <span class='ocrx_word' id='word_1_241' title='bbox 567 2586 694 2620; x_wconf 86' lang='lat' dir='ltr'>illorum</span> <span class='ocrx_word' id='word_1_242' title='bbox 713 2586 834 2629; x_wconf 78' lang='lat' dir='ltr'>vigore,</span> <span class='ocrx_word' id='word_1_243' title='bbox 855 2596 872 2618; x_wconf 90' lang='lat' dir='ltr'>a</span> <span class='ocrx_word' id='word_1_244' title='bbox 896 2585 1055 2619; x_wconf 87' lang='lat' dir='ltr'>solutione</span> <span class='ocrx_word' id='word_1_245' title='bbox 1074 2585 1159 2618; x_wconf 91' lang='lat' dir='ltr'>deci-</span> 
     </span>
     <span class='ocr_line' id='line_1_45' title="bbox 420 2635 1158 2684; baseline -0.003 -12"><span class='ocrx_word' id='word_1_246' title='bbox 420 2635 545 2672; x_wconf 75' lang='lat' dir='ltr'>marum</span> <span class='ocrx_word' id='word_1_247' title='bbox 561 2645 589 2673; x_wconf 90' lang='lat' dir='ltr'>et</span> <span class='ocrx_word' id='word_1_248' title='bbox 603 2639 818 2684; x_wconf 86' lang='lat' dir='ltr'>primitiarum</span> <span class='ocrx_word' id='word_1_249' title='bbox 847 2639 886 2673; x_wconf 92' lang='lat' dir='ltr'>de</span> <span class='ocrx_word' id='word_1_250' title='bbox 906 2638 976 2671; x_wconf 91' lang='lat' dir='ltr'>iure</span> <span class='ocrx_word' id='word_1_251' title='bbox 993 2637 1158 2671; x_wconf 89' lang='lat' dir='ltr'>communi</span> 
     </span>
     <span class='ocr_line' id='line_1_46' title="bbox 420 2692 1159 2736; baseline -0.003 -10"><span class='ocrx_word' id='word_1_252' title='bbox 420 2693 599 2727; x_wconf 86' lang='lat' dir='ltr'>debitarum</span> <span class='ocrx_word' id='word_1_253' title='bbox 625 2693 738 2735; x_wconf 84' lang='lat' dir='ltr'>eximi,</span> <span class='ocrx_word' id='word_1_254' title='bbox 767 2692 928 2734; x_wconf 85' lang='lat' dir='ltr'>excusari,</span> <span class='ocrx_word' id='word_1_255' title='bbox 956 2692 1002 2725; x_wconf 87' lang='lat' dir='ltr'>vel</span> <span class='ocrx_word' id='word_1_256' title='bbox 1028 2701 1159 2736; x_wconf 87' lang='lat' dir='ltr'>quoquo</span> 
     </span>
    </p>
   </div>
   <div class='ocr_carea' id='block_1_3' title="bbox 994 291 1347 316">
    <p class='ocr_par' dir='ltr' id='par_1_3' title="bbox 994 291 1347 316">
     <span class='ocr_line' id='line_1_47' title="bbox 994 291 1347 316; baseline 0.003 -1"><span class='ocrx_word' id='word_1_257' title='bbox 994 291 1176 316; x_wconf 75' lang='lat' dir='ltr'><strong>BULLAIUUM</strong></span> <span class='ocrx_word' id='word_1_258' title='bbox 1193 291 1347 316; x_wconf 74' lang='lat' dir='ltr'>ROMANUM</span> 
     </span>
    </p>
   </div>
   <div class='ocr_carea' id='block_1_4' title="bbox 1168 345 1180 2734">
    <p class='ocr_par' dir='ltr' id='par_1_4' title="bbox 1168 345 1180 2734">
     <span class='ocr_line' id='line_1_48' title="bbox 1168 345 1180 2734; baseline 0 0"><span class='ocrx_word' id='word_1_259' title='bbox 1168 345 1180 2734; x_wconf 95' lang='lat' dir='ltr'> </span> 
     </span>
    </p>
   </div>
   <div class='ocr_carea' id='block_1_5' title="bbox 1186 338 1933 2732">
    <p class='ocr_par' dir='ltr' id='par_1_5' title="bbox 1186 338 1933 2732">
     <span class='ocr_line' id='line_1_49' title="bbox 1187 338 1922 381; baseline 0.005 -10"><span class='ocrx_word' id='word_1_260' title='bbox 1187 339 1282 373; x_wconf 90' lang='lat' dir='ltr'>modo</span> <span class='ocrx_word' id='word_1_261' title='bbox 1303 338 1432 372; x_wconf 87' lang='lat' dir='ltr'>liberari</span> <span class='ocrx_word' id='word_1_262' title='bbox 1451 340 1585 381; x_wconf 85' lang='lat' dir='ltr'>valeant,</span> <span class='ocrx_word' id='word_1_263' title='bbox 1605 341 1786 375; x_wconf 88' lang='lat' dir='ltr'>nullatenus</span> <span class='ocrx_word' id='word_1_264' title='bbox 1810 342 1922 375; x_wconf 83' lang='lat' dir='ltr'>suffra-</span> 
     </span>
     <span class='ocr_line' id='line_1_50' title="bbox 1186 392 1923 437; baseline 0.005 -12"><span class='ocrx_word' id='word_1_265' title='bbox 1186 392 1270 435; x_wconf 78' lang='lat' dir='ltr'>gari3</span> <span class='ocrx_word' id='word_1_266' title='bbox 1294 392 1439 437; x_wconf 88' lang='lat' dir='ltr'>quinimo</span> <span class='ocrx_word' id='word_1_267' title='bbox 1461 394 1666 435; x_wconf 84' lang='lat' dir='ltr'>monasteria,</span> <span class='ocrx_word' id='word_1_268' title='bbox 1690 395 1803 428; x_wconf 92' lang='lat' dir='ltr'>domos</span> <span class='ocrx_word' id='word_1_269' title='bbox 1823 401 1854 428; x_wconf 91' lang='lat' dir='ltr'>et</span> <span class='ocrx_word' id='word_1_270' title='bbox 1866 395 1923 429; x_wconf 89' lang='lat' dir='ltr'>Or-</span> 
     </span>
     <span class='ocr_line' id='line_1_51' title="bbox 1187 445 1920 491; baseline 0.003 -12"><span class='ocrx_word' id='word_1_271' title='bbox 1187 445 1296 487; x_wconf 89' lang='lat' dir='ltr'>dines,</span> <span class='ocrx_word' id='word_1_272' title='bbox 1317 457 1494 491; x_wconf 90' lang='lat' dir='ltr'>eorumque</span> <span class='ocrx_word' id='word_1_273' title='bbox 1519 447 1700 491; x_wconf 78' lang='lat' dir='ltr'>praelatos,</span> <span class='ocrx_word' id='word_1_274' title='bbox 1728 453 1920 490; x_wconf 84' lang='lat' dir='ltr'>conventus,</span> 
     </span>
     <span class='ocr_line' id='line_1_52' title="bbox 1187 499 1923 544; baseline 0.004 -13"><span class='ocrx_word' id='word_1_275' title='bbox 1187 499 1298 532; x_wconf 82' lang='lat' dir='ltr'>fratres</span> <span class='ocrx_word' id='word_1_276' title='bbox 1315 504 1345 532; x_wconf 92' lang='lat' dir='ltr'>et</span> <span class='ocrx_word' id='word_1_277' title='bbox 1364 509 1518 544; x_wconf 87' lang='lat' dir='ltr'>personas</span> <span class='ocrx_word' id='word_1_278' title='bbox 1538 500 1577 533; x_wconf 84' lang='lat' dir='ltr'>ad</span> <span class='ocrx_word' id='word_1_279' title='bbox 1595 499 1794 534; x_wconf 87' lang='lat' dir='ltr'>decimarum</span> <span class='ocrx_word' id='word_1_280' title='bbox 1812 499 1923 534; x_wconf 91' lang='lat' dir='ltr'>huius-</span> 
     </span>
     <span class='ocr_line' id='line_1_53' title="bbox 1188 553 1925 598; baseline 0.003 -12"><span class='ocrx_word' id='word_1_281' title='bbox 1188 553 1274 587; x_wconf 88' lang='lat' dir='ltr'>modi</span> <span class='ocrx_word' id='word_1_282' title='bbox 1291 553 1496 595; x_wconf 91' lang='lat' dir='ltr'>solutionem,</span> <span class='ocrx_word' id='word_1_283' title='bbox 1522 553 1606 587; x_wconf 85' lang='lat' dir='ltr'>iuxta</span> <span class='ocrx_word' id='word_1_284' title='bbox 1625 553 1867 598; x_wconf 88' lang='lat' dir='ltr'>dispositionem</span> <span class='ocrx_word' id='word_1_285' title='bbox 1893 559 1925 588; x_wconf 83' lang='lat' dir='ltr'>et</span> 
     </span>
     <span class='ocr_line' id='line_1_54' title="bbox 1187 606 1923 641; baseline 0.003 -2"><span class='ocrx_word' id='word_1_286' title='bbox 1187 607 1321 640; x_wconf 87' lang='lat' dir='ltr'>sormam</span> <span class='ocrx_word' id='word_1_287' title='bbox 1344 618 1380 640; x_wconf 88' lang='lat' dir='ltr'>ac</span> <span class='ocrx_word' id='word_1_288' title='bbox 1400 611 1546 641; x_wconf 87' lang='lat' dir='ltr'>tenorem</span> <span class='ocrx_word' id='word_1_289' title='bbox 1564 606 1642 640; x_wconf 88' lang='lat' dir='ltr'>iuris</span> <span class='ocrx_word' id='word_1_290' title='bbox 1663 607 1844 641; x_wconf 87' lang='lat' dir='ltr'>communis</span> <span class='ocrx_word' id='word_1_291' title='bbox 1864 607 1923 641; x_wconf 87' lang='lat' dir='ltr'>hu-</span> 
     </span>
     <span class='ocr_line' id='line_1_55' title="bbox 1189 659 1924 704; baseline 0.003 -11"><span class='ocrx_word' id='word_1_292' title='bbox 1189 660 1338 701; x_wconf 87' lang='lat' dir='ltr'>iusmodi,</span> <span class='ocrx_word' id='word_1_293' title='bbox 1356 661 1455 694; x_wconf 89' lang='lat' dir='ltr'>teneri</span> <span class='ocrx_word' id='word_1_294' title='bbox 1474 665 1505 695; x_wconf 90' lang='lat' dir='ltr'>et</span> <span class='ocrx_word' id='word_1_295' title='bbox 1522 660 1695 695; x_wconf 82' lang='lat' dir='ltr'>efficaciter</span> <span class='ocrx_word' id='word_1_296' title='bbox 1719 659 1861 704; x_wconf 83' lang='lat' dir='ltr'>obligata</span> <span class='ocrx_word' id='word_1_297' title='bbox 1885 671 1924 695; x_wconf 85' lang='lat' dir='ltr'>ac</span> 
     </span>
     <span class='ocr_line' id='line_1_56' title="bbox 1188 712 1924 757; baseline 0.001 -11"><span class='ocrx_word' id='word_1_298' title='bbox 1188 712 1346 756; x_wconf 82' lang='lat' dir='ltr'>obligatos</span> <span class='ocrx_word' id='word_1_299' title='bbox 1364 713 1508 754; x_wconf 85' lang='lat' dir='ltr'>existere,</span> <span class='ocrx_word' id='word_1_300' title='bbox 1532 718 1562 747; x_wconf 88' lang='lat' dir='ltr'>et</span> <span class='ocrx_word' id='word_1_301' title='bbox 1582 713 1621 747; x_wconf 91' lang='lat' dir='ltr'>ad</span> <span class='ocrx_word' id='word_1_302' title='bbox 1641 713 1673 746; x_wconf 94' lang='lat' dir='ltr'>id</span> <span class='ocrx_word' id='word_1_303' title='bbox 1698 724 1756 757; x_wconf 89' lang='lat' dir='ltr'>per</span> <span class='ocrx_word' id='word_1_304' title='bbox 1774 724 1924 747; x_wconf 87' lang='lat' dir='ltr'>censuras</span> 
     </span>
     <span class='ocr_line' id='line_1_57' title="bbox 1188 765 1922 810; baseline 0.001 -11"><span class='ocrx_word' id='word_1_305' title='bbox 1188 771 1218 799; x_wconf 91' lang='lat' dir='ltr'>et</span> <span class='ocrx_word' id='word_1_306' title='bbox 1238 775 1358 810; x_wconf 85' lang='lat' dir='ltr'>poenas</span> <span class='ocrx_word' id='word_1_307' title='bbox 1383 765 1623 807; x_wconf 82' lang='lat' dir='ltr'>ecclesiasticas,</span> <span class='ocrx_word' id='word_1_308' title='bbox 1647 777 1684 800; x_wconf 90' lang='lat' dir='ltr'>ac</span> <span class='ocrx_word' id='word_1_309' title='bbox 1708 765 1802 800; x_wconf 86' lang='lat' dir='ltr'>etiam</span> <span class='ocrx_word' id='word_1_310' title='bbox 1820 776 1922 810; x_wconf 90' lang='lat' dir='ltr'>pecu—</span> 
     </span>
     <span class='ocr_line' id='line_1_58' title="bbox 1189 818 1922 863; baseline 0.001 -12"><span class='ocrx_word' id='word_1_311' title='bbox 1189 818 1316 860; x_wconf 83' lang='lat' dir='ltr'>niarias,</span> <span class='ocrx_word' id='word_1_312' title='bbox 1338 824 1368 852; x_wconf 87' lang='lat' dir='ltr'>et</span> <span class='ocrx_word' id='word_1_313' title='bbox 1389 819 1449 852; x_wconf 89' lang='lat' dir='ltr'>alia</span> <span class='ocrx_word' id='word_1_314' title='bbox 1471 824 1654 863; x_wconf 87' lang='lat' dir='ltr'>opportuna</span> <span class='ocrx_word' id='word_1_315' title='bbox 1671 818 1750 852; x_wconf 90' lang='lat' dir='ltr'>iuris</span> <span class='ocrx_word' id='word_1_316' title='bbox 1767 818 1922 860; x_wconf 87' lang='lat' dir='ltr'>remedia,</span> 
     </span>
     <span class='ocr_line' id='line_1_59' title="bbox 1188 871 1926 916; baseline 0 -11"><span class='ocrx_word' id='word_1_317' title='bbox 1188 882 1246 916; x_wconf 89' lang='lat' dir='ltr'>per</span> <span class='ocrx_word' id='word_1_318' title='bbox 1275 872 1430 906; x_wconf 87' lang='lat' dir='ltr'>dictarum</span> <span class='ocrx_word' id='word_1_319' title='bbox 1459 872 1665 906; x_wconf 86' lang='lat' dir='ltr'>ecclesiarum</span> <span class='ocrx_word' id='word_1_320' title='bbox 1694 871 1926 906; x_wconf 82' lang='lat' dir='ltr'>cathedralium</span> 
     </span>
     <span class='ocr_line' id='line_1_60' title="bbox 1189 925 1926 970; baseline 0 -12"><span class='ocrx_word' id='word_1_321' title='bbox 1189 926 1348 969; x_wconf 83' lang='lat' dir='ltr'>praelatos</span> <span class='ocrx_word' id='word_1_322' title='bbox 1362 926 1431 969; x_wconf 82' lang='lat' dir='ltr'>cogi</span> <span class='ocrx_word' id='word_1_323' title='bbox 1444 931 1475 960; x_wconf 87' lang='lat' dir='ltr'>et</span> <span class='ocrx_word' id='word_1_324' title='bbox 1487 926 1636 970; x_wconf 89' lang='lat' dir='ltr'>compelli</span> <span class='ocrx_word' id='word_1_325' title='bbox 1648 937 1743 970; x_wconf 89' lang='lat' dir='ltr'>posse</span> <span class='ocrx_word' id='word_1_326' title='bbox 1756 930 1786 959; x_wconf 89' lang='lat' dir='ltr'>et</span> <span class='ocrx_word' id='word_1_327' title='bbox 1799 925 1926 967; x_wconf 87' lang='lat' dir='ltr'>debere,</span> 
     </span>
     <span class='ocr_line' id='line_1_61' title="bbox 1189 977 1927 1013; baseline 0 -1"><span class='ocrx_word' id='word_1_328' title='bbox 1189 977 1404 1013; x_wconf 89' lang='lat' dir='ltr'>decernimus.</span> <span class='ocrx_word' id='word_1_329' title='bbox 1422 979 1485 1013; x_wconf 91' lang='lat' dir='ltr'>Nec</span> <span class='ocrx_word' id='word_1_330' title='bbox 1498 989 1563 1012; x_wconf 91' lang='lat' dir='ltr'>non</span> <span class='ocrx_word' id='word_1_331' title='bbox 1584 978 1703 1013; x_wconf 92' lang='lat' dir='ltr'>eisdem</span> <span class='ocrx_word' id='word_1_332' title='bbox 1726 977 1927 1012; x_wconf 86' lang='lat' dir='ltr'>monasteriis</span> 
     </span>
     <span class='ocr_line' id='line_1_62' title="bbox 1189 1032 1926 1078; baseline 0 -13"><span class='ocrx_word' id='word_1_333' title='bbox 1189 1038 1219 1065; x_wconf 90' lang='lat' dir='ltr'>et</span> <span class='ocrx_word' id='word_1_334' title='bbox 1237 1032 1398 1074; x_wconf 89' lang='lat' dir='ltr'>domibus,</span> <span class='ocrx_word' id='word_1_335' title='bbox 1427 1043 1605 1078; x_wconf 87' lang='lat' dir='ltr'>eorumque</span> <span class='ocrx_word' id='word_1_336' title='bbox 1631 1032 1851 1073; x_wconf 88' lang='lat' dir='ltr'>conventibus,</span> <span class='ocrx_word' id='word_1_337' title='bbox 1868 1043 1926 1070; x_wconf 72' lang='lat' dir='ltr'>‚su-</span> 
     </span>
     <span class='ocr_line' id='line_1_63' title="bbox 1189 1085 1928 1130; baseline 0.001 -13"><span class='ocrx_word' id='word_1_338' title='bbox 1189 1085 1371 1129; x_wconf 86' lang='lat' dir='ltr'>perioribus</span> <span class='ocrx_word' id='word_1_339' title='bbox 1399 1092 1428 1120; x_wconf 86' lang='lat' dir='ltr'>et</span> <span class='ocrx_word' id='word_1_340' title='bbox 1456 1087 1625 1128; x_wconf 85' lang='lat' dir='ltr'>fratribus,</span> <span class='ocrx_word' id='word_1_341' title='bbox 1649 1097 1746 1130; x_wconf 90' lang='lat' dir='ltr'>super</span> <span class='ocrx_word' id='word_1_342' title='bbox 1770 1085 1872 1120; x_wconf 87' lang='lat' dir='ltr'>causis</span> <span class='ocrx_word' id='word_1_343' title='bbox 1897 1089 1928 1119; x_wconf 87' lang='lat' dir='ltr'>et</span> 
     </span>
     <span class='ocr_line' id='line_1_64' title="bbox 1191 1137 1926 1183; baseline 0.001 -12"><span class='ocrx_word' id='word_1_344' title='bbox 1191 1137 1299 1172; x_wconf 89' lang='lat' dir='ltr'>litibus</span> <span class='ocrx_word' id='word_1_345' title='bbox 1330 1139 1502 1183; x_wconf 87' lang='lat' dir='ltr'>praedictis</span> <span class='ocrx_word' id='word_1_346' title='bbox 1531 1144 1561 1173; x_wconf 92' lang='lat' dir='ltr'>et</span> <span class='ocrx_word' id='word_1_347' title='bbox 1590 1139 1629 1172; x_wconf 91' lang='lat' dir='ltr'>ab</span> <span class='ocrx_word' id='word_1_348' title='bbox 1651 1139 1716 1181; x_wconf 90' lang='lat' dir='ltr'>eis,</span> <span class='ocrx_word' id='word_1_349' title='bbox 1748 1139 1796 1172; x_wconf 89' lang='lat' dir='ltr'>vel</span> <span class='ocrx_word' id='word_1_350' title='bbox 1816 1149 1926 1173; x_wconf 88' lang='lat' dir='ltr'>earum</span> 
     </span>
     <span class='ocr_line' id='line_1_65' title="bbox 1190 1191 1928 1236; baseline 0.003 -13"><span class='ocrx_word' id='word_1_351' title='bbox 1190 1191 1307 1235; x_wconf 75' lang='lat' dir='ltr'>aliqua,</span> <span class='ocrx_word' id='word_1_352' title='bbox 1321 1192 1588 1236; x_wconf 88' lang='lat' dir='ltr'>dependentibus,</span> <span class='ocrx_word' id='word_1_353' title='bbox 1605 1191 1854 1236; x_wconf 79' lang='lat' dir='ltr'>emergentibus,</span> <span class='ocrx_word' id='word_1_354' title='bbox 1873 1202 1928 1225; x_wconf 87' lang='lat' dir='ltr'>an-</span> 
     </span>
     <span class='ocr_line' id='line_1_66' title="bbox 1189 1244 1928 1287; baseline 0 -9"><span class='ocrx_word' id='word_1_355' title='bbox 1189 1244 1277 1278; x_wconf 85' lang='lat' dir='ltr'>nexis</span> <span class='ocrx_word' id='word_1_356' title='bbox 1298 1249 1328 1278; x_wconf 91' lang='lat' dir='ltr'>et</span> <span class='ocrx_word' id='word_1_357' title='bbox 1353 1246 1515 1287; x_wconf 81' lang='lat' dir='ltr'>connexis,</span> <span class='ocrx_word' id='word_1_358' title='bbox 1544 1256 1581 1279; x_wconf 85' lang='lat' dir='ltr'>ex</span> <span class='ocrx_word' id='word_1_359' title='bbox 1607 1248 1693 1279; x_wconf 79' lang='lat' dir='ltr'>certa</span> <span class='ocrx_word' id='word_1_360' title='bbox 1717 1244 1861 1287; x_wconf 76' lang='lat' dir='ltr'>seientia,</span> <span class='ocrx_word' id='word_1_361' title='bbox 1891 1256 1928 1279; x_wconf 87' lang='lat' dir='ltr'>ac</span> 
     </span>
     <span class='ocr_line' id='line_1_67' title="bbox 1190 1298 1928 1343; baseline -0.001 -11"><span class='ocrx_word' id='word_1_362' title='bbox 1190 1299 1228 1332; x_wconf 89' lang='lat' dir='ltr'>de</span> <span class='ocrx_word' id='word_1_363' title='bbox 1242 1299 1438 1342; x_wconf 84' lang='lat' dir='ltr'>apostolicae</span> <span class='ocrx_word' id='word_1_364' title='bbox 1450 1299 1615 1342; x_wconf 89' lang='lat' dir='ltr'>potestatis</span> <span class='ocrx_word' id='word_1_365' title='bbox 1633 1298 1844 1343; x_wconf 87' lang='lat' dir='ltr'>plenitudine,</span> <span class='ocrx_word' id='word_1_366' title='bbox 1856 1308 1928 1342; x_wconf 87' lang='lat' dir='ltr'>per-</span> 
     </span>
     <span class='ocr_line' id='line_1_68' title="bbox 1190 1352 1929 1396; baseline -0.001 -10"><span class='ocrx_word' id='word_1_367' title='bbox 1190 1358 1323 1396; x_wconf 87' lang='lat' dir='ltr'>petuum</span> <span class='ocrx_word' id='word_1_368' title='bbox 1344 1352 1506 1386; x_wconf 89' lang='lat' dir='ltr'>silentium</span> <span class='ocrx_word' id='word_1_369' title='bbox 1529 1352 1735 1396; x_wconf 71' lang='lat' dir='ltr'>imponimus,</span> <span class='ocrx_word' id='word_1_370' title='bbox 1760 1362 1797 1386; x_wconf 86' lang='lat' dir='ltr'>ac</span> <span class='ocrx_word' id='word_1_371' title='bbox 1818 1361 1929 1385; x_wconf 83' lang='lat' dir='ltr'>mona-</span> 
     </span>
     <span class='ocr_line' id='line_1_69' title="bbox 1189 1405 1929 1450; baseline 0 -11"><span class='ocrx_word' id='word_1_372' title='bbox 1189 1406 1285 1440; x_wconf 80' lang='lat' dir='ltr'>steria</span> <span class='ocrx_word' id='word_1_373' title='bbox 1302 1412 1333 1440; x_wconf 86' lang='lat' dir='ltr'>et</span> <span class='ocrx_word' id='word_1_374' title='bbox 1349 1407 1476 1447; x_wconf 90' lang='lat' dir='ltr'>domus,</span> <span class='ocrx_word' id='word_1_375' title='bbox 1491 1417 1549 1440; x_wconf 91' lang='lat' dir='ltr'>nee</span> <span class='ocrx_word' id='word_1_376' title='bbox 1566 1417 1630 1440; x_wconf 91' lang='lat' dir='ltr'>non</span> <span class='ocrx_word' id='word_1_377' title='bbox 1644 1405 1837 1450; x_wconf 87' lang='lat' dir='ltr'>superiores,</span> <span class='ocrx_word' id='word_1_378' title='bbox 1857 1415 1929 1439; x_wconf 87' lang='lat' dir='ltr'>eon-</span> 
     </span>
     <span class='ocr_line' id='line_1_70' title="bbox 1190 1459 1928 1503; baseline 0 -11"><span class='ocrx_word' id='word_1_379' title='bbox 1190 1465 1302 1494; x_wconf 88' lang='lat' dir='ltr'>ventus</span> <span class='ocrx_word' id='word_1_380' title='bbox 1317 1466 1347 1493; x_wconf 89' lang='lat' dir='ltr'>et</span> <span class='ocrx_word' id='word_1_381' title='bbox 1368 1459 1481 1493; x_wconf 85' lang='lat' dir='ltr'>fratres</span> <span class='ocrx_word' id='word_1_382' title='bbox 1494 1459 1680 1493; x_wconf 83' lang='lat' dir='ltr'>huiusmodi</span> <span class='ocrx_word' id='word_1_383' title='bbox 1698 1459 1764 1492; x_wconf 92' lang='lat' dir='ltr'>ullo</span> <span class='ocrx_word' id='word_1_384' title='bbox 1785 1469 1928 1503; x_wconf 87' lang='lat' dir='ltr'>unquam</span> 
     </span>
     <span class='ocr_line' id='line_1_71' title="bbox 1192 1512 1931 1558; baseline -0.001 -11"><span class='ocrx_word' id='word_1_385' title='bbox 1192 1519 1356 1558; x_wconf 86' lang='lat' dir='ltr'>tempore,</span> <span class='ocrx_word' id='word_1_386' title='bbox 1394 1513 1489 1547; x_wconf 87' lang='lat' dir='ltr'>etiam</span> <span class='ocrx_word' id='word_1_387' title='bbox 1521 1513 1662 1546; x_wconf 86' lang='lat' dir='ltr'>enormis</span> <span class='ocrx_word' id='word_1_388' title='bbox 1694 1512 1844 1546; x_wconf 84' lang='lat' dir='ltr'>laesionis</span> <span class='ocrx_word' id='word_1_389' title='bbox 1876 1517 1931 1546; x_wconf 89' lang='lat' dir='ltr'>aut</span> 
     </span>
     <span class='ocr_line' id='line_1_72' title="bbox 1191 1566 1930 1612; baseline 0 -12"><span class='ocrx_word' id='word_1_390' title='bbox 1191 1567 1301 1612; x_wconf 89' lang='lat' dir='ltr'>quovis</span> <span class='ocrx_word' id='word_1_391' title='bbox 1319 1572 1495 1611; x_wconf 87' lang='lat' dir='ltr'>praetextu,</span> <span class='ocrx_word' id='word_1_392' title='bbox 1513 1567 1649 1611; x_wconf 87' lang='lat' dir='ltr'>desuper</span> <span class='ocrx_word' id='word_1_393' title='bbox 1662 1566 1786 1609; x_wconf 81' lang='lat' dir='ltr'>litigare</span> <span class='ocrx_word' id='word_1_394' title='bbox 1806 1577 1862 1600; x_wconf 87' lang='lat' dir='ltr'>seu</span> <span class='ocrx_word' id='word_1_395' title='bbox 1883 1576 1930 1600; x_wconf 86' lang='lat' dir='ltr'>re-</span> 
     </span>
     <span class='ocr_line' id='line_1_73' title="bbox 1191 1618 1930 1664; baseline -0.004 -10"><span class='ocrx_word' id='word_1_396' title='bbox 1191 1621 1339 1661; x_wconf 84' lang='lat' dir='ltr'>clamare,</span> <span class='ocrx_word' id='word_1_397' title='bbox 1361 1620 1569 1653; x_wconf 88' lang='lat' dir='ltr'>veladversus</span> <span class='ocrx_word' id='word_1_398' title='bbox 1589 1624 1772 1664; x_wconf 85' lang='lat' dir='ltr'>praesentes</span> <span class='ocrx_word' id='word_1_399' title='bbox 1797 1619 1829 1652; x_wconf 91' lang='lat' dir='ltr'>in</span> <span class='ocrx_word' id='word_1_400' title='bbox 1850 1618 1930 1652; x_wconf 88' lang='lat' dir='ltr'>inte-</span> 
     </span>
     <span class='ocr_line' id='line_1_74' title="bbox 1191 1667 1930 1717; baseline -0.001 -11"><span class='ocrx_word' id='word_1_401' title='bbox 1191 1684 1282 1717; x_wconf 80' lang='lat' dir='ltr'>grum</span> <span class='ocrx_word' id='word_1_402' title='bbox 1298 1685 1353 1707; x_wconf 90' lang='lat' dir='ltr'>seu</span> <span class='ocrx_word' id='word_1_403' title='bbox 1364 1667 1458 1706; x_wconf 74' lang='lat' dir='ltr'>aliam</span> <span class='ocrx_word' id='word_1_404' title='bbox 1475 1673 1709 1715; x_wconf 87' lang='lat' dir='ltr'>restitutionem</span> <span class='ocrx_word' id='word_1_405' title='bbox 1724 1673 1754 1705; x_wconf 90' lang='lat' dir='ltr'>in</span> <span class='ocrx_word' id='word_1_406' title='bbox 1768 1677 1870 1706; x_wconf 91' lang='lat' dir='ltr'>totum</span> <span class='ocrx_word' id='word_1_407' title='bbox 1881 1672 1930 1706; x_wconf 88' lang='lat' dir='ltr'>vel</span> 
     </span>
     <span class='ocr_line' id='line_1_75' title="bbox 1192 1726 1926 1772; baseline -0.001 -12"><span class='ocrx_word' id='word_1_408' title='bbox 1192 1728 1222 1760; x_wconf 88' lang='lat' dir='ltr'>in</span> <span class='ocrx_word' id='word_1_409' title='bbox 1234 1733 1356 1772; x_wconf 87' lang='lat' dir='ltr'>partem</span> <span class='ocrx_word' id='word_1_410' title='bbox 1377 1732 1485 1771; x_wconf 86' lang='lat' dir='ltr'>petere</span> <span class='ocrx_word' id='word_1_411' title='bbox 1507 1726 1553 1759; x_wconf 89' lang='lat' dir='ltr'>vel</span> <span class='ocrx_word' id='word_1_412' title='bbox 1568 1726 1715 1759; x_wconf 87' lang='lat' dir='ltr'>obtinere</span> <span class='ocrx_word' id='word_1_413' title='bbox 1733 1736 1796 1759; x_wconf 90' lang='lat' dir='ltr'>non</span> <span class='ocrx_word' id='word_1_414' title='bbox 1813 1736 1926 1770; x_wconf 90' lang='lat' dir='ltr'>posse;</span> 
     </span>
     <span class='ocr_line' id='line_1_76' title="bbox 1191 1779 1930 1825; baseline -0.003 -11"><span class='ocrx_word' id='word_1_415' title='bbox 1191 1792 1227 1814; x_wconf 88' lang='lat' dir='ltr'>ac</span> <span class='ocrx_word' id='word_1_416' title='bbox 1249 1786 1432 1825; x_wconf 86' lang='lat' dir='ltr'>praesentes</span> <span class='ocrx_word' id='word_1_417' title='bbox 1449 1780 1580 1820; x_wconf 85' lang='lat' dir='ltr'>litteras,</span> <span class='ocrx_word' id='word_1_418' title='bbox 1603 1785 1633 1812; x_wconf 88' lang='lat' dir='ltr'>et</span> <span class='ocrx_word' id='word_1_419' title='bbox 1656 1779 1687 1812; x_wconf 92' lang='lat' dir='ltr'>in</span> <span class='ocrx_word' id='word_1_420' title='bbox 1710 1779 1753 1812; x_wconf 86' lang='lat' dir='ltr'>eis</span> <span class='ocrx_word' id='word_1_421' title='bbox 1781 1784 1930 1813; x_wconf 84' lang='lat' dir='ltr'>contenta</span> 
     </span>
     <span class='ocr_line' id='line_1_77' title="bbox 1192 1832 1930 1879; baseline -0.003 -12"><span class='ocrx_word' id='word_1_422' title='bbox 1192 1844 1435 1879; x_wconf 85' lang='lat' dir='ltr'>quaecumque,</span> <span class='ocrx_word' id='word_1_423' title='bbox 1456 1834 1494 1867; x_wconf 93' lang='lat' dir='ltr'>de</span> <span class='ocrx_word' id='word_1_424' title='bbox 1514 1832 1733 1877; x_wconf 86' lang='lat' dir='ltr'>subreptionis</span> <span class='ocrx_word' id='word_1_425' title='bbox 1752 1833 1801 1866; x_wconf 90' lang='lat' dir='ltr'>vel</span> <span class='ocrx_word' id='word_1_426' title='bbox 1815 1832 1930 1876; x_wconf 87' lang='lat' dir='ltr'>obrep-</span> 
     </span>
     <span class='ocr_line' id='line_1_78' title="bbox 1194 1885 1930 1930; baseline -0.004 -9"><span class='ocrx_word' id='word_1_427' title='bbox 1194 1887 1298 1930; x_wconf 81' lang='lat' dir='ltr'>tionis,</span> <span class='ocrx_word' id='word_1_428' title='bbox 1314 1893 1368 1920; x_wconf 84' lang='lat' dir='ltr'>aut</span> <span class='ocrx_word' id='word_1_429' title='bbox 1386 1886 1542 1920; x_wconf 91' lang='lat' dir='ltr'>nullitatis</span> <span class='ocrx_word' id='word_1_430' title='bbox 1563 1886 1651 1927; x_wconf 85' lang='lat' dir='ltr'>vitio,</span> <span class='ocrx_word' id='word_1_431' title='bbox 1668 1896 1724 1920; x_wconf 90' lang='lat' dir='ltr'>seu</span> <span class='ocrx_word' id='word_1_432' title='bbox 1744 1885 1930 1920; x_wconf 84' lang='lat' dir='ltr'>intentionis</span> 
     </span>
     <span class='ocr_line' id='line_1_79' title="bbox 1191 1937 1931 1984; baseline -0.003 -10"><span class='ocrx_word' id='word_1_433' title='bbox 1191 1946 1318 1974; x_wconf 85' lang='lat' dir='ltr'>nostrae</span> <span class='ocrx_word' id='word_1_434' title='bbox 1332 1940 1468 1981; x_wconf 82' lang='lat' dir='ltr'>defectu,</span> <span class='ocrx_word' id='word_1_435' title='bbox 1481 1939 1592 1984; x_wconf 89' lang='lat' dir='ltr'>quovis</span> <span class='ocrx_word' id='word_1_436' title='bbox 1601 1944 1777 1984; x_wconf 85' lang='lat' dir='ltr'>praetextu,</span> <span class='ocrx_word' id='word_1_437' title='bbox 1791 1937 1931 1972; x_wconf 88' lang='lat' dir='ltr'>occasio-</span> 
     </span>
     <span class='ocr_line' id='line_1_80' title="bbox 1193 1992 1930 2037; baseline -0.004 -9"><span class='ocrx_word' id='word_1_438' title='bbox 1193 2005 1243 2035; x_wconf 80' lang='lat' dir='ltr'>ne,</span> <span class='ocrx_word' id='word_1_439' title='bbox 1261 1994 1307 2028; x_wconf 88' lang='lat' dir='ltr'>vel</span> <span class='ocrx_word' id='word_1_440' title='bbox 1323 1995 1428 2036; x_wconf 71' lang='lat' dir='ltr'>causa,</span> <span class='ocrx_word' id='word_1_441' title='bbox 1442 1993 1545 2027; x_wconf 86' lang='lat' dir='ltr'>notari</span> <span class='ocrx_word' id='word_1_442' title='bbox 1556 1994 1602 2026; x_wconf 88' lang='lat' dir='ltr'>vel</span> <span class='ocrx_word' id='word_1_443' title='bbox 1617 1992 1808 2037; x_wconf 77' lang='lat' dir='ltr'>impugnari,</span> <span class='ocrx_word' id='word_1_444' title='bbox 1824 1997 1878 2026; x_wconf 89' lang='lat' dir='ltr'>aut</span> <span class='ocrx_word' id='word_1_445' title='bbox 1898 1992 1930 2025; x_wconf 93' lang='lat' dir='ltr'>in</span> 
     </span>
     <span class='ocr_line' id='line_1_81' title="bbox 1192 2046 1928 2092; baseline -0.001 -12"><span class='ocrx_word' id='word_1_446' title='bbox 1192 2048 1403 2092; x_wconf 85' lang='lat' dir='ltr'>aliquomodo</span> <span class='ocrx_word' id='word_1_447' title='bbox 1416 2047 1586 2087; x_wconf 87' lang='lat' dir='ltr'>annullari,</span> <span class='ocrx_word' id='word_1_448' title='bbox 1595 2046 1733 2087; x_wconf 85' lang='lat' dir='ltr'>alterari,</span> <span class='ocrx_word' id='word_1_449' title='bbox 1746 2047 1794 2080; x_wconf 92' lang='lat' dir='ltr'>vel</span> <span class='ocrx_word' id='word_1_450' title='bbox 1805 2046 1928 2087; x_wconf 88' lang='lat' dir='ltr'>reduci,</span> 
     </span>
     <span class='ocr_line' id='line_1_82' title="bbox 1192 2100 1930 2142; baseline -0.004 -6"><span class='ocrx_word' id='word_1_451' title='bbox 1192 2113 1249 2136; x_wconf 89' lang='lat' dir='ltr'>seu</span> <span class='ocrx_word' id='word_1_452' title='bbox 1273 2102 1448 2142; x_wconf 86' lang='lat' dir='ltr'>annullata,</span> <span class='ocrx_word' id='word_1_453' title='bbox 1466 2101 1610 2142; x_wconf 87' lang='lat' dir='ltr'>alterata,</span> <span class='ocrx_word' id='word_1_454' title='bbox 1632 2106 1686 2134; x_wconf 88' lang='lat' dir='ltr'>aut</span> <span class='ocrx_word' id='word_1_455' title='bbox 1703 2100 1835 2134; x_wconf 86' lang='lat' dir='ltr'>reducta</span> <span class='ocrx_word' id='word_1_456' title='bbox 1855 2110 1930 2133; x_wconf 91' lang='lat' dir='ltr'>cen-</span> 
     </span>
     <span class='ocr_line' id='line_1_83' title="bbox 1193 2153 1932 2199; baseline -0.004 -10"><span class='ocrx_word' id='word_1_457' title='bbox 1193 2155 1265 2196; x_wconf 88' lang='lat' dir='ltr'>seri,</span> <span class='ocrx_word' id='word_1_458' title='bbox 1283 2155 1464 2188; x_wconf 87' lang='lat' dir='ltr'>nullatenus</span> <span class='ocrx_word' id='word_1_459' title='bbox 1474 2165 1579 2199; x_wconf 81' lang='lat' dir='ltr'>posse;</span> <span class='ocrx_word' id='word_1_460' title='bbox 1592 2154 1647 2188; x_wconf 88' lang='lat' dir='ltr'>sed</span> <span class='ocrx_word' id='word_1_461' title='bbox 1662 2153 1765 2187; x_wconf 78' lang='lat' dir='ltr'>valida</span> <span class='ocrx_word' id='word_1_462' title='bbox 1778 2159 1808 2186; x_wconf 92' lang='lat' dir='ltr'>et</span> <span class='ocrx_word' id='word_1_463' title='bbox 1828 2153 1932 2186; x_wconf 86' lang='lat' dir='ltr'>effica-</span> 
     </span>
     <span class='ocr_line' id='line_1_84' title="bbox 1193 2205 1930 2252; baseline -0.004 -10"><span class='ocrx_word' id='word_1_464' title='bbox 1193 2208 1240 2242; x_wconf 87' lang='lat' dir='ltr'>cia</span> <span class='ocrx_word' id='word_1_465' title='bbox 1255 2208 1400 2249; x_wconf 85' lang='lat' dir='ltr'>existere,</span> <span class='ocrx_word' id='word_1_466' title='bbox 1422 2218 1561 2252; x_wconf 89' lang='lat' dir='ltr'>suosque</span> <span class='ocrx_word' id='word_1_467' title='bbox 1578 2206 1738 2251; x_wconf 88' lang='lat' dir='ltr'>plenarios</span> <span class='ocrx_word' id='word_1_468' title='bbox 1747 2205 1877 2240; x_wconf 86' lang='lat' dir='ltr'>effeetus</span> <span class='ocrx_word' id='word_1_469' title='bbox 1897 2205 1930 2239; x_wconf 91' lang='lat' dir='ltr'>in</span> 
     </span>
     <span class='ocr_line' id='line_1_85' title="bbox 1194 2259 1931 2304; baseline -0.005 -8"><span class='ocrx_word' id='word_1_470' title='bbox 1194 2267 1296 2296; x_wconf 83' lang='lat' dir='ltr'>totum</span> <span class='ocrx_word' id='word_1_471' title='bbox 1318 2261 1424 2295; x_wconf 86' lang='lat' dir='ltr'>sortiri</span> <span class='ocrx_word' id='word_1_472' title='bbox 1440 2261 1577 2301; x_wconf 71' lang='lat' dir='ltr'>debere,</span> <span class='ocrx_word' id='word_1_473' title='bbox 1598 2260 1724 2304; x_wconf 88' lang='lat' dir='ltr'>illisque</span> <span class='ocrx_word' id='word_1_474' title='bbox 1749 2259 1931 2293; x_wconf 88' lang='lat' dir='ltr'>nullatenus</span> 
     </span>
     <span class='ocr_line' id='line_1_86' title="bbox 1194 2313 1930 2360; baseline -0.004 -11"><span class='ocrx_word' id='word_1_475' title='bbox 1194 2315 1341 2358; x_wconf 82' lang='lat' dir='ltr'>derogari</span> <span class='ocrx_word' id='word_1_476' title='bbox 1355 2325 1460 2360; x_wconf 85' lang='lat' dir='ltr'>posse,</span> <span class='ocrx_word' id='word_1_477' title='bbox 1473 2320 1514 2356; x_wconf 87' lang='lat' dir='ltr'>et,</span> <span class='ocrx_word' id='word_1_478' title='bbox 1534 2314 1559 2348; x_wconf 91' lang='lat' dir='ltr'>si</span> <span class='ocrx_word' id='word_1_479' title='bbox 1574 2313 1636 2347; x_wconf 90' lang='lat' dir='ltr'>illis</span> <span class='ocrx_word' id='word_1_480' title='bbox 1650 2314 1835 2356; x_wconf 79' lang='lat' dir='ltr'>derogetur,</span> <span class='ocrx_word' id='word_1_481' title='bbox 1852 2323 1930 2357; x_wconf 85' lang='lat' dir='ltr'>quo-</span> 
     </span>
     <span class='ocr_line' id='line_1_87' title="bbox 1195 2367 1930 2411; baseline -0.005 -8"><span class='ocrx_word' id='word_1_482' title='bbox 1195 2370 1252 2403; x_wconf 88' lang='lat' dir='ltr'>ties</span> <span class='ocrx_word' id='word_1_483' title='bbox 1272 2369 1303 2403; x_wconf 94' lang='lat' dir='ltr'>id</span> <span class='ocrx_word' id='word_1_484' title='bbox 1324 2368 1390 2411; x_wconf 84' lang='lat' dir='ltr'>fiet,</span> <span class='ocrx_word' id='word_1_485' title='bbox 1412 2368 1505 2402; x_wconf 86' lang='lat' dir='ltr'>toties</span> <span class='ocrx_word' id='word_1_486' title='bbox 1519 2378 1556 2401; x_wconf 90' lang='lat' dir='ltr'>ea</span> <span class='ocrx_word' id='word_1_487' title='bbox 1569 2368 1600 2400; x_wconf 92' lang='lat' dir='ltr'>in</span> <span class='ocrx_word' id='word_1_488' title='bbox 1621 2367 1791 2411; x_wconf 89' lang='lat' dir='ltr'>pristinum</span> <span class='ocrx_word' id='word_1_489' title='bbox 1811 2371 1930 2400; x_wconf 86' lang='lat' dir='ltr'>statum</span> 
     </span>
     <span class='ocr_line' id='line_1_88' title="bbox 1194 2420 1931 2467; baseline -0.007 -10"><span class='ocrx_word' id='word_1_490' title='bbox 1194 2423 1350 2464; x_wconf 85' lang='lat' dir='ltr'>restituta,</span> <span class='ocrx_word' id='word_1_491' title='bbox 1368 2422 1508 2467; x_wconf 84' lang='lat' dir='ltr'>reposita</span> <span class='ocrx_word' id='word_1_492' title='bbox 1525 2427 1555 2455; x_wconf 90' lang='lat' dir='ltr'>et</span> <span class='ocrx_word' id='word_1_493' title='bbox 1575 2421 1719 2466; x_wconf 86' lang='lat' dir='ltr'>plenarie</span> <span class='ocrx_word' id='word_1_494' title='bbox 1736 2420 1931 2463; x_wconf 82' lang='lat' dir='ltr'>reintegrata</span> 
     </span>
     <span class='ocr_line' id='line_1_89' title="bbox 1193 2472 1932 2520; baseline -0.008 -9"><span class='ocrx_word' id='word_1_495' title='bbox 1193 2488 1261 2511; x_wconf 87' lang='lat' dir='ltr'>esse</span> <span class='ocrx_word' id='word_1_496' title='bbox 1282 2482 1312 2510; x_wconf 88' lang='lat' dir='ltr'>et</span> <span class='ocrx_word' id='word_1_497' title='bbox 1332 2476 1472 2510; x_wconf 86' lang='lat' dir='ltr'>censeri:</span> <span class='ocrx_word' id='word_1_498' title='bbox 1490 2475 1599 2520; x_wconf 89' lang='lat' dir='ltr'>sicque</span> <span class='ocrx_word' id='word_1_499' title='bbox 1613 2472 1845 2518; x_wconf 62' lang='lat' dir='ltr'>inpraemissis</span> <span class='ocrx_word' id='word_1_500' title='bbox 1862 2483 1932 2506; x_wconf 89' lang='lat' dir='ltr'>om-</span> 
     </span>
     <span class='ocr_line' id='line_1_90' title="bbox 1193 2526 1932 2573; baseline -0.007 -9"><span class='ocrx_word' id='word_1_501' title='bbox 1193 2530 1287 2564; x_wconf 88' lang='lat' dir='ltr'>nibus</span> <span class='ocrx_word' id='word_1_502' title='bbox 1308 2535 1338 2563; x_wconf 90' lang='lat' dir='ltr'>et</span> <span class='ocrx_word' id='word_1_503' title='bbox 1358 2529 1501 2572; x_wconf 80' lang='lat' dir='ltr'>singulis,</span> <span class='ocrx_word' id='word_1_504' title='bbox 1521 2539 1579 2573; x_wconf 83' lang='lat' dir='ltr'>per</span> <span class='ocrx_word' id='word_1_505' title='bbox 1603 2537 1824 2572; x_wconf 88' lang='lat' dir='ltr'>quoscumque</span> <span class='ocrx_word' id='word_1_506' title='bbox 1848 2526 1932 2560; x_wconf 88' lang='lat' dir='ltr'>iudi-</span> 
     </span>
     <span class='ocr_line' id='line_1_91' title="bbox 1194 2580 1932 2625; baseline -0.007 -7"><span class='ocrx_word' id='word_1_507' title='bbox 1194 2595 1245 2618; x_wconf 86' lang='lat' dir='ltr'>ces</span> <span class='ocrx_word' id='word_1_508' title='bbox 1267 2589 1297 2617; x_wconf 90' lang='lat' dir='ltr'>et</span> <span class='ocrx_word' id='word_1_509' title='bbox 1323 2582 1579 2623; x_wconf 85' lang='lat' dir='ltr'>commissarios,</span> <span class='ocrx_word' id='word_1_510' title='bbox 1603 2580 1713 2625; x_wconf 87' lang='lat' dir='ltr'>quavis</span> <span class='ocrx_word' id='word_1_511' title='bbox 1744 2580 1932 2614; x_wconf 85' lang='lat' dir='ltr'>auctoritate</span> 
     </span>
     <span class='ocr_line' id='line_1_92' title="bbox 1193 2634 1931 2680; baseline -0.007 -9"><span class='ocrx_word' id='word_1_512' title='bbox 1193 2638 1373 2680; x_wconf 79' lang='lat' dir='ltr'>fungentes,</span> <span class='ocrx_word' id='word_1_513' title='bbox 1391 2636 1485 2670; x_wconf 85' lang='lat' dir='ltr'>etiam</span> <span class='ocrx_word' id='word_1_514' title='bbox 1504 2634 1667 2680; x_wconf 56' lang='lat' dir='ltr'>auditores</span> <span class='ocrx_word' id='word_1_515' title='bbox 1679 2634 1842 2679; x_wconf 85' lang='lat' dir='ltr'>praefatos</span> <span class='ocrx_word' id='word_1_516' title='bbox 1862 2634 1931 2677; x_wconf 89' lang='lat' dir='ltr'>(su-</span> 
     </span>
     <span class='ocr_line' id='line_1_93' title="bbox 1191 2686 1933 2732; baseline -0.007 -8"><span class='ocrx_word' id='word_1_517' title='bbox 1191 2691 1278 2724; x_wconf 82' lang='lat' dir='ltr'>blata</span> <span class='ocrx_word' id='word_1_518' title='bbox 1299 2689 1344 2724; x_wconf 87' lang='lat' dir='ltr'>eis</span> <span class='ocrx_word' id='word_1_519' title='bbox 1365 2694 1396 2724; x_wconf 90' lang='lat' dir='ltr'>et</span> <span class='ocrx_word' id='word_1_520' title='bbox 1416 2698 1528 2723; x_wconf 89' lang='lat' dir='ltr'>eorum</span> <span class='ocrx_word' id='word_1_521' title='bbox 1548 2687 1680 2722; x_wconf 89' lang='lat' dir='ltr'>cuilibet</span> <span class='ocrx_word' id='word_1_522' title='bbox 1707 2686 1818 2732; x_wconf 85' lang='lat' dir='ltr'>quavis</span> <span class='ocrx_word' id='word_1_523' title='bbox 1840 2686 1933 2720; x_wconf 87' lang='lat' dir='ltr'>aliter</span> 
     </span>
    </p>
   </div>
   <div class='ocr_carea' id='block_1_6' title="bbox 1925 0 2227 3241">
    <p class='ocr_par' dir='ltr' id='par_1_6' title="bbox 1925 0 2227 3241">
     <span class='ocr_line' id='line_1_94' title="bbox 1925 0 2227 3241; baseline 0 0"><span class='ocrx_word' id='word_1_524' title='bbox 1925 0 2227 3241; x_wconf 95' lang='lat' dir='ltr'> </span> 
     </span>
    </p>
   </div>
  </div>
 </body>
</html>
