2227 3241
228 225 277 252 Αη.
293 225 321 252 c.
345 223 413 254 ¹605
459 215 523 250 -264
998 224 1181 251 nummum
1204 225 1358 263 nouxuuu
1581 203 1635 245 Ω

428 274 528 316 toriis,
553 273 686 318 aliisque
716 273 950 308 efficacioribus
976 279 1006 308 et
1030 274 1166 308 insolitis
1197 275 1356 320 Principis
1371 275 1597 320 Apostolorum
1624 276 1663 310 de
1690 276 1786 320 Urbe,
1810 285 1840 313 et
1859 278 1937 314 Can-

427 328 598 368 clausulis,
629 327 889 368 aoirritantibus
910 334 938 361 et
965 327 1034 361 aliis
1055 328 1165 362 decre·
1199 328 1348 362 cellariae
1371 329 1574 373 Apostolicae
1602 330 1706 363 valvas
1742 336 1774 364 et
1804 331 1837 365 in
1868 332 1937 366 acie

428 381 475 422 tis,
492 381 587 414 etiam
610 374 918 425 inexcogitabilibus,
938 387 969 416 et
985 381 1165 416 necessario
1198 381 1307 426 Campi
1318 382 1431 416 Florae
1443 382 1615 426 affigantur
1628 379 1883 428 etpublicentur;
1895 392 1937 428 et,

426 434 652 478 exprimendis,
681 445 718 469 ac
749 435 826 468 alias
858 435 1104 479 quomodolibet
1133 434 1165 468 in
1200 445 1271 468 cum
1299 435 1373 469 inde
1394 435 1640 478 amovebuntur,
1661 446 1772 471 earum
1793 439 1938 483 exempla

427 488 623 522 contrarium
641 489 892 533 praemissorum
905 490 1074 530 concessis,
1091 499 1166 523 con·
1200 488 1232 520 in
1252 487 1371 521 eisdem
1391 488 1468 522 locis
1488 488 1583 522 affixa
1602 489 1815 532 dimittantur,
1839 496 1938 536 utque

428 540 562 575 firmatis
591 548 621 575 et
648 542 854 586 approbatis,
877 542 995 587 quibus
1016 542 1166 577 omnibus
1199 540 1317 584 singuli
1337 541 1457 584 legati,
1482 541 1645 585 vicelegati
1660 570 1668 584 ,
1691 543 1936 586 gubernatores,

427 593 1166 639 etsingulis(etiamsiineiscaveaturexpresse,
1200 599 1231 627 et
1251 594 1303 627 alii
1323 595 1584 638 supradictorum
1610 596 1757 630 locorum
1786 597 1938 632 officiales

427 647 512 691 quod
531 647 590 680 sub
607 647 771 691 quibusvis
791 647 943 682 similium
963 648 1009 681 vel
1028 647 1166 682 dissimi—
1201 646 1270 680 illas
1291 647 1323 680 in
1347 657 1460 681 eorum
1481 649 1559 682 locis
1579 649 1754 693 respective
1779 650 1938 694 publicari

426 700 504 733 lium
530 700 706 743 gratiarum
734 702 1004 742 revocationibus,
1027 711 1163 745 suspen·
1201 699 1328 742 faciant,
1356 711 1449 745 quae,
1477 701 1522 736 sic
1545 702 1728 746 publicatae
1751 708 1782 737 et
1805 703 1934 746 affixae,

427 753 581 797 sionibus,
595 754 850 797 limitationibus,
868 762 922 789 aut
942 755 1012 789 aliis
1032 755 1164 800 quibus·
1200 763 1312 787 omnes
1333 760 1364 787 et
1383 754 1537 798 singulos,
1559 766 1639 800 quos
1653 762 1861 799 concernunt,
1881 768 1938 802 pe-

427 817 565 852 cumque
600 808 771 842 contrariis
806 808 1070 853 dispositionibus
1106 819 1165 854 pro
1198 806 1291 842 rinde
1309 806 1450 842 afficiant
1470 814 1500 842 et
1514 814 1648 851 aretem,
1669 809 1744 843 acsi
1766 810 1939 855 unicuique

428 867 572 906 tempore
586 861 719 895 edendis
735 862 868 896 minime
888 862 1166 907 comprehendan-
1181 867 1183 907 j
1200 859 1329 894 illorum
1357 861 1570 906 personaliter
1599 862 1764 907 intimatae
1782 869 1812 898 et
1831 863 1938 899 notifi-

428 918 490 955 tur,
506 915 562 948 sed
579 925 707 960 semper
723 915 762 948 ab
784 915 846 949 illis
862 922 1023 961 exceptae,
1044 921 1074 950 et
1087 925 1166 960 quo·
1201 919 1289 948 eatae
1310 914 1458 955 fuissent;
2128 964 2131 965 ⁷

427 966 487 1000 ties
504 967 578 1002 illae
601 974 801 1011 emanarent,
823 969 916 1003 toties
936 969 968 1003 in
994 964 1185 1016 pristinum,
1245 967 1327 1010 5214.
1343 968 1447 1014 thue
1460 968 1588 1003 illarum
1608 970 1826 1015 transumptis,
1843 971 1939 1006 etiam
1980 980 2145 1007 'mansumque-

427 1025 459 1054 et
474 1021 704 1056 validissimum
730 1028 846 1057 statum
866 1022 1042 1064 restitutae,
1067 1032 1163 1067 repo·
1182 1019 1184 1022 ’
1201 1020 1363 1065 impressis
1384 1033 1482 1056 manu
1501 1023 1619 1057 notarii
1638 1024 1759 1068 publici
1779 1024 1940 1070 subscrip·
1953 1007 2126 1061 3i'isst-md'pm

1950 231 1998 258 An.
2015 230 2043 258 c.
2065 231 2092 259 ¹¹
2103 236 2137 253 ι
2172 216 2180 267 ,ξ

426 1073 506 1108 sitae
526 1080 559 1108 et
577 1075 720 1120 plenarie
745 1076 970 1120 reintegratae,
988 1082 1019 1110 et
1032 1076 1071 1111 de
1085 1085 1167 1110 novo

427 1127 522 1161 etiam
543 1129 602 1162 sub
622 1129 793 1173 posteriori
808 1130 892 1171 data,
914 1140 972 1175 per
985 1140 1040 1164 eos
1050 1130 1168 1174 quibus

427 1191 598 1216 concessae
617 1183 752 1229 fuerunt*
767 1183 926 1227 eligenda,
943 1184 982 1217 de
995 1194 1079 1217 novo
1093 1194 1167 1217 con-

427 1245 533 1270 cessae
554 1243 756 1279 censeantur,
780 1243 811 1271 et
831 1237 923 1282 quod>
943 1237 1005 1271 illis
1031 1237 1168 1271 nullate-

427 1299 498 1328 nus,
519 1295 574 1323 aut
596 1290 725 1324 nonnisi
751 1290 847 1324 certis
874 1290 970 1324 modo
1003 1296 1033 1323 et
1065 1290 1169 1325 forma

428 1341 458 1375 in
480 1342 542 1376 illis
555 1343 711 1387 expressis
728 1343 877 1386 derogari
897 1343 1007 1388 possit,
1026 1349 1056 1377 et
1076 1344 1169 1378 aliter

428 1395 528 1428 sactae
549 1395 775 1439 derogationes
795 1397 903 1431 nullae
923 1396 997 1438 sint,
1015 1397 1168 1441 quodque

427 1459 486 1492 pro
499 1448 671 1483 sufficienti
683 1449 812 1483 illorum
829 1450 1037 1493 derogatione
1054 1451 1092 1484 de
1107 1450 1169 1485 illis

428 1512 606 1547 eorumque
631 1503 706 1537 totis
724 1504 890 1537 tenoribus
910 1504 1069 1549 specialis,
1092 1515 1166 1550 spe-

429 1555 519 1590 cifica
537 1567 573 1590 ac
594 1557 633 1590 de
650 1557 747 1591 verbo
767 1557 807 1590 ad
829 1558 973 1599 verbum,
985 1558 1064 1593 nihil
1078 1558 1168 1602 peni·
1184 1546 1186 1558 Α

429 1615 479 1643 tus
507 1610 637 1651 omisso,
665 1621 813 1654 expressa
839 1618 865 1643 et
894 1611 1077 1652 individua,
1103 1623 1167 1646 non

429 1668 536 1696 autem
561 1674 619 1708 per
640 1664 798 1697 clausulas
815 1665 981 1707 generales
1002 1666 1084 1698 idem
1108 1666 1186 1712 itu-3,

428 1722 604 1761 portantes,
622 1718 742 1751 mentio
756 1729 812 1751 seu
826 1718 956 1763 quaevis
967 1719 1027 1752 alia
1042 1730 1169 1764 expres·
1184 1714 1185 1750 3

429 1770 476 1804 sio
496 1770 655 1812 habenda,
679 1777 732 1805 aut
759 1771 865 1816 aliqua
891 1772 1047 1816 exquisita
1067 1774 1187 1811 forma,

429 1823 468 1856 ad
479 1822 540 1856 hoc
550 1824 705 1857 servanda
716 1824 824 1868 foret),
834 1830 960 1858 tenores
971 1825 1168 1868 huiusmodi,
1185 1859 1187 1864 ,

429 1886 466 1910 ac
485 1876 510 1909 si
531 1877 570 1910 de
588 1877 686 1910 verbo
708 1877 746 1911 ad
774 1878 918 1917 verbum,
942 1878 1022 1911 nihil
1042 1879 1169 1923 penitus

429 1929 560 1971 omisso,
584 1941 620 1963 ac
637 1931 739 1964 forma
757 1931 787 1964 in
806 1931 868 1965 iliis
887 1932 1002 1966 tradita
1023 1933 1117 1976 plene
1140 1939 1187 1991 et¹

429 1983 468 2017 ad
483 1994 621 2026 unguem
635 1985 808 2026 observata,
822 1985 931 2019 inserti
947 1986 1059 2028 forent,
1078 1997 1169 2031 prae·
1185 1994 1186 2032 l

430 2036 572 2070 sentibus
592 2048 651 2081 pro
672 2038 825 2081 expressis
850 2039 1015 2079 habentes,
1036 2040 1074 2073 ad
1096 2033 1186 2074 effe-¹

431 2094 517 2123 ctum
526 2091 775 2134 praemissorum
787 2091 967 2135 specialiter
979 2098 1009 2126 et
1023 2103 1169 2137 expresse

432 2143 625 2186 derogamus
650 2155 686 2178 ac
706 2146 894 2188 derogatum
913 2156 980 2180 esse
1001 2146 1166 2187 volumus,

1201 1074 1257 1116 tis,
1282 1080 1312 1108 et
1334 1075 1437 1119 sigillo
1458 1076 1592 1111 alicuius
1608 1087 1766 1122 personae
1784 1078 1817 1112 in
1837 1078 1940 1122 digni-

1202 1132 1264 1161 tate
1282 1128 1496 1163 ecclesiastica
1521 1129 1711 1164 constitutae
1729 1130 1872 1173 munitis,
1888 1142 1941 1166 ea-

1201 1180 1274 1214 dem
1287 1181 1367 1216 fides
1380 1181 1412 1215 in
1426 1181 1545 1217 iudicio
1557 1188 1588 1218 et
1605 1189 1692 1218 extra
1705 1183 1826 1229 ubique
1849 1184 1941 1219 adhi-

1200 1234 1325 1277 beatur,
1352 1245 1435 1280 quae
1459 1235 1602 1280 ipsismet
1614 1237 1836 1281 praesentibus
1849 1237 1940 1273 adhi-

1201 1288 1342 1331 beretur,
1365 1289 1390 1322 si
1415 1290 1466 1323 lor
1510 1295 1522 1323 t
1541 1290 1699 1324 exhibitae
1717 1291 1936 1329 velostensae.

1245 1343 1359 1377 Datum
1385 1300 1507 1378 Romffei
1526 1344 1611 1389 apud
1629 1345 1938 1387 sanctum-Petrum,

1202 1396 1260 1430 sub
1277 1397 1399 1431 annulo
1410 1397 1584 1431 Piscatoris
1598 1397 1649 1432 die
1665 1408 1743 1432 xxm
1761 1392 1940 1433 decembris

1201 1459 1297 1491 mnev,
1319 1449 1526 1495 pontificatus
1546 1450 1647 1485 nostri
1668 1462 1752 1485 anno
1770 1462 1789 1485 1.

1237 1512 1293 1540 Dat,
1317 1512 1360 1540 die
1380 1512 1414 1540 23
1428 1512 1582 1540 decembris
1603 1513 1680 1547 1605,
1702 1513 1797 1549 pontis.
1820 1522 1890 1542 anno
1910 1521 1928 1542 t.

1394 1593 1550 1636 Sequitur
1573 1592 1760 1627 declaratio.

1205 1663 1296 1704 Quod
1309 1664 1348 1696 ab
1367 1663 1553 1697 immediate
1569 1664 1718 1698 subiectis
1735 1664 1778 1698 ad
1804 1665 1943 1700 mediate

1246 1717 1389 1751 subiecta
1414 1717 1493 1758 loca,
1521 1722 1549 1750 et
1573 1728 1594 1750 a
1624 1718 1762 1752 mediate
1791 1719 1943 1754 subiectis

1249 1770 1324 1804 locis
1336 1769 1379 1804 ad
1396 1770 1464 1804 loca
1481 1774 1574 1804 extra
1587 1771 1717 1805 Statum
1739 1771 1942 1820 Ecclesiaslj-

1247 1834 1330 1864 cum,
1356 1824 1535 1867 frumenta,
1571 1824 1669 1857 blada
1693 1829 1722 1857 et
1760 1824 1940 1868 legumina,
1992 1837 1994 1842 ’

1247 1879 1345 1912 etiam
1364 1883 1502 1922 tempore
1525 1879 1759 1913 nundinarum
1783 1882 1811 1912 et
1835 1889 1942 1923 empo-

1247 1932 1383 1971 riorum,
1405 1932 1570 1975 asportari
1595 1942 1660 1965 non
1678 1932 1816 1975 possint.

1437 2022 1548 2049 Paulus
1569 2023 1647 2056 Papa
1670 2023 1707 2053 V,
1739 2047 1745 2061 :

1326 2075 1362 2102 ad
1382 2078 1559 2109 perpetuam
1577 2075 1622 2102 rei
1641 2063 1822 2103 memoriam.

1247 2146 1307 2180 Pro
1327 2145 1483 2190 peculiari
1505 2156 1540 2179 ac
1560 2151 1697 2190 paterno
1715 2156 1809 2190 quem
1825 2146 1856 2180 in
1869 2146 1944 2180 sub-

432 2207 557 2230 necnon
587 2197 737 2231 omnibus
766 2198 848 2233 illis.
883 2209 965 2243 quac
995 2199 1170 2243 supradicti
1204 2199 1287 2233 ditos
1318 2204 1446 2232 nostros
1473 2198 1614 2241 gerimus
1644 2199 1808 2232 charitatis
1828 2198 1944 2232 affectu

433 2251 695 2292 praedecessores
723 2252 822 2285 nostri
854 2252 884 2285 in
917 2263 1027 2286 eorum
1058 2253 1171 2286 litteris
1203 2252 1396 2296 propensius
1414 2251 1626 2293 intendentes,
1640 2252 1716 2286 utin
1731 2252 1820 2287 Statu
1833 2257 1944 2286 nostro

434 2304 602 2338 voluerunt
629 2315 692 2338 non
714 2305 853 2345 obstare,
873 2306 1071 2350 caeterisque
1089 2317 1172 2340 con-
1187 2338 1189 2355 Ι
1206 2305 1386 2350 temporali,
1403 2305 1463 2339 hoc
1474 2304 1648 2350 praecipue
1663 2315 1758 2346 anno,
1777 2316 1840 2349 quo
1854 2304 1946 2339 steri-

434 2357 539 2391 trariis
559 2358 826 2403 quibuscumque.
1204 2359 1304 2392 litatis
1324 2368 1437 2392 rumor
1455 2358 1616 2392 increbuit
1633 2363 1663 2392 ct
1677 2358 1762 2391 illius
1779 2362 1946 2402 praetextu

479 2413 495 2454 ξ
516 2411 567 2445 13.
592 2412 631 2446 Ut
647 2417 753 2446 autem
775 2413 951 2457 praemissa
965 2414 1003 2448 ad
1026 2414 1170 2448 omnium
1188 2434 1189 2458 3
1207 2412 1358 2446 frumenti
1368 2412 1509 2456 pretium
1524 2411 1633 2454 augeri
1649 2411 1860 2454 dignoscitur,
1872 2410 1947 2444 sub-

434 2464 579 2497 notitiam
602 2465 814 2506 deducantur,
839 2472 869 2499 et
889 2477 929 2500 ne
943 2467 1057 2512 aliquis
1071 2468 1110 2500 de
1128 2467 1173 2500 eis
1188 2467 1190 2473 ¹
1207 2465 1264 2500 diti
1291 2466 1350 2510 ipsi
1379 2476 1415 2499 ac
1440 2474 1598 2510 pauperes
1623 2465 1662 2498 ab
1687 2465 1775 2499 omni
1797 2475 1946 2498 annonae

436 2516 648 2559 ignorantiam
671 2520 880 2562 praetendere
901 2520 1010 2563 possit,
1028 2521 1174 2553 volumus
1207 2519 1353 2562 angustia
1372 2519 1563 2559 releventur,
1584 2529 1666 2563 quae
1690 2517 1891 2562 praeiudicio
1916 2520 1948 2552 'et

435 2571 520 2612 quod
539 2577 723 2614 praesentes
740 2571 864 2605 litterae
877 2583 935 2616 per
951 2573 1092 2617 aliquem
1119 2583 1174 2607 seu
1190 2605 1191 2609 ,
1209 2572 1442 2616 impedimento
1467 2582 1536 2605 esse
1563 2577 1695 2616 possunt
1711 2598 1718 2612 ,
1748 2581 1784 2604 ea
1808 2570 1946 2605 sollicito

436 2622 561 2667 aliquos
581 2635 615 2657 cx
638 2624 823 2660 cursoribus
837 2625 952 2660 nostris
973 2626 1012 2659 ad
1026 2626 1176 2661 basilicae
1190 2624 1193 2647 t
1208 2625 1315 2660 studio
1336 2635 1547 2659 removemus.

271 2425 327 2446 Han?
339 2426 418 2448 Bulluni

235 2451 338 2497 &zipheum
362 2461 418 2474 nun·-
