2227 3241
35 266 84 293 An*
103 264 132 292 C.
154 264 222 292 1610

48 326 159 348 Articulari
167 331 221 347 mor-

34 353 62 375 bo
76 353 148 384 ‘aliam
168 353 220 374 libe-

34 383 97 402 ravit.

49 755 147 775 Mannum
157 758 217 774 acer·

33 781 140 802 bissimum
160 780 217 799 1111111-

32 813 76 828 rem
99 808 126 828 ab
149 807 216 827 alte-:u

32 834 116 854 deiecit.

56 1232 144 1254 Crumm
157 1232 214 1253 ulce-

28 1265 51 1281 ra
62 1259 125 1281 atteri
140 1265 213 1280 cousu-

27 1286 109 1308 lidavit.

39 2191 153 2212 Pei-versos
169 2191 210 2212 ‹its-

24 2220 135 2245 tortosque
159 2219 210 2239 atte—

25 2246 69 2266 rius
91 2245 156 2271 pedes
179 2251 210 2265 rc·

25 2274 59 2293 cte
70 2272 195 2297 composuit.

876 263 996 288 PAL'Lt‘S
1022 263 1041 286 Υ
1065 264 1114 290 Pr.

281 312 298 354 ξ
323 310 376 345 37.
416 311 535 354 Angeia
568 320 698 356 quoque
730 310 884 345 Buticella
914 311 976 345 Pa-

235 363 355 408 piensi¹
370 363 558 407 gravissimo
571 364 782 397 articulorum
801 364 916 398 morbo
933 364 979 397 af-

235 418 328 459 fecta,
345 429 381 451 ex
395 428 459 462 quo
473 417 619 451 omnium
639 418 861 451 membrorum
877 424 977 455 motu,

235 476 364 514 praeter
388 481 484 515 quarn
510 471 650 513 linguae,
671 471 823 504 destituta
843 471 976 514 langue-

234 523 299 563 bat,
314 523 354 557 ad
364 523 432 556 eius
445 522 619 566 imaginem
634 534 694 567 pro
707 523 841 556 sanitate
854 529 975 565 orante,

235 576 357 610 meritis
377 582 408 610 et
431 576 583 620 precibus
603 576 706 610 Caroli
731 579 794 609 una
820 588 892 610 cum
924 578 976 611 de-

233 636 325 663 votae
352 629 472 663 semine
499 629 644 663 oratione
665 630 798 663 morbus
821 629 976 663 mirabili-

234 688 282 716 ter
306 682 418 716 finivit.

278 737 294 778 ξ
312 734 365 768 38.
386 736 423 768 Et
439 736 545 777 Anna,
567 735 683 769 mulier
702 735 820 769 nobilis
840 736 972 779 Polona,

233 801 268 823 ex
295 789 534 823 Marchionibus
559 789 597 822 de
622 789 723 823 Mirou
739 817 746 831 ,
775 800 847 823 cum
874 801 974 824 annos

232 843 361 876 circiter
372 853 487 876 novem
503 853 658 876 manuum
677 843 892 877 acerbissimis
918 845 974 878 do-

231 896 365 937 loribus,
386 906 459 929 cum
478 901 605 929 tumore
619 901 649 929 et
663 895 838 939 digitorum
853 902 975 931 contra-

230 949 347 992 ctione,
360 948 548 990 laborasset,
561 949 649 982 omni
665 949 843 983 medicinae
857 951 974 984 auxilio

230 1002 348 1036 frustra
364 1005 499 1043 tentato,
516 1002 557 1035 ad
575 1002 748 1045 imaginem
764 1002 874 1036 itidem
889 1003 973 1037 beati

229 1056 333 1090 Caroli
354 1065 519 1098 conversa,
544 1055 612 1090 eius
632 1066 727 1100 opem
749 1067 866 1099 magno
899 1068 972 1090 cum

229 1108 360 1153 spiritus
384 1109 501 1143 ardore
522 1108 709 1153 implorans,
726 1109 831 1142 statim
854 1110 972 1143 sanita-

230 1167 292 1195 tem
312 1162 525 1206 recuperavit.

275 1216 292 1257 ἓ
319 1214 372 1249 39.
408 1214 622 1259 Sepulchrum
656 1225 785 1260 quoque
810 1215 898 1250 Servi
923 1216 971 1250 sui

227 1268 350 1312 placuit
372 1269 510 1303 Domino
536 1269 645 1302 multis
667 1269 764 1312 signis
784 1269 968 1312 mirificare,

229 1322 374 1356 fidelium
392 1333 504 1366 preces
524 1323 556 1355 in
574 1323 706 1356 dirersis
727 1333 838 1356 eorum
861 1334 971 1356 neces-

227 1376 376 1410 sitatibus
397 1377 607 1410 exaudiendo.
634 1377 676 1410 Ex
697 1377 813 1421 quibus
830 1377 909 1410 illud
927 1383 973 1410 est

228 1430 394 1472 eximium,
415 1431 513 1475 quod,
537 1441 610 1464 cum
631 1430 678 1463 vir
697 1430 828 1475 quidam
855 1431 971 1465 nobilis

226 1486 491 1527 Mediolanensis,
525 1486 657 1519 nomine
681 1487 817 1520 Ioannes
837 1488 971 1520 lacobus

226 1541 405 1582 Lomacius,
421 1551 551 1574 crurum
573 1541 785 1585 quinquennii
809 1542 971 1576 ulceribus

224 1596 433 1639 affligeretur,
453 1606 558 1640 neque
586 1606 603 1628 a
632 1596 791 1629 medicina
820 1597 972 1630 valetudi-

225 1660 298 1683 nem
322 1649 538 1693 consequendi
553 1660 625 1694 spes
639 1649 750 1683 relicta
764 1656 855 1690 esset,
873 1650 971 1684 acrio-

225 1703 325 1744 ribus,
343 1714 438 1747 quam
464 1704 591 1744 soleret,
616 1703 782 1737 doloribus
796 1704 970 1748 aliquando

226 1762 409 1800 correptus,
441 1757 481 1790 ad
512 1756 568 1789 viri
598 1756 704 1790 Sancti
737 1757 966 1801 sepulchrum,

226 1810 342 1844 bacillo
368 1811 504 1852 innixus,
532 1810 757 1855 proficiscitur,
781 1811 889 1855 ibique
909 1822 969 1855 pro

226 1864 449 1908 recuperanda
481 1863 662 1902 valetudine
687 1864 820 1897 ferventi
852 1865 968 1908 spiritu

225 1923 308 1959 oran
332 1917 486 1952 oratione
503 1917 602 1960 finita,
621 1918 689 1953 sine
710 1919 821 1952 dolore
839 1919 966 1952 missam

226 1971 326 2013 audit,
341 1971 458 2005 deinde
478 1971 649 2005 incolumis
666 1972 840 2014 consurgit,
862 1982 897 2005 ac
912 1973 968 2006 do-

227 2037 315 2060 mum
342 2036 499 2066 reversus,
527 2025 709 2058 admirabili
734 2025 788 2059 Dei
809 2025 967 2060 beneficio

226 2089 358 2112 crurum
380 2078 489 2112 ulcera
506 2078 716 2119 consolidata,
739 2078 864 2122 sibique
881 2079 966 2112 sani-

226 2139 322 2167 tatem
345 2132 505 2167 redditam
531 2132 755 2176 deprehendit.

271 2189 287 2230 ἓ
304 2186 357 2220 40.
379 2187 549 2220 Praeterea
565 2186 759 2229 Margherita
776 2186 881 2220 Monta
898 2187 963 2220 Me-

227 2240 434 2281 diolanensis‚
462 2240 570 2284 puella
595 2249 753 2273 annorum
779 2251 853 2280 sex,
886 2241 966 2274 adeo

226 2293 367 2327 distortis
391 2304 429 2327 ae
453 2293 610 2338 perversis
634 2286 770 2337 pedibus
791 2299 864 2327 nata
885 2300 963 2335 erat,

224 2352 260 2381 ut
279 2348 408 2392 plantae
428 2347 562 2381 interius
580 2357 752 2380 conversae
776 2358 808 2380 se
830 2347 965 2381 invicem

225 2401 441 2446 adspicerent,
458 2412 495 2435 ac
515 2401 606 2446 pedis
626 2411 699 2444 pars
720 2401 858 2435 exterior
876 2402 966 2445 plan-

225 2461 275 2489 tae
295 2455 400 2489 officio
427 2456 625 2498 fungeretur:
647 2460 753 2488 tamen
779 2466 796 2488 a
821 2456 966 2499 corporis

225 2508 300 2542 vitio
321 2509 505 2542 huiusmodi
528 2509 614 2553 quod
644 2519 701 2541 nec
730 2508 886 2542 industria
907 2509 965 2542 ob-

262 2591 270 2613 t
295 2588 362 2616 Tum
388 2588 452 2615 edit.
470 2589 572 2622 Maur,
590 2593 645 2615 tum
669 2588 851 2615 Cherubinius
876 2589 966 2624 legunt

223 2633 388 2668 papiensis;
405 2637 429 2660 at
447 2634 585 2668 Papiensi
606 2633 748 2668 legendum
765 2642 834 2662 esse,
853 2642 883 2660 ex
900 2642 964 2660 con-

223 2681 296 2704 textu
312 2677 425 2713 quisque
441 2678 569 2713 perspicit
583 2683 622 2712 (11.
640 2678 686 2711 1.),

286 2730 363 2758 Butt.
385 2731 460 2760 Rom.
483 2747 514 2750 a
539 2731 598 2758 Vol.
615 2731 662 2758 XI.
862 2732 894 2758 82

1659 253 1724 290 649

1013 310 1149 344 stetricis
1169 321 1275 355 neque
1304 311 1458 345 sexennio
1483 312 1664 356 quaesitum
1689 311 1753 346 hu-

1014 375 1144 398 manum
1179 365 1359 398 remedium
1393 365 1555 408 corrigere
1588 366 1752 405 valuerat,

1013 428 1070 461 per
1093 418 1176 451 beati
1202 418 1397 452 Confessoris
1422 419 1684 452 intercessionem
1712 420 1752 452 li-

1012 471 1122 504 berata
1137 477 1201 504 est:
1223 482 1240 504 a
1261 477 1362 505 matre
1383 472 1468 505 enim
1491 473 1529 505 ad
1549 472 1754 517 sepulchrum

1011 524 1078 557 eius
1099 524 1214 565 ducta,
1238 524 1277 557 ab
1303 525 1432 558 alterius
1457 526 1610 569 primum,
1639 526 1755 560 deinde

1010 577 1154 619 reducta,
1179 589 1217 611 ac
1240 583 1313 611 voto
1335 578 1429 611 etiam
1451 578 1549 620 edito,
1567 579 1606 611 ab
1624 579 1754 612 alterius

1011 630 1105 663 etiam
1140 631 1229 675 pedis
1265 631 1449 665 huiusmodi
1489 632 1668 666 inversione
1698 643 1750 666 sa-

1010 690 1085 717 nata
1110 690 1165 718 est.

1054 737 1136 781 §4l.
1165 738 1233 771 Non
1256 738 1390 772 minoris
1412 739 1567 772 momenti
1586 744 1643 780 est,
1665 739 1752 783 quod

1009 798 1159 835 operatus
1192 797 1239 825 est
1263 792 1415 825 Dominus
1431 820 1438 833 ,
1461 792 1562 826 saneti
1587 793 1750 826 Pontificis

1010 846 1142 887 meritis,
1161 845 1191 879 in
1209 847 1309 879 altera
1328 846 1459 887 infante,
1482 846 1614 880 nomine
1631 847 1751 880 Ioanna

1009 899 1047 932 de
1068 899 1215 940 Maronis,
1245 899 1388 933 eiusdem
1414 900 1560 941 civitatis,
1585 907 1686 934 matre
1711 901 1752 934 ad

1008 953 1215 996 sepulchrum
1241 953 1308 986 eius
1339 953 1489 986 similiter
1514 959 1643 987 orante:
1678 965 1750 987 cum

1008 1005 1093 1038 enirn
1115 1005 1216 1039 infans
1237 1006 1354 1048 nervis,
1375 1005 1493 1050 quibus
1515 1006 1599 1040 tibiis
1619 1007 1752 1050 alligan-

1009 1064 1060 1092 tur
1086 1060 1196 1104 pedes,
1219 1060 1420 1104 genibusque
1440 1060 1590 1094 resolutis
1610 1066 1685 1094 nata
1705 1071 1753 1095 es-

1007 1118 1064 1153 set,
1093 1113 1136 1146 ita
1156 1118 1190 1146 ut
1215 1112 1365 1147 incedere
1396 1113 1528 1146 minime
1560 1118 1690 1157 posset,
1715 1124 1752 1148 ac

1006 1165 1104 1209 pedes
1125 1164 1156 1198 in
1177 1165 1342 1207 humeros,
1364 1176 1437 1200 curn
1457 1166 1563 1207 vellet,
1584 1165 1684 1200 libere
1703 1173 1750 1201 at-

1008 1218 1152 1260 tolleret,
1177 1224 1207 1252 et
1232 1225 1383 1263 quartum
1409 1219 1472 1252 iam
1497 1219 1609 1253 aetatis
1629 1230 1750 1253 annum

1007 1282 1132 1314 egressa
1161 1278 1258 1313 esset,
1292 1272 1375 1305 fama
1407 1272 1640 1306 miraculorum
1665 1273 1750 1307 beati

1006 1325 1108 1359 Caroli
1137 1325 1263 1359 excitati
1289 1332 1438 1370 parentes
1470 1326 1510 1359 ad
1543 1326 1611 1360 eius
1635 1327 1746 1371 sepul-

1006 1379 1119 1414 chrum
1134 1379 1219 1412 illam
1235 1390 1308 1413 eum
1323 1380 1541 1413 oblationibus
1560 1381 1676 1413 deferri
1696 1392 1749 1414 cu-

1005 1438 1087 1474 rant,
1105 1433 1257 1478 indeque,
1274 1434 1350 1467 vitio
1365 1433 1503 1475 sublato,
1520 1445 1596 1468 sana
1615 1435 1748 1468 domum

1007 1488 1153 1521 refertur.

1050 1543 1066 1583 ξ
1086 1540 1139 1574 42.
1165 1541 1292 1575 Aurelia
1308 1542 1346 1575 tle
1361 1542 1489 1585 Angelis
1507 1543 1613 1576 cancri
1633 1544 1748 1577 morbo

1005 1596 1203 1638 gravissimo,
1222 1596 1358 1629 multum
1374 1597 1560 1639 inveterato,
1575 1608 1647 1631 cum
1661 1598 1748 1632 febre

1005 1655 1036 1683 et
1056 1650 1120 1683 acri
1146 1650 1258 1683 dolore
1285 1650 1314 1682 in
1346 1650 1476 1683 sinistro
1502 1661 1596 1684 crure
1621 1651 1745 1689 affecta,

1005 1714 1100 1748 quem
1127 1703 1243 1737 medici
1269 1703 1480 1737 insanabilem
1511 1704 1653 1738 humana
1679 1713 1748 1740 arte

1005 1757 1236 1798 iudicaverant,
1258 1758 1297 1790 ad
1316 1757 1402 1791 Servi
1424 1758 1478 1791 Dei
1500 1758 1655 1792 auxilium
1673 1770 1749 1793 eon-

1005 1821 1113 1852 versa,
1137 1821 1174 1844 ac
1199 1816 1271 1845 voto
1296 1818 1456 1856 suscepto,
1484 1812 1616 1856 eiusque
1641 1813 1748 1857 sepul-

1001 1864 1115 1898 chrum
1129 1865 1342 1899 venerationis
1351 1868 1447 1899 causa
1458 1877 1530 1900 cum
1545 1877 1578 1900 se
1590 1867 1748 1902 adituram

1003 1929 1134 1963 vespere
1147 1920 1378 1964 proposuisset,
1396 1931 1488 1954 mane
1503 1931 1520 1953 a
1534 1921 1621 1955 febre
1635 1921 1747 1965 libera,

1002 1983 1168 2006 sanescere
1184 1973 1301 2007 mirum
1317 1974 1348 2007 in
1364 1974 1495 2008 modum
1515 1985 1588 2009 crus
1602 1976 1745 2021 coepisse

1002 2027 1124 2068 cernit,
1153 2038 1188 2060 ac
1216 2027 1322 2061 triduo
1347 2028 1473 2072 penitus
1498 2030 1669 2063 convaluit.

1047 2082 1063 2122 ἓ
1088 2079 1140 2114 43.
1173 2081 1256 2115 Puer
1283 2091 1357 2115 vero
1385 2082 1528 2127 quinque
1560 2094 1739 2126 annorum,

1002 2133 1185 2179 Hieronymi
1206 2135 1349 2169 Beriolae
1367 2141 1398 2169 ct
1418 2137 1548 2179 Agnetis
1569 2137 1608 2170 ab
1629 2138 1739 2171 Eccle-

1001 2188 1046 2220 sia
1072 2188 1167 2230 filius,
1191 2189 1344 2223 Melchior
1369 2190 1515 2232 nomine,
1544 2191 1656 2224 hernia
1681 2192 1739 2225 ad-

1002 2242 1133 2275 modum
1159 2243 1244 2285 grari
1278 2249 1308 2277 ct
1338 2243 1520 2288 periculosa
1548 2245 1739 2285 laborabat,

1002 2306 1118 2339 magno
1139 2307 1212 2329 cum
1235 2296 1358 2338 dolore,
1383 2303 1413 2331 ct
1437 2298 1577 2332 universi
1599 2299 1744 2343 corporis

1001 2350 1092 2393 quasi
1117 2361 1152 2383 ex
1178 2352 1260 2394 aquai
1279 2350 1363 2384 inter
1389 2357 1492 2384 cutem
1515 2357 1653 2385 tumore:
1669 2363 1744 2396 qua·

1002 2403 1146 2436 mobrem
1174 2403 1372 2437 medicorum
1404 2404 1511 2437 irritos
1536 2410 1669 2438 conatus
1689 2405 1744 2439 diu

1002 2462 1103 2490 mater
1119 2463 1259 2502 experta,
1283 2458 1415 2491 Beatum
1437 2458 1584 2492 Carolum
1610 2459 1744 2503 supplex

1000 2517 1081 2551 orat,
1106 2517 1140 2544 ut
1157 2522 1193 2544 ex
1212 2511 1249 2544 iis
1267 2512 1511 2545 necessitatibus
1528 2512 1629 2545 filium
1648 2523 1741 2546 suum

1000 2564 1149 2608 eriperet,
1166 2565 1212 2598 vel
1230 2565 1434 2608 impetrando
1451 2565 1560 2598 infanti
1575 2575 1593 2598 a
1606 2565 1742 2599 Domino

999 2617 1184 2658 sanitatem,
1213 2618 1260 2650 vel
1291 2617 1371 2651 vitae
1405 2618 1607 2651 miserandae
1628 2619 1736 2652 linem.

999 2670 1060 2704 Has
1084 2681 1196 2715 preces
1216 2680 1346 2704 somnus
1365 2670 1572 2715 consequitur
1598 2671 1736 2713 infantis,

1768 264 1819 292 An.
1837 264 1864 292 C.
1889 264 1956 292 16¹0

1787 751 1952 773 tn1·ante1n.ner-

1766 777 1796 797 vis
1822 778 1954 804 genibusque

1766 805 1864 824 resolutis
1875 807 1954 827 natum.

1765 833 1811 853 saxi
1823 834 1851 853 ati
1891 836 1955 855 renti-

1767 864 1812 881 111111

1805 1553 1878 1575 Cancri
1895 1560 1949 1575 mnr-

1764 1581 1811 1601 1111111
1826 1582 1910 1607 expulit.

1785 2088 1875 2109 Hermae
1891 2094 1944 2109 moi*-

1759 2115 1784 2134 lui
1796 2122 1882 2139 puniunt
1892 2116 1944 2135 libe-

1759 2144 1821 2161 mul,
