2227 3241
268 287 357 314 Aac.
380 289 448 317 1604
499 282 558 316 144

300 1476 389 1496 Vucalvs
405 1481 443 1495 ca-

259 1503 325 1532 pituli
339 1503 444 1527 generatis

259 1535 294 1555 qui
310 1532 357 1550 snit.

280 1955 382 1976 Abbatiao
393 1962 444 1982 quo-

257 1983 405 2004 libuttriennio
413 1989 444 2003 ra-

257 2011 315 2031 cant.

310 2383 446 2404 conditiones

258 2410 401 2435 rvqutruuttue
425 2410 444 2430 in

259 2437 408 2461 promovendis
418 2436 444 2457 ad

259 2462 365 2483 abbatias.

1048 294 1231 318 BULLARIL'M
1251 294 1404 319 ROMANL'M

467 350 534 381 nas,
559 340 735 381 eligendus,
753 341 806 384 qui
825 352 861 374 ex
880 340 1023 383 legitimo
1042 341 1207 375 matrimo-
1222 345 1225 395 Ι
1242 342 1281 376 ad
1296 351 1502 376 communem
1520 342 1627 383 vitam,
1649 343 1766 377 victum
1782 349 1813 378 et
1833 345 1983 379 vestitum

467 393 520 426 nio
537 399 736 437 procreatus,
759 393 972 437 quadraginta
992 394 1084 428 annis
1105 394 1208 428 maior

466 446 515 487 sit,
534 452 563 480 ct
584 446 664 479 vitae
682 447 854 491 probitate,
876 458 911 481 ac
930 448 1094 482 doctrinae
1115 459 1207 493 prae-

465 498 579 532 stantia
595 510 630 532 ac
645 510 752 533 rerum
768 492 965 543 agendarum
980 502 1093 546 peritia
1110 494 1205 546 atque

466 549 663 596 experientia
683 553 775 587 facile
803 555 937 588 caeteris
962 555 1148 595 antecellat;
1170 566 1206 588 ac

465 607 499 638 ea
521 606 665 651 corporis
694 608 875 642 valetudine
895 609 955 650 sit,
985 615 1019 642 ut
1040 609 1205 651 religionis

464 669 783 704 oneramuneraquc
798 662 889 695 facile
907 667 1071 706 praestare
1092 662 1201 706 possit,

410 724 417 732 ·
464 718 494 745 et
514 713 689 757 praecipue
707 715 746 747 ad
765 714 900 748 chorum
916 721 945 749 et
960 726 1102 749 mensam
1118 725 1205 748 eom-

465 776 594 799 munem
617 767 799 809 convenire,
823 774 853 801 et
877 769 917 801 ad
942 769 1083 812 regulae,
1107 779 1203 812 quam

463 829 576 853 omnes
594 820 670 853 dicti
687 820 816 854 Ordinis
836 822 976 864 religiosi
995 821 1201 866 profitentur,

462 873 701 918 praescriptum
719 874 815 908 vitam
834 875 964 914 ducere,
983 875 1087 919 sitque
1100 885 1205 908 sacer-

464 926 532 967 dos,
554 931 584 960 et
601 927 655 971 qui
674 927 705 960 in
724 928 880 970 religione
901 939 1021 962 annum
1043 928 1203 961 decimum

462 985 585 1013 sextum
597 981 805 1025 professionis
818 982 1002 1026 expleverit,
1017 982 1205 1026 abbatisque

463 1044 580 1067 munus
599 1045 657 1078 per
680 1034 854 1068 triennium
876 1036 987 1069 saltem
1014 1035 1142 1076 obierit,
1169 1046 1204 1068 ao

463 1088 541 1122 alias
559 1088 774 1131 conditiones,
803 1089 887 1123 iuxta
914 1090 1057 1123 eiusdem
1076 1089 1204 1123 Ordinis

463 1141 708 1175 constitutiones
724 1143 905 1187 requisitas,
926 1143 1060 1176 habeat:
1077 1142 1132 1187 qui
1151 1148 1200 1175 ta-

462 1205 536 1228 men
564 1196 650 1229 ultra
670 1196 790 1230 dietum
813 1197 988 1230 triennium
1017 1196 1203 1230 confirmari

462 1258 527 1282 non
555 1248 664 1292 possit,
695 1250 749 1282 sed
772 1250 810 1282 ab
837 1248 1022 1283 luiiusmo'di
1044 1249 1204 1292 generalis

462 1302 683 1336 reformatoris
703 1303 981 1336 administratione
995 1314 1053 1347 per
1070 1303 1201 1336 totidem

462 1367 563 1390 annos
578 1357 625 1390 vel
640 1358 758 1401 plures,
773 1357 797 1391 si
812 1357 855 1390 ita
867 1357 1113 1391 constitutiones
1125 1356 1205 1390 eius-

462 1412 533 1444 dem
548 1411 676 1445 Ordinis
690 1411 869 1455 requirunt,
882 1411 1015 1444 omnino
1031 1411 1199 1444 abstineat.

506 1468 521 1508 ξ
540 1465 570 1498 4.
592 1466 638 1498 Ad
661 1466 829 1499 meliorem
856 1472 962 1499 tamen
991 1465 1201 1499 directionem

461 1528 584 1560 eorum,
604 1529 686 1563 quae
706 1519 737 1552 in
757 1519 905 1562 capitulis
926 1518 1131 1561 generalibus
1152 1529 1203 1552 or-

460 1571 602 1605 dinanda
619 1577 703 1613 sunt,
718 1572 878 1614 monachi,
893 1573 948 1616 qui
969 1573 1134 1616 praedicto
1155 1573 1202 1606 of-

461 1625 534 1659 ticio
548 1626 708 1668 generalis
723 1626 945 1659 reformatoris
957 1626 1118 1670 perfuncti
1136 1628 1203 1659 fue-

460 1679 534 1720 rint,
546 1689 655 1712 vocem
671 1679 804 1712 activam
821 1685 849 1712 et
865 1679 1022 1723 passivam
1037 1679 1067 1712 in
1082 1679 1201 1713 eisdem

460 1727 609 1777 capitulis
635 1733 840 1775 generalibus
866 1734 1051 1773 habebunt,
1074 1740 1203 1778 excepto

460 1786 603 1830 generali
629 1787 771 1830 capitulo
803 1787 1010 1827 immediato,
1040 1787 1071 1820 in
1097 1798 1161 1831 quo
1186 1799 1203 1821 a

460 1839 617 1884 praedicti
643 1839 740 1873 officii
771 1841 931 1882 generalis
957 1840 1120 1874 functione
1145 1851 1200 1874 ra-

460 1894 590 1927 cabunt.
1144 1892 1153 1901 '

505 1947 564 1992 ἓ,

548 1959 578 1980 d.

459 2001 708 2045 praesidentiae,
734 2001 827 2034 tertio
845 2012 975 2045 quoque
993 2012 1078 2035 anno
1100 2002 1130 2035 in
1151 2013 1204 2035 ca·
1221 2021 1222 2025 =

460 2054 563 2098 pitulo
588 2054 731 2097 generali
749 2060 930 2096 vacet,.nec
948 2055 1031 2088 ultra
1056 2055 1201 2095 abbates,

460 2118 519 2141 nec
546 2107 766 2151 praesidentes
792 2107 836 2140 ir?
854 2118 965 2141 earum
992 2108 1201 2142 administra-

463 2160 547 2194 tione
569 2160 755 2194 confirmari
778 2160 910 2204 possint.
935 2162 968 2194 ln
990 2171 1101 2195 eorum
1124 2172 1204 2205 quo-

461 2225 524 2258 que
555 2214 713 2248 electione
746 2215 881 2247 sormam
915 2215 1093 2248 secundum
1126 2226 1203 2249 con-

428 2285 431 2287 ·
461 2267 645 2301 stitutiones
655 2267 798 2300 eiusdem
810 2267 938 2301 Ordinis
948 2267 1103 2301 hactenus
1116 2278 1204 2312 prae-

461 2320 612 2364 scriptam
634 2320 753 2353 servari
775 2320 990 2354 decernimus.

507 2376 523 2417 5
542 2373 571 2407 6.
591 2374 649 2414 Qui
671 2380 789 2415 tamen,
810 2374 854 2407 ita
875 2373 979 2414 electi,
1003 2385 1037 2407 ex
1060 2374 1203 2417 legitimo

461 2426 671 2460 matrimonio
690 2426 851 2470 procreati
871 2426 945 2467 sint,
965 2432 996 2460 et
1016 2427 1111 2460 etiam
1135 2438 1204 2460 mu-

461 2491 520 2514 nus
538 2480 673 2521 abbatis,
694 2491 749 2514 seu
768 2480 897 2524 prioris,
916 2481 963 2514 vel
981 2481 1126 2524 magistri
1143 2492 1203 2515 no-

461 2534 610 2568 vitiorum
644 2540 699 2568 aut
725 2544 889 2567 sacrarum
916 2534 1082 2568 literarum
1115 2535 1204 2569 obie-

462 2589 535 2629 rint,
559 2599 595 2622 ac
616 2591 652 2622 ea
672 2594 776 2622 aetate
797 2594 828 2622 et
848 2588 994 2633 corporis
1014 2589 1203 2622 habitudine

461 2642 606 2684 existant,
630 2647 665 2676 ut
685 2653 784 2676 onera
805 2642 993 2684 monastiea,
1014 2642 1052 2676 ad
1074 2643 1202 2685 regula-

462 2707 527 2730 rem
547 2696 780 2730 observantiam
803 2701 833 2730 et
851 2697 972 2730 cultum
994 2696 1150 2738 divinum,
1172 2702 1202 2730 et

612 1947 765 1981 Abbatiae
796 1948 871 1981 item
904 1958 1042 1989 numus,
1076 1959 1222 1990 necnon¹

1219 2546 1221 2560 1

1241 395 1444 429 retinendum
1460 394 1665 439 pertinentia,
1676 395 1815 431 fideliter
1828 408 1986 442 exequan-

1243 454 1293 481 tur
1314 454 1344 482 et
1363 449 1545 489 observent,
1569 459 1606 482 ac
1626 449 1704 483 alias
1724 450 1985 485 ordinationesa

1241 501 1526 535 constitutionibus
1559 502 1775 547 praescriptas
1802 503 1942 538 habeant
1955 504 1983 537 ¹:

1240 555 1294 599 qui
1310 555 1352 588 ita
1367 555 1522 588 canonice
1539 555 1630 589 electi
1646 560 1713 589 toto
1726 557 1872 600 sequenti
1887 557 1985 591 trien-

1240 608 1294 641 nio
1332 608 1407 641 dicti
1445 608 1632 642 monasterii
1670 609 1984 645 administrationem

1240 662 1390 695 babeant.

1285 718 1301 758 ξ
1329 716 1357 749 7.
1387 716 1424 750 Ει
1443 716 1468 749 si
1489 716 1571 750 forte
1600 727 1657 761 per
1682 717 1807 751 abbatis
1833 717 1976 760 obitum,

1239 780 1295 803 seu
1323 769 1535 813 privationem
1550 797 1557 811 ,
1587 771 1635 804 vel
1656 771 1746 812 alias,
1770 771 1855 805 intra
1879 772 1980 806 trien-

1239 822 1328 856 nium
1346 833 1429 856 nova
1446 823 1559 857 electio
1578 823 1643 864 siet,
1665 824 1774 865 abbas,
1798 824 1852 869 qui
1870 825 1984 859 condi-

1240 876 1343 910 tiones
1370 876 1572 921 supradictas
1598 877 1731 911 omnino
1753 877 1890 919 habeat,
1922 889 1982 923 per

1240 930 1417 964 monachos
1436 930 1536 974 ipsius
1556 930 1743 964 monasterii
1765 941 1873 965 coram
1896 941 1984 965 com-

1241 983 1387 1016 missario
1401 993 1419 1016 a
1432 983 1646 1017 reformatore
1663 983 1806 1026 generali
1828 984 1982 1028 deputato

1241 1036 1389 1080 eligatur,
1413 1046 1540 1070 necnon
1561 1036 1600 1069 ab
1622 1037 1735 1070 eodem
1757 1036 1980 1072 commissario

1239 1090 1370 1123 nomine
1397 1089 1541 1123 eiusdem
1573 1090 1795 1123 reformatoris
1824 1090 1982 1133 generalis

1239 1143 1461 1184 confirmetur,
1485 1142 1540 1187 qui
1555 1143 1698 1177 eiusdem
1721 1143 1909 1178 monasterii
1927 1144 1983 1178 ad-

1239 1195 1508 1230 ministrationem
1553 1195 1876 1241 iurisdictionemque
1914 1201 1982 1231 toto

1239 1248 1293 1282 illo
1320 1248 1480 1282 triennio²
1504 1248 1654 1290 residuo,
1681 1259 1747 1283 non
1770 1250 1856 1283 ultra
1877 1254 1983 1284 tamen

1239 1301 1317 1334 illud
1336 1301 1524 1342 triennium,
1545 1307 1636 1344 gerat
1656 1307 1687 1336 et
1707 1307 1865 1336 exerceat.

1283 1357 1299 1396 ξ
1327 1354 1357 1387 8.
1390 1355 1425 1387 ln
1451 1354 1608 1388 electione
1637 1355 1765 1389 tandem
1790 1361 1983 1400 procurato-

1238 1418 1309 1440 rum
1324 1407 1456 1451 capituli
1470 1408 1628 1450 generalis
1645 1414 1791 1442 servetur
1803 1409 1915 1443 itidem
1930 1420 1982 1443 ea-

1238 1461 1311 1494 dem
1332 1461 1446 1502 forma,
1467 1462 1644 1495 secundum
1667 1462 1846 1497 laudabiles
1864 1463 1982 1498 consti-

1240 1514 1378 1548 tutiones
1398 1514 1502 1548 dictae
1520 1513 1789 1558 congregationis
1813 1516 1982 1561 hucusque

1238 1568 1356 1601 solitas.

1282 1623 1298 1664 g
1320 1621 1350 1654 9.
1368 1621 1506 1655 Abbates
1521 1632 1607 1663 vero,
1624 1632 1661 1655 ac
1674 1622 1770 1656 ctiam
1785 1622 1978 1666 visitatores,

1220 1671 1221 1691 l
1238 1675 1424 1716 consiliarii,
1446 1681 1688 1719 procuratores,
1708 1677 1892 1722 caeterique
1911 1678 1981 1712 offi-

1238 1729 1333 1763 ciales
1355 1729 1492 1763 ministri
1514 1740 1637 1772 omnes,
1654 1731 1756 1775 quiin
1769 1731 1910 1776 capitulo
1927 1742 1981 1775 ge-

1238 1784 1340 1818 nerali
1361 1784 1436 1827 eligi
1456 1785 1571 1826 solent,
1589 1795 1647 1829 per
1661 1785 1835 1819 triennium
1856 1792 1980 1820 tantum

1238 1838 1301 1871 sint
1321 1838 1354 1871 in
1375 1848 1434 1871 suo
1459 1838 1595 1882 quisque
1623 1838 1730 1872 officio
1752 1844 1782 1872 et
1808 1844 1978 1883 potestate,

1239 1892 1464 1926 definitoribus
1496 1892 1653 1937 exceptis,
1688 1903 1827 1937 quorum
1862 1903 1981 1927 munus

1241 1952 1384 1990 tempore
1409 1945 1567 1989 praedicti
1590 1946 1721 1990 capituli
1741 1946 1901 1989 generalis
1922 1947 1981 1980 du-

1240 2005 1306 2032 rat:
1330 1999 1385 2043 qui
1404 2009 1477 2032 vero
1498 1999 1656 2043 perfuncti
1683 1999 1803 2033 suerint
1823 1999 1975 2041 triennio,

1238 2063 1296 2096 per
1317 2052 1397 2086 illud
1417 2053 1530 2086 saltem
1554 2052 1727 2086 triennium
1754 2059 1888 2094 vacent,
1920 2064 1978 2088 eo-

1240 2117 1378 2150 rumque
1398 2111 1550 2151 potestas,
1579 2112 1610 2140 et
1631 2106 1773 2140 osticium
1792 2107 1832 2140 ad
1849 2107 1929 2141 alios
1949 2107 1981 2141 in

1238 2160 1385 2204 sequenti
1406 2160 1547 2204 capitulo
1568 2161 1735 2204 eligendos
1753 2161 1976 2195 transferatur.

1239 2215 1347 2248 Liceat
1362 2220 1481 2256 tamen,
1498 2214 1523 2248 si
1538 2215 1581 2249 ita
1594 2215 1736 2260 capitulo
1750 2215 1851 2249 visum
1870 2215 1978 2257 fuerit,

1239 2269 1279 2303 ad
1300 2268 1457 2302 maiorem
1478 2268 1606 2303 Ordinis
1626 2269 1809 2310 utilitatem,
1826 2279 1981 2314 procura-

1241 2328 1341 2356 torem
1355 2322 1387 2355 in
1397 2322 1481 2356 Urbe
1494 2322 1580 2355 ultra
1590 2322 1763 2356 triennium
1775 2322 1978 2357 confirmare.

1283 2378 1300 2419 g
1326 2375 1379 2409 110.
1406 2376 1562 2409 Absoluto
1582 2375 1681 2419 igitur
1701 2375 1852 2418 triennio,
1877 2377 1978 2410 resor-
1995 2396 2043 2422 „api

1240 2435 1344 2464 mator
1379 2429 1538 2473 generalis
1570 2439 1607 2463 ae
1639 2429 1828 2463 definitores
1859 2429 1980 2473 eligant

1277 2529 1285 2555 1
1308 2527 1353 2555 Vel
1371 2535 1418 2555 vox
1434 2528 1559 2556 habeant
1575 2527 1719 2559 redundat,
1731 2527 1772 2554 vel
1783 2528 1810 2554 in
1822 2527 1868 2554 lin.
1886 2536 1978 2564 praec.

1219 2569 1221 2581 ¹
1238 2581 1286 2608 pro
1307 2572 1509 2601 ordinationes
1529 2571 1637 2608 legend.
1658 2572 1844 2606 conditiones,
1866 2573 1906 2600 vel
1930 2573 1980 2601 ali-

1238 2615 1302 2651 quid
1319 2614 1396 2642 deest
1412 2615 1448 2649 (Β.
1466 2614 1515 2645 Τ.).

1272 2660 1287 2687 2
1312 2660 1410 2695 Aptius
1437 2659 1551 2687 sortasse
1580 2658 1718 2694 legeretur
1745 2659 1826 2687 illius
1855 2659 1982 2688 triennii

1236 2705 1275 2740 (a.
1293 2705 1329 2739 τ).

2002 297 2052 325 An.
2065 297 2093 325 C.
2113 298 2180 328 1604

2036 728 2084 748 Post
2098 727 2181 751 abbatis

1999 754 2078 775 obitum
2094 760 2149 776 nova
2160 761 2181 777 ο·
2203 774 2205 778 i

1999 781 2062 801 lectio
2079 781 2132 802 insi-a
2147 782 2182 803 tri-

1999 807 2084 829 ennium
2107 808 2182 830 facien·
2204 832 2206 834 ,

2039 1365 2069 1386 De
2085 1370 2181 1392 procura·

1999 1393 2067 1412 torum
2095 1391 2180 1418 capituti

1999 1418 2104 1443 generatis
2140 1419 2182 1440 ele·

1997 1445 2075 1467 ctione.

2032 1635 2178 1661 Abbatumfft·
2200 1655 2202 1657 .
2222 1638 2223 1643 ¹

1996 1663 2120 1687 stratorum.
2137 1665 2180 1688 etc..

1996 1690 2181 1711 oniciumtriennm
2221 1690 2227 1695 '¹

1996 1716 2168 1741 concludendum.
2191 1735 2193 1737 .
2220 1723 2222 1732 r

2047 2369 2091 2390 Nec
2105 2369 2144 2390 nisi
2158 2369 2178 2391 in

2046 2396 2089 2417 tulo
2117 2400 2179 2422 gono-2

1995 2423 2034 2443 rati
2080 2427 2176 2444 rovocw·
2204 2427 2211 2452 ᾗ

1995 2449 2051 2470 dum.
2204 2454 2205 2459 ¹
