2227 3241
214 271 262 299 An.
281 271 308 299 C.
330 273 397 300 1509

234 1297 372 1318 Prooemium.

247 1887 390 1907 accensentur

205 1914 264 1934 Pauli
273 1914 298 1934 ΙΙΙ
308 1915 391 1934 litterae

205 1942 231 1960 «te
243 1941 320 1966 quibus
331 1947 350 1961 in
360 1947 392 1961 ru·

204 1967 270 1988 brtca.

446 264 508 297 598

414 322 471 355 sub
493 321 611 355 annulo
629 321 798 354 Piscator-is
820 320 870 354 die
888 329 946 354 xm
967 321 1151 354 novembris

413 384 520 416 noeix,
549 373 754 418 pontificatus
778 374 878 408 nostri
903 384 988 408 anno
1014 386 1042 409 v.

447 436 504 463 Dat.
526 437 569 463 die
591 435 622 463 13
643 436 800 464 novembris
822 436 900 472 1609,
923 437 1017 473 pontif.
1039 446 1084 464 an.
1105 443 1130 464 v.

907 538 922 551 ὖ

716 597 824 632 CXLV.

411 695 623 738 Confirmatio
637 695 820 729 litterarum
840 695 944 729 Pauli
960 695 1019 730 III
1033 695 1150 740 quibus

451 749 629 793 privileyia
654 749 872 792 Reyitlaribus
896 750 989 793 requi
1014 749 1146 783 Grama-

454 803 552 835 tensis
576 813 720 836 concessa
747 814 811 836 non
837 802 982 836 solvendi
1006 802 1147 836 decimas

452 855 494 888 ad
510 856 598 889 viam
619 856 703 889 iuris
717 856 919 890 reducuntur
931 855 950 889 ¹.

649 948 759 975 Paulus
779 948 858 982 Papa
878 949 910 980 V,

539 1001 574 1028 ad
594 1004 770 1041 perpetuam
785 1001 828 1029 rei
844 1002 1022 1029 memoriam.

450 1072 546 1106 Decet
576 1072 756 1106 Romanum
790 1072 978 1106 Pontificem
1005 1072 1144 1117 praede-

407 1137 569 1160 cessorum
595 1137 728 1161 suorum
754 1132 852 1170 gesta,
874 1127 1062 1171 praesertim
1089 1137 1144 1160 ca-

409 1179 600 1213 tholicorum
623 1186 653 1214 et
672 1191 784 1223 regum
806 1187 836 1214 et
857 1180 996 1214 aliorum
1019 1181 1146 1215 christi-

407 1232 549 1267 fidelium
583 1234 826 1268 indemnitatem
861 1235 1085 1280 respicientia,
1113 1241 1148 1268 ut

406 1293 561 1331 perpetuo
591 1287 683 1321 firma
715 1294 746 1322 et
777 1288 927 1322 inviolata
954 1289 1143 1333 persistant,

406 1341 606 1384 probationis
631 1353 707 1376 suae
732 1343 894 1387 praesidio
920 1343 1142 1385 communire,

406 1395 547 1439 aliasque
569 1396 708 1440 desuper
728 1397 948 1441 providentiae
970 1407 1045 1431 suae
1066 1408 1142 1441 par-

406 1454 451 1481 tes
480 1449 699 1483 favorabiliter
732 1451 958 1495 interponere,
991 1456 1088 1494 prout
1114 1451 1145 1484 in

405 1502 540 1537 Domino
561 1505 717 1549 conspicit
737 1505 910 1539 salubriter
931 1505 1089 1550 expedire.

449 1558 465 1598 ξ
484 1557 514 1590 1.
538 1558 665 1591 Dudum
691 1559 850 1603 siquidem
877 1569 894 1592 a
915 1559 1015 1592 felicis
1037 1569 1144 1592 recor-

406 1609 545 1644 dationis
577 1612 674 1645 Paulo
714 1613 798 1656 Papa
827 1613 864 1646 Ill
896 1612 1144 1656 praedecessore

404 1669 514 1697 nostro
533 1671 725 1698 emanarunt
746 1665 871 1699 litterae
893 1666 1012 1699 tenoris
1032 1666 1143 1699 subse-

405 1718 550 1760 quentis:

452 1771 652 1806 Charissimo
666 1774 698 1806 in
721 1774 848 1808 Christo
869 1773 939 1816 filio
963 1778 1071 1806 nostro
1087 1773 1145 1807 Ca-

405 1824 473 1858 rolo
498 1826 720 1860 Romanorum
737 1827 928 1871 imperatori
943 1837 1066 1871 semper
1091 1837 1145 1859 au-

406 1884 510 1922 quslo,
538 1884 566 1913 et
590 1881 827 1914 venerabilibus
847 1882 1006 1924 fratribus
1026 1882 1144 1914 uostris

407 1933 647 1978 archiepiscopo
682 1934 901 1975 Gmnatcnst,
929 1946 966 1968 ac
999 1934 1145 1967 aliarum

407 1986 647 2021 cathedralium
671 1989 765 2032 requi
793 1988 957 2024 Granatae
974 1988 1141 2032 episcopis,

406 2045 434 2074 el
452 2041 578 2075 dilectis
595 2041 676 2084 filiis
697 2042 890 2077 Gramtten.⁹
906 2042 1145 2076 cathedralium

406 2094 596 2128 huiusmodi
608 2100 636 2128 et
649 2095 897 2139 oolleyiat'arum
911 2096 1076 2140 capitulis
1089 2107 1145 2140 pa-

404 2147 668 2192 rochi'alz'umque
693 2149 899 2182 ecclesiarum.
932 2149 1026 2182 totius
1050 2150 1145 2193 requi

405 2201 746 2245 administratoribus7,
774 2214 810 2236 ac
835 2203 967 2237 illorum
995 2208 1022 2237 e!
1043 2204 1141 2236 eccle-

404 2256 530 2289 siarum
541 2256 727 2290 eurumdem
739 2257 941 2300 fabricarum
955 2257 1144 2299 oeconomis,

404 2309 531 2343 Paulus
558 2310 647 2354 Papa
672 2311 738 2344 III.

443 2361 642 2397 Clear't'ssimc
655 2365 691 2397 in
706 2364 833 2398 Christo
845 2365 911 2407 filii
924 2370 1041 2406 noster,
1054 2369 1082 2398 el
1100 2375 1144 2398 ve-

404 2417 565 2451 nerab-iles
580 2418 709 2460 fratres‘,
726 2429 762 2451 oc
775 2418 885 2452 dilecte·
905 2419 980 2461 filii,
1004 2419 1141 2452 xalmem

404 2476 432 2504 et
445 2472 656 2515 apostolicam
675 2472 936 2506 benedictionem.

458 2526 579 2570 Exponi
613 2526 706 2560 nobis
737 2537 842 2571 nuper
880 2526 1019 2567 fecistis,
1054 2527 1140 2570 quod

405 2579 482 2613 alias
501 2590 601 2623 regno
629 2580 788 2614 Granatae
814 2591 830 2614 e
857 2580 1003 2613 manibus
1027 2580 1141 2613 infide-

441 2651 451 2676 1
475 2650 511 2676 Ex
533 2650 639 2686 Regest.
661 2651 688 2677 in
708 2650 808 2678 Secret.
831 2651 907 2677 Brev.

440 2695 456 2721 2
477 2694 549 2722 Fors.
565 2695 670 2731 legend.
685 2696 869 2724 Granaeensis
885 2699 910 2723 et
926 2695 1052 2724 aliarum
1065 2700 1140 2731 tus).

992 273 1166 298 BULLARIUM
1192 273 1341 297 ROMANUM

1186 321 1274 363 lium,
1296 321 1401 354 divina
1423 321 1546 355 favente
1567 322 1736 357 clementia
1750 350 1758 365 ,
1780 333 1837 367 per
1857 323 1920 357 cla-

1186 384 1239 406 rae
1260 374 1437 408 memoriae
1452 374 1690 409 Ferdinandum
1712 381 1743 409 et
1761 375 1920 411 Elisabeth

1184 427 1409 471 Hispaniarum
1448 438 1538 471 reges
1574 428 1750 463 catholicos
1781 440 1918 475 recupe-

1184 486 1254 514 rato
1270 509 1277 522 ‚
1312 481 1412 515 felicis
1448 482 1680 517 recordationis
1716 483 1921 518 Innocentius

1183 534 1269 579 Papa
1296 533 1384 576 VIII,
1410 537 1640 580 praedecessor
1663 543 1780 579 noster,
1807 537 1846 571 ad
1868 537 1919 571 in-

1183 594 1294 632 gentes
1325 589 1452 624 labores
1481 596 1512 624 et
1539 601 1691 635 expensas
1717 601 1776 635 per
1806 591 1919 625 Ferdi-

1183 642 1325 676 nandum
1346 648 1375 676 et
1400 643 1561 678 Elisabeth
1591 655 1682 688 reges
1706 645 1866 690 praefatos
1890 645 1923 678 in

1183 694 1367 730 huiusmodi
1382 697 1471 742 regni
1485 699 1727 742 recuperatione
1739 698 1924 744 perpensos¹

1183 754 1214 782 et
1233 749 1340 792 factas,
1365 757 1397 784 ut
1415 762 1474 796 par
1494 758 1571 795 erat,
1591 753 1777 798 respiciens,
1801 753 1923 787 eisdem

1183 803 1386 839 Ferdinando
1405 812 1435 840 et
1459 807 1620 841 Elisabeth
1647 807 1787 851 regibus,
1815 807 1921 852 quoad

1183 857 1334 901 viverent,
1356 866 1385 894 et
1405 860 1520 895 deinde
1546 872 1659 896 eorum
1684 861 1923 896 successoribus

1182 912 1407 958 Hispaniarum
1425 914 1609 949 huiusmodi
1628 916 1757 959 regibus
1774 926 1833 960 pro
1847 921 1923 949 tem-

1182 976 1260 1009 pore
1283 995 1290 1008 ,
1323 967 1354 1000 in
1392 974 1583 1013 perpetuum
1621 969 1860 1013 iuspatronatus
1891 974 1923 1002 et

1181 1021 1407 1063 praesentandi
1428 1032 1582 1066 personas
1604 1023 1737 1057 idoneas
1757 1023 1796 1056 ad
1822 1022 1922 1067 ipsius

1181 1074 1271 1116 regni
1293 1076 1555 1120 metropolitanas
1567 1082 1599 1110 et
1618 1077 1695 1110 alias
1720 1076 1922 1111 cathedrales

1182 1132 1212 1160 et
1229 1127 1413 1171 collegiatas
1432 1139 1492 1162 nec
1514 1140 1578 1163 non
1599 1129 1801 1174 parochiales
1818 1130 1921 1164 eccle--

1181 1181 1261 1222 sias,
1291 1193 1467 1227 earumque
1492 1183 1684 1226 dignitates,
1712 1183 1920 1218 canonicatus

1181 1241 1212 1268 et
1231 1236 1441 1279 praebendas,
1469 1247 1506 1270 ac
1527 1236 1589 1270 alia
1613 1236 1770 1271 beneficia
1791 1244 1822 1272 et
1847 1238 1921 1271 hos-

1180 1288 1302 1333 pitalia,
1331 1289 1410 1323 inibi
1437 1295 1511 1324 tunc
1531 1290 1595 1324 iam
1616 1291 1723 1325 forsan
1744 1297 1866 1325 erectas
1891 1296 1921 1325 et

1180 1349 1285 1376 erecta
1303 1354 1360 1377 seu
1380 1344 1548 1387 erigendas
1566 1350 1596 1378 et
1617 1345 1781 1388 erigenda,
1810 1355 1917 1379 reser—

1180 1397 1261 1430 vavit
1286 1403 1316 1431 et
1342 1398 1509 1440 concessit,
1530 1409 1567 1432 ac
1592 1409 1704 1433 omnes
1724 1405 1755 1432 et
1775 1398 1920 1441 singulos

1181 1451 1312 1492 fructus,
1333 1451 1476 1485 redditus
1498 1457 1527 1485 et
1547 1458 1721 1496 proventus
1746 1452 1919 1486 decimales

1179 1504 1211 1537 in
1232 1510 1298 1539 toto
1317 1516 1416 1549 regno
1430 1506 1594 1550 praedicto
1611 1517 1670 1551 pro
1686 1512 1831 1550 tempore
1845 1516 1920 1550 pro-

1178 1559 1342 1593 venientes
1363 1560 1412 1604 (ea
1429 1565 1534 1594 tamen
1545 1560 1741 1601 conditione,
1758 1560 1844 1604 quod
1859 1559 1919 1604 ipsi

1179 1613 1401 1647 Ferdinandus
1415 1620 1445 1647 et
1459 1614 1619 1648 Elisabeth
1634 1624 1726 1657 reges
1744 1625 1780 1647 ex
1799 1613 1918 1647 eisdem

1179 1666 1334 1700 fructibus
1351 1673 1588 1711 competentem
1610 1667 1718 1701 dotem
1740 1673 1771 1700 et
1790 1667 1916 1711 portio-

1178 1729 1251 1752 nem
1284 1725 1357 1753 tunc
1389 1720 1633 1765 archiepiscopo
1662 1720 1853 1755 Granatensi
1887 1725 1919 1754 et

1179 1773 1312 1816 praefati
1325 1774 1414 1816 regni
1434 1774 1604 1818 episcopis,
1625 1785 1661 1807 ac
1682 1773 1916 1807 cathedralium

1179 1832 1209 1860 et
1230 1827 1472 1870 collegiatarum
1499 1828 1705 1862 ecclesiarum
1732 1828 1917 1862 huiusmodi

1179 1881 1338 1924 capitulis,
1355 1891 1413 1915 nec
1431 1892 1495 1915 non
1516 1881 1714 1915 beneficiatis
1732 1887 1762 1915 et
1781 1881 1920 1926 hospita-

1178 1934 1274 1976 libus,
1298 1935 1507 1980 ipsorumque
1532 1935 1738 1980 hospitalium
1765 1941 1795 1969 et
1819 1935 1919 1969 dicta-

1181 1998 1251 2021 rum
1271 1988 1477 2022 ecclesiarum
1497 1989 1626 2022 fabricis
1644 1989 1805 2032 assignare
1826 1989 1918 2023 debe-

1178 2048 1250 2075 rent
1280 2048 1311 2075 et
1340 2043 1552 2086 tenerentur)
1581 2048 1739 2086 perpetuo
1768 2042 1914 2083 donavit,

1179 2095 1304 2140 ipsique
1329 2096 1551 2130 Fordinandus
1577 2101 1607 2129 et
1632 2095 1793 2130 Elisabeth
1813 2106 1917 2139 regeS,

1178 2160 1237 2193 pro
1259 2150 1442 2184 huiusmodi
1469 2149 1662 2183 conditionis
1687 2150 1914 2193 implemento,

1178 2203 1302 2237 duabus
1327 2204 1420 2237 nonis
1445 2203 1590 2248 partibus
1615 2203 1774 2236 fructuum
1801 2202 1914 2236 liuius-

1179 2257 1265 2291 modi
1291 2268 1349 2302 pro
1367 2268 1399 2292 se
1418 2257 1494 2302 ipsis
1519 2257 1660 2298 retentis,
1683 2257 1823 2301 reliquas
1847 2267 1917 2300 sep-

1180 2316 1241 2345 tem
1273 2322 1374 2346 nonas
1393 2303 1500 2357 partos
1535 2311 1696 2345 fructuum
1725 2310 1915 2344 eorumdem

1178 2365 1433 2410 archiepiscopo,
1457 2365 1626 2410 episcopis,
1640 2364 1798 2409 capitulis,
1820 2364 1916 2397 bene-

1178 2419 1526 2464 ficiatis,hospitalibus
1543 2424 1573 2452 et
1592 2417 1720 2452 fabricis
1732 2416 1916 2462 praedictis,

1178 2474 1261 2508 inter
1278 2484 1331 2507 eos
1352 2479 1439 2508 certo
1465 2478 1540 2507 tunc
1560 2483 1709 2517 expresso
1735 2471 1848 2505 ordine
1869 2470 1916 2504 di-

1176 2526 1340 2567 videndas,
1361 2526 1562 2570 reliquerunt
1582 2531 1613 2559 et
1632 2535 1690 2570 pro
1709 2534 1820 2559 eorum
1842 2524 1915 2557 dote

1176 2579 1428 2622 assignaverunt.
1453 2579 1528 2612 Cum
1556 2583 1673 2619 autem,
1693 2577 1776 2611 sicut
1803 2576 1915 2610 eadem

1176 2632 1333 2677 expositio
1349 2632 1574 2675 subiungebat,
1592 2642 1627 2665 ex
1649 2636 1725 2665 tunc
1751 2631 1782 2664 in
1808 2636 1912 2672 antea,

1214 2698 1222 2723 1
1247 2695 1347 2723 Forsan
1363 2695 1505 2731 legendum
1524 2702 1671 2730 perpessos
1690 2694 1730 2729 (a.
1746 2693 1794 2728 τ,).

1933 275 1982 302 An.
1997 275 2025 302 C.
2049 275 2120 304 1609
2158 283 2162 287 ·
