2227 3241
14 261 72 290 [An.
89 259 118 286 G.
137 258 206 286 ⁴⁶05

214 895 319 936 libus,
343 895 535 936 mobilibus,
564 895 821 935 semoventibus,
845 895 969 928 iuribus

206 1333 367 1366 vcumque
400 1322 492 1355 titulo
524 1322 733 1365 reliquerint,
764 1322 969 1365 aliorumque

213 1694 349 1728 .iurium
368 1701 399 1728 et
416 1695 581 1728 actionum
602 1695 811 1736 cessionibus,
836 1695 972 1738 aliisque

215 1748 315 1782 inter
347 1748 433 1782 vivos
468 1749 688 1782 contractibus
717 1749 831 1791 (etiam
863 1749 989 1791 vigore.³

216 1855 371 1889 sionibus
391 1860 422 1890 et
442 1856 712 1896 revocationibus,
736 1856 840 1896 bonis,
861 1857 970 1896 rebus,

216 2123 387 2164 tendunt,
419 2129 481 2157 tam
513 2124 545 2157 in
570 2125 714 2157 Romana
739 2124 849 2165 Curia,
877 2136 973 2169 quani

215 2231 321 2264 nium
341 2238 371 2265 ct
391 2232 592 2275 singulorum
620 2238 720 2266 status
742 2239 773 2266 ct
799 2233 913 2266 merita
938 2243 993 2266 ac·

216 2418 220 2422 ·
267 2402 281 2429 1
304 2401 424 2438 Utraque
439 2402 522 2430 editio
538 2402 686 2430 Cherubin.
703 2402 993 2440 legitinfirmorum-
992 2419 993 2422 ι

217 2473 219 2475 ,
235 2455 290 2482 que
308 2448 349 2483 (ιι.
361 2454 387 2475 τ.
392 2448 410 2483 ).

835 258 981 281 cranaus

220 307 364 352 pitaneo,
380 312 412 341 et
431 317 449 341 a
469 306 635 352 quibusvis
656 306 852 346 consulibus,
869 306 965 339 etiam

222 361 301 394 artis
325 360 564 403 agriculturae,
593 360 783 399 camerario,
811 359 911 403 Ripae
937 365 968 392 et

221 415 369 459 Ripettae
389 415 484 457 burgi
508 405 736 457 gubernatore,
754 420 783 447 et
801 413 888 446 Sacri
909 413 966 446 Pa-

222 467 288 502 latii
315 466 486 502 causarum
519 468 737 507 auditoribus,
767 472 797 500 et
822 467 965 500 eiusdem

221 521 252 555 S.
273 522 309 555 R.
330 522 364 555 E.
381 521 600 555 cardinalibus
621 521 718 554 etiam
739 520 878 553 cuiusvis
899 520 966 552 col-

222 574 309 618 legii,
333 574 505 615 societatis,
522 574 748 613 universitatis,
766 573 963 613 monasterii,

222 639 279 662 seu
300 629 430 662 alterius
451 628 591 661 cuiusvis
613 627 674 660 loci
693 627 749 671 pii,
771 627 865 660 etiarn
888 637 967 660 neo-

222 682 406 727 phytorum,
422 681 660 726 protectoribus
673 680 856 725 specialiter
867 681 968 724 depu-

225 735 318 776 tatis,
346 734 484 778 aliisque
514 734 675 768 iudicibus
707 733 880 767 ordinariis
912 745 967 767 seu

223 788 380 831 delegatis
404 789 666 833 quibuscumque
694 793 797 822 motas
828 794 859 822 et
883 798 965 831 peu-

223 841 337 876 dentes
367 841 408 875 de
435 847 467 875 et
485 852 583 886 super
603 847 687 876 statu
704 847 735 875 et
754 842 849 875 bonis
869 841 968 875 stabi-

224 954 256 982 et
271 948 452 982 actionibus
472 949 744 993 quibuscumque,
760 948 855 982 etiarn
878 958 970 981 occa-

224 1001 316 1036 sione
335 1002 529 1036 damnorum
551 1003 713 1043 datorum,
731 1007 793 1034 tam
812 1002 968 1045 praedicti

225 1054 414 1099 hospitalis,
436 1066 533 1099 quam
558 1056 691 1088 fratrum
719 1055 795 1088 dicti
820 1055 966 1095 Ordinis,

225 1108 457 1152 expositorum,
479 1107 702 1142 intirmorum⁴
719 1108 749 1140 in
765 1108 850 1141 dicto
864 1108 970 1141 archi-

225 1161 377 1205 hospitali
398 1161 636 1202 decedentium,
660 1161 716 1205 qui
737 1161 860 1204 aliquid
883 1161 969 1194 dicto

226 1214 480 1259 archihospitali‚
497 1215 562 1248 sive
576 1225 634 1258 per
649 1215 730 1247 viam
746 1214 966 1254 institutionis,

227 1269 275 1302 vel
293 1269 402 1312 legati,
426 1278 481 1302 seu
500 1268 539 1301 ab
562 1269 722 1307 intestato,
740 1269 787 1301 vel
807 1269 869 1301 alio
888 1278 969 1311 quo-

227 1375 448 1409 ministrorum
463 1403 470 1416 ,
491 1375 668 1418 agentium,
693 1375 864 1415 sactorum,
890 1375 988 1407 alio-¹

228 1438 366 1472 rumque
375 1428 461 1462 dicto
475 1428 716 1471 archihospitali
727 1438 859 1472 quoquo
875 1429 971 1461 modo

227 1481 502 1522 inservientium²‚
531 1492 567 1515 ac
596 1481 857 1525 quibuscumque
886 1481 971 1514 loca-

228 1535 381 1576 tionibus,
401 1535 652 1576 venditionibus,
670 1535 792 1578 legatis,
805 1535 972 1568 fideicom-

227 1588 344 1627 missis,
361 1588 568 1629 testamentis,
589 1588 842 1622 haereditatibus
852 1588 970 1621 acillo-

228 1652 300 1674 rurn
309 1641 572 1683 diScu'ssionibus,
583 1647 680 1686 atque
688 1652 971 1686 quorumcumque

229 1801 435 1845 obligationis
449 1802 482 1835 in
499 1803 604 1836 forma
628 1803 806 1845 Gamerae),
827 1813 970 1846 exequu-

229 1909 356 1943 iuribus
373 1916 404 1944 et
423 1910 606 1944 actionibus
623 1911 663 1944 ad
684 1911 805 1943 dictum
824 1911 973 1944 archiho-
988 1910 989 1914 ’

229 1963 343 2007 spitale
363 1963 610 2008 spectantibus³‚
627 1969 658 1997 et
679 1964 710 1997 in
731 1964 849 2008 quibus
867 1964 970 2008 ipsum
988 1974 990 1994 ι

230 2016 484 2061 archiliospitale
508 2027 564 2050 seu
590 2028 747 2061 personae
768 2018 973 2061 supradictae

231 2079 364 2114 quoquo
384 2071 483 2104 modo
497 2070 652 2104 interesse
667 2071 787 2104 habent
803 2082 858 2104 seu
879 2082 974 2115 prae-

232 2182 321 2210 extra
346 2187 416 2211 eam
438 2177 542 2211 ubivis
563 2179 709 2212 locorum
729 2180 881 2222 (quorum
904 2190 974 2212 om-

232 2285 364 2318 nomina
383 2291 412 2319 et
434 2285 629 2327 cognomina
648 2286 790 2319 iudicum
814 2292 842 2319 ct
860 2286 976 2319 colliti-

992 2374 994 2406 l

255 2490 285 2518 2
305 2491 377 2519 Edit.
393 2491 472 2520 Main.
494 2496 521 2520 et
545 2492 662 2520 Cheiffub
682 2491 861 2519 R0n1.habet
885 2493 977 2520 insci-
992 2477 994 2535 i

235 2535 358 2570 vienle33
380 2544 503 2571 erronee,
525 2540 554 2563 nt
573 2537 679 2563 videtur
701 2538 735 2572 (n.
758 2537 806 2572 T..)

270 2579 288 2607 3
307 2579 377 2607 Edit.
393 2579 472 2608 Main.
485 2584 512 2608 et
522 2580 640 2608 Cherub.
654 2580 730 2608 Rom.
743 2581 995 2616 leguntspectan-

237 2626 284 2657 le⁸;
305 2628 333 2652 at
346 2625 457 2659 rectius,
472 2629 501 2653 ut
512 2625 627 2659 videtur,
641 2625 702 2653 edit.
716 2625 835 2652 Cherub.
853 2626 975 2660 Lugdun.
992 2598 995 2653 i

237 2666 300 2704 legit
313 2670 509 2705 spectantibus
527 2672 561 2705 ᾗιι,
579 2677 625 2705 r„

1003 259 1058 282 viu
1082 259 1130 282 rr.
1645 247 1709 282 179
1756 258 1806 285 An.
1829 257 1943 286 (1.1605

1000 307 1144 348 gantium
1155 307 1380 350 praesentibus
1388 316 1447 351 pro
1462 307 1619 351 expressis
1630 307 1741 340 haberi

1001 360 1174 403 volumus),
1192 361 1223 393 in
1239 371 1443 404 quacumque
1469 361 1630 401 instantia,
1654 371 1689 394 ac
1711 361 1742 394 in

1002 412 1122 446 eisdem
1149 419 1232 446 statu
1258 420 1285 446 ct
1315 414 1470 455 terminis,
1492 414 1522 447 in
1549 415 1666 458 quibus
1691 426 1741 448 re-

1001 466 1182 509 periuntur,
1200 467 1239 500 ad
1261 478 1318 500 nos
1331 468 1444 501 harum
1460 468 1541 501 serie
1555 479 1738 507 avocamus3

1046 519 1111 561 32.
1132 520 1280 565 Illasquc,
1301 532 1426 555 necnon
1448 522 1526 555 alias
1547 522 1739 555 infuturum
1811 533 1859 554 nia<
1852 540 1902 559 ιιι
1919 535 1947 554 ιι-

1002 573 1446 618 quandocumquepcipetuis
1459 575 1574 608 suturis
1590 575 1743 619 tempoii-
1758 565 1816 635 ἶῖῗὲ
1813 562 1861 635 iri
1857 567 1919 607 ¹i.i
1917 568 1946 605 ¹¹}

1001 626 1061 659 hus
1076 628 1262 668 moxendas,
1287 639 1359 661 cum
1382 629 1534 662 omnibus
1555 635 1584 662 et
1609 629 1677 671 sing
1672 622 1777 662 ·nlis
1833 615 1898 635 “”““

1002 678 1129 712 illatum
1146 679 1340 720 Incidentlts
1361 681 1594 724 dependentiis,
1613 682 1745 715 annexis

1002 737 1032 765 et
1052 732 1214 771 connexis,
1240 733 1295 766 tibi
1310 734 1467 767 moderno
1481 740 1581 778 etpro
1602 740 1746 778 tempore

1002 786 1148 820 existenti
1163 793 1274 820 nostro
1290 788 1321 821 in
1339 789 1422 821 alma
1436 789 1520 822 Urbe
1538 790 1671 833 eiusque
1685 790 1748 823 dis-

1004 840 1099 873 trictu
1114 840 1244 880 vicario,
1260 852 1317 884 per
1333 848 1361 875 te
1377 842 1492 886 ipsum,
1507 854 1563 876 seu
1580 854 1638 887 per
1655 854 1748 887 prae-

1003 893 1102 926 latum
1133 894 1280 927 doctrina
1301 901 1332 928 et
1359 895 1543 938 integritate
1563 897 1747 940 praeditum

1003 957 1021 980 a
1045 953 1074 980 te
1099 948 1340 991 deputandum,
1367 955 1397 981 et
1424 950 1516 983 toties
1540 951 1667 993 quoties
1691 950 1749 983 tibi

1004 1001 1167 1034 videbitur
1187 1003 1435 1043 removendum,
1460 1009 1489 1036 et
1508 1004 1606 1036 alium
1630 1004 1660 1036 in
1680 1004 1748 1037 eius

1004 1055 1111 1088 locum
1133 1055 1378 1098 subrogandum
1402 1057 1471 1102 (qni
1487 1063 1592 1090 tamen
1615 1068 1680 1090 non
1710 1058 1747 1090 sit

1005 1114 1078 1141 tuus
1099 1109 1300 1151 vicesgeiens
1322 1120 1428 1153 neque
1442 1111 1675 1151 locumtencns,
1693 1112 1749 1155 qui

1003 1161 1073 1194 aliis
1103 1162 1198 1195 variis
1230 1163 1375 1205 negociis
1409 1164 1555 1207 impediti
1588 1164 1746 1197 dictarum

1004 1225 1172 1248 causarum
1185 1216 1392 1259 expeditioni,
1403 1217 1537 1259 singulis
1549 1217 1749 1261 horis.prout

986 1289 988 1304 ι
1004 1268 1175 1301 necessitas
1195 1269 1340 1312 requirit,
1357 1280 1470 1302 vacare
1484 1280 1547 1302 non
1569 1277 1747 1313 poterunt),

1005 1323 1112 1365 quoad
1130 1333 1242 1356 causas
1263 1323 1419 1356 minores¹
1443 1324 1643 1362 movendas²,
1661 1336 1749 1358 suin-

1007 1376 1119 1416 marie,
1147 1376 1350 1420 simpliciter,
1376 1378 1415 1410 de
1440 1378 1552 1421 plano,
1581 1379 1647 1411 sola
1674 1379 1748 1412 sacti

1006 1429 1137 1462 veritate
1152 1430 1305 1473 inspecta,
1323 1436 1353 1463 et
1372 1431 1469 1463 nullis
1492 1431 1587 1464 ctiam
1602 1432 1749 1465 terminis

1006 1483 1272 1516 substantialibus
1296 1485 1446 1524 servatis,
1475 1491 1502 1517 et
1529 1484 1597 1517 sine
1622 1486 1747 1527 registri

1006 1537 1226 1576 confectione,
1255 1537 1419 1581 etiamque
1442 1538 1467 1570 si
1486 1538 1525 1571 de
1543 1549 1749 1582 quacumque

1005 1593 1132 1623 summa
1147 1592 1321 1624 excedente
1338 1597 1423 1625 tuam
1441 1592 1696 1625 iurisdictionem
1718 1603 1750 1625 a-

1006 1651 1110 1687 gatur,
1134 1656 1170 1679 ac
1187 1646 1265 1679 alias
1286 1646 1370 1679 iuxta
1385 1646 1564 1679 ordinarias
1585 1647 1750 1680 facultates·

1007 1705 1036 1732 et
1058 1699 1313 1732 iurisdictionem
1337 1700 1393 1732 tibi
1413 1711 1470 1744 per
1490 1711 1548 1734 nos
1566 1701 1745 1741 attributas

1006 1758 1036 1785 et
1055 1753 1232 1785 secundum
1254 1753 1406 1786 iustitiam
1429 1760 1457 1786 et
1484 1754 1680 1797 aequitatem
1703 1756 1749 1797 (et

1006 1816 1212 1850 quacumque
1237 1807 1332 1839 etiam
1360 1807 1577 1851 appellatione
1603 1810 1744 1848 rzetnoti
1764 1798 1810 1839 uir]

1005 1859 1030 1892 si
1051 1869 1165 1892 causae
1186 1860 1371 1893 huiusmodi
1390 1871 1408 1893 a
1422 1867 1450 1894 te
1469 1861 1536 1905 ipso
1550 1872 1773 1904 cognoscen-

1007 1919 1057 1945 tur
1068 1918 1099 1945 et
1116 1913 1389 1954 teiminabuntui
1403 1925 1428 1947 31
1443 1921 1549 1947 antem
1564 1915 1657 1947 huin
1663 1915 1747 1992 modi
1765 1905 1812 1945 1³¹¹]
1809 1932 1820 1950 ιι

1778 1959 1817 1971 ιιιιιι

1007 2026 1147 2060 scentur,
1172 2025 1203 2053 et
1223 2031 1337 2054 causae
1356 2021 1443 2065 ipsae
1461 2028 1552 2055 erunt
1526 1980 1776 2066 appellabi-

1008 2073 1068 2114 les,
1087 2075 1186 2107 semel
1209 2080 1332 2108 tantum
1349 2076 1386 2108 ad
1407 2081 1436 2108 te
1453 2086 1621 2109 recursum
1638 2077 1749 2109 haberi

1008 2127 1113 2167 liceat,
1137 2133 1168 2160 et
1181 2138 1296 2161 causae
1316 2128 1502 2161 huiusmodi
1522 2139 1579 2172 per
1596 2129 1677 2161 viam
1700 2140 1749 2161 re-

1009 2180 1139 2213 visionis
1157 2192 1214 2225 per
1227 2182 1371 2225 teipsum
1386 2183 1546 2215 vel·alium
1565 2194 1582 2216 a
1604 2189 1632 2216 te
1651 2183 1751 2226 depu—

1011 2235 1142 2268 tandum
1160 2235 1746 2279 terminaridebeant)cognoscendas,

1010 2287 1215 2328 decidendas,
1233 2288 1362 2331 fineque
1376 2289 1485 2322 debito
1501 2289 1747 2325 ici-minandas³‚

1048 2405 1057 2430 1
1080 2403 1200 2439 L'traque
1217 2403 1280 2431 edit.>
1299 2404 1417 2431 Cherub.
1436 2404 1497 2440 legit
1516 2405 1680 2438 minorum,
1703 2406 1752 2432 mi-

993 2456 1060 2475 nus
1075 2452 1160 2480 recte,
1177 2453 1206 2475 ut
1222 2449 1374 2483 videturm.
1392 2458 1417 2476 T.
1422 2450 1441 2483 ).

1044 2493 1061 2520 2
1082 2493 1152 2520 ilaec
1167 2494 1288 2521 clausula
1304 2495 1455 2521 ιεεῐιίειίιῑι
1471 2503 1552 2529 quoa
1548 2495 1565 2520 «l
1580 2503 1683 2521 causas
1699 2495 1749 2522 mi-

992 2536 994 2581 Ι
1010 2546 1094 2566 nores
1113 2539 1265 2566 movendas
1282 2539 1387 2566 videtur
1403 2539 1512 2566 asbcere
1529 2539 1553 2565 id
1567 2540 1637 2574 quod
1649 2540 1752 2566 dictum

1010 2582 1125 2610 suitillas
1135 2591 1213 2618 posse
1228 2583 1356 2610 *icarium
1371 2584 1457 2618 Papae
1473 2583 1591 2610 indit-are
1602 2592 1649 2618 per
1658 2585 1749 2617 alinni

1010 2634 1071 2653 nam
1089 2627 1204 2654 maiores
1219 2627 1336 2655 debebat
1353 2636 1400 2664 per
1415 2636 1444 2655 se
1459 2628 1546 2663 ipsunt
1563 2635 1599 2660 (ιι.
1617 2630 1665 2663 ·r.).

994 2693 995 2698 ,
1046 2671 1061 2698 3
1082 2671 1109 2698 ln
1132 2672 1207 2699 Bult.
1226 2672 1304 2700 Main.
1327 2672 1393 2700 haec
1410 2673 1498 2699 onmia
1524 2673 1605 2700 verba
1631 2673 1752 2702 breviata
