2227 3241
266 284 315 312 Αιι.
336 283 364 311 c.
388 282 455 311 1608
500 274 565 307 470

265 345 358 371 magistri
369 351 408 365 non
415 345 441 365 mi

266 372 331 392 litent⁴

312 768 450 792 Quibuscum-

266 800 307 821 ψη
315 800 356 815 uon
367 794 451 815 obstan-

267 822 330 842 tibus.

294 1641 433 1662 Prooemium

294 2524 343 2545 Pius
352 2523 377 2544 lV
389 2526 456 2545 laxam

467 333 536 366 lites
556 332 641 365 iuxta
665 331 834 374 praedicae
860 330 1032 364 erectionis
1056 336 1200 364 tenorem

466 396 533 418 esse
551 385 679 422 debent,
700 383 759 417 snb
780 384 1038 427 quibuscumque
1056 384 1202 423 ducibus,

466 439 586 481 absque
607 440 755 481 expressa
777 437 851 470 dicti
879 437 984 479 magni
1007 437 1149 478 magistri
1171 437 1206 469 li-

466 491 580 531 centia,
601 492 660 524 sub
682 493 784 534 poena
799 490 986 534 privationis
1007 490 1134 523 habitus
1159 491 1206 523 di-

466 550 534 577 ctae
548 544 685 584 Militiae,
704 544 793 576 nullo
808 544 905 576 modo
920 543 1057 576 militare
1075 543 1205 587 possint,

465 603 621 641 perpetuo
642 597 810 630 statuimus
827 603 858 629 et
875 597 1080 635 ordinanius;
1097 596 1206 639 sicque

465 660 483 682 a
508 649 662 682 militibus
693 649 865 693 praedictis
895 649 1056 682 observari
1081 649 1205 692 praeci-

467 703 571 746 pimus
600 709 630 736 et
655 704 862 742 mandamus,

511 758 527 799 ξ
544 756 593 789 14.
615 757 684 790 Non
705 756 907 790 obstantibus
925 755 1206 789 constitutionibus

467 815 497 842 et
517 809 776 842 ordinationibus
794 808 988 852 apostolicis,
1006 808 1206 851 caeterisque

467 862 637 896 contrariis
654 862 923 905 quibuscumque.

512 916 625 949 Datum
647 916 766 948 Romae
785 916 870 959 apud
888 921 1034 948 sanctum
1062 915 1202 953 Petrum,

467 970 518 1002 uie
539 980 610 1003 xxvi
634 969 786 1002 februarii
807 979 942 1009 moerin,
966 979 1050 1002 anno
1071 979 1118 1002 ιιι.

501 1033 561 1059 Dat.
583 1033 626 1060 die
646 1032 680 1059 26
699 1033 826 1060 februarii
850 1033 927 1065 1608,
949 1032 1043 1068 pontif.
1061 1040 1133 1058 anno
1150 1039 1190 1058 111.

776 1192 902 1225 xcvttt.

467 1290 639 1323 Iimovati‘o
662 1294 756 1323 laxae
788 1290 845 1323 Pii
874 1290 985 1332 Papae
1008 1288 1058 1322 IV
1076 1299 1206 1321 serran-

510 1343 570 1376 dae
586 1344 618 1376 in
638 1343 749 1386 officiis
769 1342 1000 1375 criminalibus
1021 1342 1114 1375 Urbis
1134 1352 1203 1373 cnm

511 1407 589 1428 nora
612 1396 858 1431 declaratione'.

706 1487 817 1513 Paulus
839 1487 917 1520 Papa
931 1486 962 1518 V,

588 1541 629 1567 Ad
649 1544 824 1574 perpetuam
844 1540 889 1566 rei
909 1539 1091 1567 memoriam.

513 1614 597 1646 Inter
621 1623 733 1654 graves
753 1612 951 1655 apostolatus
981 1611 1079 1644 nostri
1101 1622 1204 1650 curas,

468 1666 586 1709 quibus
607 1665 732 1698 assidue
753 1665 942 1708 premin‘iur,
963 1665 1040 1697 dum
1059 1665 1206 1706 regimini

468 1718 626 1752 Ecclesiae
666 1719 854 1750 universalis
894 1718 1040 1751 tenuitati
1081 1724 1207 1751 nostrae

468 1772 557 1805 nullo
586 1777 768 1805 nostrorum
803 1772 989 1804 meritorum
1015 1771 1166 1813 suffragio
1191 1783 1208 1805 a

468 1825 603 1859 Domino
625 1825 763 1858 creditae
791 1825 956 1866 invigilare
977 1825 1128 1865 nitimur,
1153 1835 1209 1868 po-

467 1885 586 1912 strema
608 1879 660 1911 illa
681 1889 744 1912 non
766 1885 828 1918 est,
852 1884 886 1911 ut
917 1879 1019 1911 almae
1040 1878 1132 1911 Urbis
1152 1890 1209 1911 no-

467 1938 550 1966 strae
572 1932 762 1976 tribunaliaf,
787 1942 869 1975 quae
903 1942 977 1975 prae
1009 1932 1109 1966 oculis
1130 1943 1209 1976 quo-

469 1986 546 2019 tidie
571 1986 748 2026 habemus,
776 1991 805 2018 et
837 1985 868 2017 in
890 1985 1006 2029 quibus
1040 1985 1123 2018 inter
1144 1991 1207 2018 tam

470 2040 588 2073 multos
608 2040 703 2072 etiam
725 2039 1013 2072 remotissimarum
1040 2039 1208 2072 nationum

469 2092 693 2125 christifideles
719 2092 765 2125 ius
798 2092 936 2131 dicitur,
972 2092 1014 2125 ita
1039 2093 1102 2125 sint
1122 2093 1209 2125 ordi-

470 2151 554 2185 nata,
578 2152 612 2178 ut
644 2146 794 2185 iustitiae,
819 2146 1021 2188 integritatis,
1045 2150 1075 2180 et
1100 2146 1210 2180 mode—

470 2199 603 2232 rationis
628 2198 698 2231 aliis
722 2199 784 2231 sint
805 2200 970 2242 speculum
986 2205 1016 2232 et
1034 2200 1206 2243 exemplar.

469 2250 690 2293 Quapropter,
714 2249 738 2282 si
760 2260 840 2293 quos
860 2250 996 2289 abusus,
1021 2250 1209 2293 praesertim

471 2314 507 2336 ex
538 2302 682 2335 omnium
715 2303 822 2335 radice
851 2303 1010 2336 malorum
1037 2303 1210 2347 cupiditate

471 2362 609 2396 exortos,
627 2356 681 2389 illa
702 2356 903 2389 deformarc²
921 2357 1140 2399 cognovimus,
1158 2367 1211 2390 eos

471 2409 623 2453 pastorali
650 2409 811 2451 vigilantia
840 2410 995 2450 recidere,
1019 2421 1055 2443 ac
1084 2410 1212 2453 penitus

472 2463 610 2496 evellere
630 2463 796 2496 debemus.

517 2518 533 2558 ἓ
552 2516 581 2549 1.
602 2516 687 2550 Alias
711 2516 870 2560 siquidem
893 2515 995 2549 felicis
1016 2516 1212 2550 recordatio-

510 2598 520 2623 1
540 2595 576 2623 Ex
590 2597 699 2632 Regest.
717 2597 743 2622 in
758 2596 860 2623 Secret.
875 2596 1006 2623 Brevium.

508 2641 524 2667 2
545 2642 614 2668 Edit.
636 2642 714 2669 Main.
737 2642 818 2669 habet
837 2643 1099 2675 7·es0rmctre;qiiaiii
1113 2640 1212 2675 inepte,

474 2687 591 2720 quisquo
614 2687 745 2721 intelliget
760 2688 799 2721 (n.
818 2691 855 2720 Τ.)

1039 282 1217 307 BULLARIUM
1243 282 1394 308 noitANUM

1987 280 2038 307 An.
2054 279 2085 307 G.
2105 278 2172 307 1608
2192 279 2215 308 ·“’,

1238 331 1286 363 nis
1306 330 1379 364 Pius
1396 331 1479 373 Papa
1496 330 1532 363 lV
1551 330 1776 373 praedecessor
1790 336 1908 372 noster,
1922 339 1976 363 co·
1990 347 2003 362 a
2031 340 2174 362 tribunatibus
2188 319 2201 364 J,

1238 383 1399 416 stitnendo
1431 388 1534 416 taxam
1563 383 1746 416 mercedum
1774 383 1974 417 notariorum
1991 366 2217 446 ἓὶὲῑωοῑιὲἓὲςῗέἕ-’Ξι

1239 446 1407 469 causarum
1429 436 1647 469 criminalium
1665 436 1900 478 gubernatoris,
1921 446 1976 468 au-
1991 448 2040 474 psa.
2188 447 2217 483 χ

1238 489 1350 522 ditoris
1367 489 1528 529 Gamerae,
1550 489 1668 529 vicarii,
1696 489 1852 522 senatoris
1868 489 1974 527 Urbis,
2184 495 2218 544 ἶ(

1238 550 1267 576 et
1282 543 1395 576 iudicis
1407 542 1512 585 Burgi,
1525 543 1608 576 inter
1622 542 1693 576 alia¹
1707 543 1828 583 statuit,
1841 548 1872 575 et
1887 552 1979 586 prae·
2191 547 2200 581 ᾖ
2217 559 2218 565 1

1238 596 1333 640 cepit,
1358 595 1456 639 quicl‘Z
1474 595 1533 639 ipsi
1551 596 1668 629 notarii
1689 606 1748 639 pro
1767 606 1879 629 eorum
1900 605 1980 628 rner-
2192 582 2219 643 ’,ξ

1239 650 1316 682 cede
1330 660 1389 692 pro
1410 651 1485 683 nota
1502 649 1679 682 sententiae
1696 648 1913 682 absolutoriae
1926 649 1980 682 de·
2191 649 2219 704 ᾧ

1240 702 1390 743 finitivae,
1416 713 1473 736 seu
1493 703 1612 736 decreti
1638 703 1700 735 vim
1722 702 1906 736 definitivae
1924 702 1980 735 ha·
2190 703 2220 753 5

1239 756 1353 796 bentis,
1375 756 1518 799 quidque
1537 767 1597 800 pro
1615 756 1793 789 cassatione
1810 766 1980 799 processus
2193 751 2220 799 Z}

1241 815 1303 841 tam
1325 809 1356 841 in
1377 809 1491 848 causis,
1516 809 1548 841 in
1569 809 1687 853 quibus
1707 808 1862 853 capitalis,
1883 818 1980 852 quam
2191 799 2221 856 {zi

2195 859 2206 871 ’4
2218 863 2220 873 t

1240 863 1270 894 in
1292 863 1372 903 aliis,
1394 863 1425 896 in
1443 863 1560 907 quibus
1577 873 1642 897 non
1661 863 1816 907 capitatis,
1837 862 1892 895 sed
1910 872 1982 895 cor-

1240 916 1368 960 poralis,
1389 927 1425 949 ac
1443 917 1537 950 etiarn
1554 916 1585 949 in
1604 916 1731 960 quibus,
1748 926 1807 949 nec
1825 915 1981 959 capitalis,

1240 980 1298 1002 nec
1313 970 1491 1013 corporalis
1505 980 1608 1014 poena
1626 969 1822 1013 imponenda
1835 974 1914 1009 erat,
1930 978 1982 1002 ac-

1240 1022 1347 1069 cipere
1368 1023 1552 1063 deberent³;
1576 1034 1612 1056 ex
1633 1033 1697 1067 qua
1714 1023 1846 1066 quidem
1863 1022 1981 1056 consti-

1241 1075 1373 1114 tutione,
1394 1081 1424 1108 et
1443 1081 1513 1108 taxa
1530 1076 1574 1108 sic
1593 1075 1742 1108 distincte
1760 1075 1978 1119 praescripta⁴‚

1241 1129 1312 1162 licet
1331 1129 1426 1162 iidem
1446 1129 1563 1163 notarii
1581 1129 1702 1163 decreti
1721 1134 1843 1169 notam,
1864 1134 1894 1162 et
1911 1138 1982 1172 pro-

1240 1193 1346 1216 cessus
1367 1183 1579 1216 cassationem
1594 1182 1806 1226 praetendere
1821 1182 1910 1215 nullo
1924 1192 1980 1226 pa-

1240 1241 1290 1268 cto
1309 1242 1448 1279 possent,
1463 1236 1523 1269 nisi
1542 1236 1572 1268 in
1592 1247 1678 1276 casu,
1707 1236 1737 1268 in
1756 1246 1820 1279 quo
1838 1234 1981 1279 inquisiti

1241 1289 1297 1327 rei,
1321 1300 1377 1322 seu
1402 1290 1567 1329 carcerati,
1591 1290 1629 1322 ab
1652 1289 1713 1322 illis
1734 1289 1889 1333 imputato
1914 1289 1978 1321 cri-

1242 1343 1326 1376 mine
1347 1343 1568 1376 absolvuntur.

1285 1397 1300 1437 ἓ
1319 1396 1348 1428 2.
1372 1397 1502 1435 Tamen,
1522 1396 1604 1430 sicut
1622 1396 1815 1440 accepimus,
1836 1406 1896 1429 nec
1913 1395 1980 1429 sine

1241 1450 1338 1482 animi
1364 1451 1464 1483 nostri
1486 1451 1642 1490 molestia,
1665 1451 1849 1494 complures
1875 1449 1980 1493 inqui-

1241 1503 1302 1543 siti,
1326 1514 1382 1537 seu
1399 1504 1564 1544 carcerati,
1588 1510 1616 1537 et
1636 1504 1742 1536 forsan
1763 1513 1821 1546 pro
1839 1503 1900 1535 levi
1921 1503 1981 1536 cri-

1242 1556 1328 1589 mine
1350 1557 1397 1589 vix
1416 1557 1598 1597 examinati,
1620 1563 1650 1589 et
1670 1557 1866 1600 quandoque
1884 1555 1981 1589 etiam

1242 1620 1306 1643 non
1321 1611 1503 1650 examinati,
1520 1611 1640 1654 absque
1658 1611 1722 1643 ulla
1741 1620 1852 1643 eorum
1868 1619 1981 1643 causae

1243 1664 1458 1701 discussione,
1487 1664 1641 1696 habentes
1673 1664 1837 1696 decretum
1866 1664 1904 1696 de
1926 1673 1978 1695 re-

1244 1718 1388 1757 laxando,
1405 1727 1459 1750 seu
1475 1718 1513 1749 de
1532 1728 1595 1750 non
1615 1717 1827 1757 molestando,
1848 1717 1896 1749 vel
1914 1726 1981 1748 mo-

1243 1772 1312 1804 dica
1338 1771 1462 1809 soluta,
1488 1777 1541 1804 aut
1570 1772 1789 1809 commutata,
1818 1770 1864 1803 vel
1885 1770 1980 1803 etiam

1244 1825 1373 1868 (aliqua
1397 1835 1432 1857 ex
1453 1826 1548 1857 causa
1570 1823 1668 1857 iudici
1699 1823 1870 1865 benevisa)
1895 1823 1983 1856 nulla

1243 1879 1347 1911 soluta
1374 1880 1500 1921 poena,
1529 1888 1545 1909 a
1566 1877 1699 1910 notariis
1723 1882 1883 1919 coguntur
1907 1875 1983 1920 ipsis

1243 1932 1367 1965 solvere
1392 1937 1423 1964 et.
1448 1930 1569 1964 decreti
1598 1930 1726 1963 notulas
1756 1935 1786 1963 et
1813 1939 1981 1973 processus

1244 1985 1448 2024 cassationes,
1465 1984 1599 2028 perinde
1613 1995 1649 2017 ac
1664 1983 1689 2016 si
1705 1983 1884 2016 formaliter
1903 1987 1983 2015 tam-

1244 2048 1340 2082 quam
1367 2037 1485 2081 reperti
1506 2048 1569 2070 non
1599 2036 1784 2081 culpabiles,
1810 2041 1906 2080 prout
1929 2046 1982 2068 ea-

1245 2092 1316 2125 dem
1339 2091 1385 2124 Pii
1411 2097 1480 2123 taxa
1506 2090 1667 2133 loquitur,
1696 2089 1800 2122 forent
1823 2088 1979 2126 absoluti,

1244 2145 1302 2177 sub
1324 2149 1500 2187 praetextu,
1520 2143 1606 2186 quod
1627 2143 1659 2175 in
1680 2143 1792 2175 eodeni
1815 2141 1983 2175 relaxatio-

1245 2198 1303 2237 nis,
1324 2208 1380 2231 sen
1401 2207 1465 2230 non
1486 2196 1728 2235 molestationis,
1744 2196 1791 2229 vel
1810 2195 1984 2228 absolutio-

1246 2251 1294 2284 nis
1319 2251 1471 2291 (lecreto,
1495 2256 1530 2282 ut
1554 2249 1728 2293 plurimum
1755 2260 1772 2282 a
1794 2248 1898 2282 iudice
1919 2258 1983 2281 non

1245 2304 1436 2347 subscripto,
1453 2309 1483 2336 et
1501 2304 1606 2336 forsan
1629 2303 1723 2335 etiam
1745 2303 1858 2336 eodem
1878 2301 1983 2335 iudice

1246 2357 1358 2398 inscio,
1374 2357 1414 2390 ad
1432 2356 1580 2390 effectum
1596 2355 1807 2399 extorquendi
1826 2354 1983 2387 indebitas

2196 990 2199 998 ·’
2191 916 2214 964 ’,σεξτ

2022 1401 2073 1422 Eam
2084 1405 2133 1421 vero
2142 1404 2180 1420 no·
2195 1399 2197 1401 '
2225 1423 2227 1426 ,

1996 1428 2043 1448 tat-ii
2054 1433 2094 1448 non
2107 1427 2178 1447 obser·-
2216 1430 2222 1453 j

1996 1456 2069 1475 vantes
2079 1453 2177 1479 pauperi·
2195 1460 2197 1462 ·
2220 1467 2222 1469 v

1995 1481 2034 1501 bus
2052 1482 2112 1501 orant
2133 1485 2192 1506 gran
2226 1480 2227 1483 ’

1998 1507 2081 1527 iamini.

2183 1963 2225 2196 ‘³³³›“·‘·*‘aex³³*==os*-1.·,‘-·2
2196 1801 2227 1930 fasti.
2202 1589 2223 1603 2
2197 1537 2223 1567 2„—
2215 1512 2221 1522 ..

2192 2216 2217 2302 ,eq-

1282 2464 1292 2490 1
1317 2463 1388 2490 Edit.
1410 2463 1491 2489 Main.
1512 2462 1596 2490 habet
1614 2463 1691 2490 inter
1706 2461 1781 2488 alias
1800 2463 1836 2495 (R.
1853 2462 1901 2496 Τ.).

1281 2508 1296 2534 2
1317 2507 1384 2534 lbid.
1406 2507 1508 2541 legitur
1528 2507 1604 2542 quod
1620 2506 1718 2542 (n.T.).

1282 2552 1297 2579 3
1318 2552 1383 2578 Vide
1395 2551 1518 2578 eiusdem
1535 2551 1575 2578 Pii
1586 2551 1621 2577 IV
1632 2550 1811 2577 Constit.12x11
1826 2549 1852 2576 in
1868 2553 1933 2576 tom.
1950 2555 1984 2576 vn

1247 2604 1309 2632 pag.
1327 2596 1378 2623 180
1392 2599 1418 2622 et
1432 2596 1574 2630 signanter
1587 2603 1647 2630 pag.
1665 2594 1716 2621 182
1731 2594 1746 2621 Ι)
1760 2597 1787 2620 et
1802 2594 1852 2621 183
1862 2602 1878 2621 α
1889 2594 1983 2628 (n.T.).

1283 2641 1298 2666 4
1319 2641 1367 2666 llic
1387 2649 1431 2667 me
1451 2640 1537 2667 fateor
1556 2647 1608 2665 non
1637 2639 1807 2671 intellige1=e3
1828 2646 1860 2665 an
1882 2638 1982 2673 aliquid

1249 2685 1317 2712 desit
1338 2685 1438 2712 iudicet
1459 2684 1580 2719 prudens
1598 2683 1682 2710 lector
1695 2684 1734 2717 (tx.
1748 2684 1795 2716 T.)v
