2227 3241
43 269 91 295 An.
113 268 140 294 C.
161 268 227 297 1608

67 430 191 458 Adhoiiatm
201 438 228 458 ad

43 465 139 486 eumdem
159 470 203 486 cati
212 465 229 486 i-

43 492 118 512 nalem.

75 1639 196 1661 Exordium.

75 1947 133 1968 Facti
146 1953 219 1968 series.

884 272 1002 295 raucus

247 317 348 358 decet,
371 318 549 351 reverentia
575 324 823 362 prosequantur.
848 319 983 353 Contra-

243 370 299 404 riis
319 381 384 404 non
402 371 604 405 obstantibus
625 372 894 416 quibuscumque.

289 426 304 466 ἓ
325 423 356 457 4.
374 425 541 458 Caeterum
557 431 586 458 te
603 425 635 458 in
649 425 786 458 Domino
804 425 984 466 hortamur,

244 482 278 511 ut
294 478 480 512 huiusmodi
501 478 712 522 protectionis
731 489 847 512 munus
868 479 910 512 ita
924 479 988 512 obi-

243 542 278 565 re
298 532 437 572 studeas,
455 537 489 564 ut
508 532 594 575 apud
614 533 712 565 Deum
730 531 889 565 bonorum
909 543 987 576 ope-

244 595 316 618 rum
335 585 564 619 retributorem
580 590 747 619 aeternum
762 585 943 629 praemium
958 591 987 619 et

243 649 261 671 a
282 638 376 672 nobis
402 638 596 681 condignam
622 639 751 672 laudem
776 639 881 672 valeas
906 649 984 683 pro'-

245 701 374 725 mereri.

288 745 402 778 Datum
430 745 551 778 Romae
575 746 660 790 apud
686 747 716 779 5.
745 746 901 786 Marcum,
929 746 987 779 sub

245 799 365 832 annulo
376 799 558 839 piscatoris,
576 799 626 833 die
641 810 683 833 vu
698 800 839 833 octobris
854 810 987 841 mecvm,

244 851 450 896 pontificatus
464 853 566 887 nostri
585 864 670 887 anno
688 864 729 887 ιν.

281 914 338 942 Dat.
360 915 404 942 die
425 916 438 942 7
459 915 580 943 octobris
603 916 680 950 1608,
702 916 796 952 pontis.
818 925 863 943 au.
888 924 924 943 ir.

548 1105 677 1138 CXXIII.

246 1230 285 1263 In
305 1229 462 1273 hospitati
475 1230 581 1262 scmcti
599 1229 735 1262 Ioannis
748 1230 987 1272 Hi'crosolymi'-
1005 1218 1007 1283 Ξ

292 1284 364 1316 tani
386 1284 614 1327 praecedentia
639 1284 799 1316 servanda
818 1285 910 1316 suffla
929 1295 989 1317 un-
1005 1291 1007 1295 '

293 1337 481 1370 tianitatem
498 1338 688 1382 receptionis
703 1349 838 1382 maynuc
851 1339 955 1371 crucis
969 1340 985 1371 ¹.

486 1455 597 1482 Paulus
619 1455 698 1489 Papa
721 1455 749 1487 V,

371 1509 407 1536 ad
428 1512 604 1544 perpetuam
624 1509 667 1537 rei
688 1509 869 1537 memoritim.

291 1606 527 1651 Circumspecta
539 1607 673 1640 Romani
693 1607 865 1647 Pontinus,
884 1608 914 1640 in
928 1620 991 1652 quo

247 1660 416 1704 plenitudo
442 1660 608 1704 potestatis
634 1660 789 1699 consistit,
814 1661 1010 1711 provideri-3,

249 1714 291 1747 tia
309 1713 341 1746 in
362 1714 393 1747 id
416 1724 611 1758 magnopere
637 1714 784 1754 intendit,
810 1721 843 1747 ut
868 1715 993 1749 christi-

248 1767 369 1808 fideles,
386 1768 574 1812 praesertim
603 1768 760 1811 Religioni
787 1768 918 1809 addicti,
946 1780 992 1803 se-

248 1821 344 1854 motis
383 1821 571 1864 discordiis,
600 1821 763 1854 Altissimo
803 1822 990 1855 famulatum

249 1874 431 1908 exhibeant.

294 1930 310 1971 g
332 1928 358 1961 I.
383 1928 465 1962 Sane
485 1939 550 1962 non
571 1928 638 1961 sine
660 1928 759 1961 animi
777 1928 877 1962 nostri
893 1929 992 1963 mole-

250 1983 308 2016 stia
335 1983 540 2028 accepimus,
568 1983 599 2016 in
633 1989 793 2016 conventu
827 1983 994 2028 hospitalis

250 2037 351 2070 sancti
366 2037 494 2071 loannis
509 2037 791 2081 Hierosolymitani
809 2043 995 2071 controver-

249 2090 310 2124 sias
328 2091 411 2126 inter
428 2091 585 2125 baiuliros
609 2091 801 2135 capitulares
825 2098 853 2125 et
869 2092 995 2136 priores

249 2156 305 2178 seu
336 2145 450 2178 fratres
486 2156 621 2188 magnae
653 2145 756 2180 crucis
793 2151 995 2190 nuncupatos

250 2198 325 2232 dieti
345 2199 511 2243 hospitalis
530 2199 615 2232 circa
629 2199 735 2232 locum
756 2205 785 2232 et
799 2200 995 2243 praeceden-

252 2252 327 2285 tiam
348 2258 411 2285 tam
433 2252 463 2285 in
484 2252 745 2296 processionibus
772 2264 869 2297 quam
893 2253 923 2285 iu
942 2247 1014 2297 pit-³

251 2307 344 2340 blicis
372 2312 402 2340 et
423 2306 553 2351 privatis
581 2307 776 2341 sessionibus
804 2307 833 2339 in
863 2308 1014 2340 ecelesiat

253 2367 284 2396 et
303 2367 393 2395 extra
413 2371 482 2395 eam
513 2361 658 2405 quotidie
685 2361 824 2401 exoriri,
849 2372 920 2394 cum
944 2361 995 2394 alii

254 2416 334 2450 alios
351 2415 446 2449 variis
466 2415 644 2448 rationibus
665 2420 693 2448 et
715 2414 996 2459 praetensionibus

253 2470 447 2516 praecedere
458 2470 670 2514 praetendant
679 2475 707 2502 et
720 2475 891 2513 propterca
901 2479 997 2512 quan·

255 2525 360 2568 doque
375 2524 414 2557 ad
427 2523 555 2568 publica
569 2522 702 2556 consilia
717 2523 834 2563 venire,
853 2532 914 2555 uon
929 2522 997 2556 sine

253 2577 405 2611 scandalo
419 2582 451 2610 et
463 2576 708 2621 perturbatione
726 2576 800 2609 dicti
820 2576 1015 2620 hospitalis,k

254 2637 414 2665 recusent.

293 2697 302 2722 t
327 2694 365 2722 Ex
385 2694 491 2730 aegest.
512 2694 537 2722 in
557 2694 656 2722 Secret·
678 2693 754 2722 Brev.

1029 273 1046 296 v
1071 272 1116 295 ΡΡ.
1666 260 1724 293 551

1066 319 1127 362 §2
1150 319 1211 352 Nos
1240 319 1370 355 idcirco,
1385 330 1442 363 pro
1467 318 1568 351 nostri
1596 317 1764 362 pastoralis

1022 372 1119 405 officii
1139 373 1258 409 debito,
1283 373 1356 405 huic
1376 373 1460 405 malo
1475 382 1647 405 occurrere
1661 371 1765 404 rolen-

1024 430 1079 465 tes,
1101 438 1136 457 ac
1157 426 1358 468 singulorum
1382 426 1595 459 baiulirorurn
1623 431 1654 458 et
1678 425 1765 469 prio-

1023 489 1093 511 rum
1119 488 1174 512 seu
1204 479 1338 512 fratrum
1373 490 1507 522 magnae
1541 479 1644 512 erucis
1675 489 1767 523 prae·

1023 531 1183 565 dictorum
1207 533 1287 573 iura,
1312 533 1454 567 actiones
1469 540 1497 566 et
1522 533 1766 577 praetensiones

1022 586 1246 629 praesentibus
1279 598 1338 630 pro
1375 587 1575 620 sufficienter
1611 586 1767 630 expressis

1023 638 1189 679 habentes,
1211 645 1299 672 motu
1326 640 1471 683 proprio,
1490 651 1553 673 non
1574 640 1612 673 ad
1631 640 1766 673 alicuius

1023 693 1115 727 nobis
1133 705 1229 738 super
1246 694 1305 727 hoc
1324 695 1450 727 oblatae
1467 695 1629 738 petitionis
1648 694 1767 727 instan-

1024 746 1114 788 tiam,
1131 748 1169 780 (le
1185 747 1416 781 venerabilium
1432 749 1502 780 l'rati
1514 760 1565 781 um
1583 754 1765 781 nostrorum

1022 800 1052 833 S.
1070 801 1105 833 R.
1124 801 1155 833 E.
1174 801 1386 834 cardinalium
1402 801 1500 833 sacris
1519 801 1632 834 ritibus
1653 806 1684 834 et
1698 812 1768 833 eoe-

1023 854 1177 887 remoniis
1194 854 1454 898 praepositorum
1477 854 1624 894 consilio,
1644 860 1673 887 et
1687 865 1766 898 apo-

1023 906 1155 940 stolieae
1190 907 1355 952 potestatis
1391 908 1592 952 plenitudine
1615 935 1620 947 ‚
1658 914 1768 941 tenore

1022 960 1251 1004 praesentium,
1273 961 1442 994 statuimus
1461 968 1490 994 et
1515 961 1714 1001 ordinamus,
1736 967 1770 994 ut

1024 1014 1234 1057 imposterum
1250 1014 1414 1058 perpetuis
1435 1014 1549 1047 suturis
1568 1014 1768 1058 temporibus

1024 1068 1106 1101 inter
1128 1067 1283 1101 baiuliros
1304 1069 1497 1113 capitulares
1518 1075 1546 1102 et
1566 1069 1689 1113 priores
1712 1079 1769 1102 seu

1025 1122 1139 1154 fratres
1155 1132 1289 1165 magnae
1305 1122 1407 1155 crucis
1419 1122 1492 1155 dicti
1505 1122 1670 1166 hospitalis
1683 1122 1770 1155 nulla

1005 1175 1085 1216 ,alia
1111 1176 1192 1209 ratio
1218 1177 1465 1220 praecedentiae
1491 1177 1686 1217 attendatur,
1710 1176 1769 1209 nisi

1024 1230 1220 1264 antianitatis
1241 1230 1434 1274 receptionis
1453 1241 1588 1273 magnae
1606 1230 1719 1270 crucis,
1738 1237 1771 1263 ut

1025 1284 1077 1316 ille
1099 1284 1391 1317 scilicetbaiulirus
1412 1284 1597 1328 capitularis
1627 1290 1655 1317 ct
1681 1284 1771 1327 prior

1025 1348 1081 1370 seu
1103 1338 1201 1370 frater
1219 1348 1354 1380 magnae
1373 1338 1476 1370 erucis
1494 1338 1627 1371 caeteris
1650 1345 1712 1371 tam
1738 1339 1771 1371 in

1025 1391 1162 1435 ptd›licis
1200 1402 1296 1435 quam
1336 1391 1465 1435 privatis
1502 1391 1699 1425 sessionibus
1740 1399 1771 1426 et

1007 1480 1009 1491 γ
1026 1445 1286 1489 processionibus
1300 1447 1513 1489 praeferatur,
1534 1446 1587 1490 qui
1607 1446 1695 1490 prius
1711 1458 1772 1479 ma-

1007 1493 1009 1500 ⁸
1026 1509 1121 1542 gnam
1145 1510 1272 1532 crucem
1294 1499 1482 1543 susceperit,
1500 1500 1573 1533 licet
1593 1500 1771 1544 simplicem

1027 1552 1172 1585 habitum
1193 1552 1269 1585 dicti
1291 1552 1459 1596 hospitalis
1485 1553 1565 1586 alius
1585 1553 1698 1586 similis
1719 1553 1773 1586 ba-

1027 1606 1141 1640 iulivus
1178 1606 1363 1650 capitularis
1402 1612 1430 1640 ct
1464 1607 1554 1650 prior
1589 1618 1645 1640 seu
1676 1608 1774 1640 frater

1029 1671 1162 1703 magnae
1190 1660 1293 1693 crucis
1323 1666 1395 1693 ante
1421 1660 1524 1704 ipsum
1558 1661 1770 1704 suscepisset,

1027 1714 1167 1758 exceptis
1190 1720 1295 1747 tamen
1313 1713 1465 1758 episcopo
1488 1718 1517 1746 ct
1531 1719 1603 1747 octo
1625 1714 1774 1747 baiulivis

1028 1767 1295 1801 conventualibus
1316 1778 1352 1800 ac
1373 1766 1481 1810 priore
1505 1767 1660 1800 ccclesiae
1681 1768 1775 1801 Mele-

1029 1820 1262 1863 vitanae,iuter
1287 1831 1368 1864 quos
1388 1821 1476 1853 nulla
1502 1828 1558 1861 cst,
1576 1820 1657 1854 sicut
1682 1832 1773 1854 acce-

1028 1875 1146 1919 pimus,
1167 1874 1353 1908 huiusmodi
1375 1874 1605 1907 controversia.

1075 1930 1090 1970 g
1116 1928 1146 1961 3.
1176 1929 1244 1961 Non
1277 1928 1480 1961 ctist-,iniibus
1503 1928 1708 1972 praemissis,
1737 1939 1773 1961 ac

1029 1983 1139 2025 regula
1160 1984 1268 2015 nostra
1281 1983 1319 2016 de
1340 1993 1403 2015 non
1425 1978 1566 2016 tollendo
1588 1982 1655 2016 iure
1677 1993 1774 2027 quae-

1029 2036 1102 2077 sito,
1121 2043 1150 2070 et
1170 2036 1334 2080 quibusvis
1355 2035 1423 2069 aliis
1442 2036 1723 2069 constitutionibus
1745 2042 1775 2070 et

1030 2090 1291 2124 ordinationibus
1312 2090 1508 2133 apostolicis,
1530 2101 1586 2123 nec
1614 2101 1677 2123 nou
1696 2091 1772 2124 dicti

1030 2144 1214 2188 hospitalis,
1243 2144 1337 2177 etiam
1365 2144 1568 2185 iuramento,
1596 2145 1772 2177 confirma-

1033 2198 1119 2232 tione
1141 2198 1328 2242 apostolic;⁴·‚
1348 2199 1394 2231 vel
1412 2198 1522 2242 ‹plax'Is
1537 2198 1689 2231 firmitate
1713 2199 1774 2233 alia

1032 2252 1210 2292 roboratis,
1240 2252 1365 2285 statutis
1398 2258 1425 2284 et
1459 2252 1772 2287 «onsiwuuttnitms,

1032 2306 1208 2350 privilegiis
1229 2316 1370 2350 quoque,
1400 2306 1531 2338 indultis
1552 2312 1580 2338 et
1609 2305 1720 2338 litteris
1741 2316 1774 2338 a-

1032 2360 1196 2405 postolicis
1206 2360 1309 2394 eidem
1327 2360 1486 2404 hospitali,
1498 2360 1647 2403 illiusque
1659 2370 1775 2404 magno

1033 2415 1201 2457 magistro,
1223 2414 1393 2448 conventui
1413 2419 1443 2447 et
1465 2413 1627 2453 fratribus,
1651 2424 1687 2447 ac
1705 2414 1775 2457 qui-

1032 2468 1138 2502 busvis
1159 2468 1228 2501 aliis
1256 2467 1412 2511 personis,
1437 2467 1495 2500 sub
1517 2467 1775 2511 quilmscumque

1033 2522 1197 2556 tenoribus
1224 2527 1254 2555 et
1287 2521 1419 2559 formis,
1445 2532 1480 2553 ae
1508 2531 1579 2553 cum
1611 2520 1775 2564 quilmsris

1033 2576 1128 2610 etiam
1152 2575 1430 2617 derogatoriarum
1454 2573 1775 2613 ilerogatoriis,aliis—

1033 2640 1094 2674 que
1120 2629 1358 2662 el'licaciorilms
1384 2634 1410 2660 et
1440 2628 1574 2660 insolitis
1600 2628 1772 2667 clausulis,

1033 2694 1068 2717 ac
1091 2683 1295 2717 irritantibus
1321 2688 1347 2716 et
1376 2681 1445 2715 aliis
1471 2681 1618 2722 decretis,
1648 2681 1677 2713 in
1700 2691 1776 2714 con-

1777 270 1825 296 Ᾱιι.
1847 268 1876 296 C.
1898 268 1963 296 1608

1806 330 1926 351 Declaratur·
1938 331 1964 350 de

1780 363 1821 384 qua
1837 363 1857 378 iu
1873 358 1965 377 rubrica.

1815 1936 1925 1957 Colitur-ia
1937 1937 1973 1957 tol-

1788 1964 1864 1986 luntur.
