<?xml version="1.0" encoding="UTF-8"?>
<!DOCTYPE html PUBLIC "-//W3C//DTD XHTML 1.0 Transitional//EN"
    "http://www.w3.org/TR/xhtml1/DTD/xhtml1-transitional.dtd">
<html xmlns="http://www.w3.org/1999/xhtml" xml:lang="en" lang="en">
 <head>
  <title>
</title>
<meta http-equiv="Content-Type" content="text/html;charset=utf-8" />
  <meta name='ocr-system' content='tesseract 3.04.00' />
  <meta name='ocr-capabilities' content='ocr_page ocr_carea ocr_par ocr_line ocrx_word'/>
</head>
<body>
  <div class='ocr_page' id='page_1' title='image "./bullarumdiplomat11cath_0281.png"; bbox 0 0 2227 3241; ppageno 0'>
   <div class='ocr_carea' id='block_1_1' title="bbox 60 271 244 302">
    <p class='ocr_par' dir='ltr' id='par_1_1' title="bbox 60 271 244 302">
     <span class='ocr_line' id='line_1_1' title="bbox 60 271 244 302; baseline -0.011 0"><span class='ocrx_word' id='word_1_1' title='bbox 60 273 107 302; x_wconf 84' lang='grc' dir='ltr'><strong>Λιι.</strong></span> <span class='ocrx_word' id='word_1_2' title='bbox 128 272 157 300; x_wconf 88' lang='lat' dir='ltr'>C.</span> <span class='ocrx_word' id='word_1_3' title='bbox 177 271 244 300; x_wconf 86' lang='lat'>1605</span> 
     </span>
    </p>
   </div>
   <div class='ocr_carea' id='block_1_2' title="bbox 61 1936 240 2021">
    <p class='ocr_par' dir='ltr' id='par_1_2' title="bbox 61 1936 240 2021">
     <span class='ocr_line' id='line_1_2' title="bbox 92 1936 239 1964; baseline 0.027 -6"><span class='ocrx_word' id='word_1_4' title='bbox 92 1936 203 1964; x_wconf 76' lang='lat' dir='ltr'><strong>Collegium</strong></span> <span class='ocrx_word' id='word_1_5' title='bbox 219 1945 239 1961; x_wconf 85' lang='lat' dir='ltr'>e-</span> 
     </span>
     <span class='ocr_line' id='line_1_3' title="bbox 61 1961 240 1990; baseline 0.028 -6"><span class='ocrx_word' id='word_1_6' title='bbox 61 1961 113 1990; x_wconf 68' lang='lat' dir='ltr'>rigat</span> <span class='ocrx_word' id='word_1_7' title='bbox 138 1968 159 1986; x_wconf 77' lang='lat' dir='ltr'>et</span> <span class='ocrx_word' id='word_1_8' title='bbox 183 1967 240 1989; x_wconf 74' lang='lat' dir='ltr'>insti-</span> 
     </span>
     <span class='ocr_line' id='line_1_4' title="bbox 61 1997 111 2021; baseline 0 -3"><span class='ocrx_word' id='word_1_9' title='bbox 61 1997 111 2021; x_wconf 70' lang='lat' dir='ltr'>tuat,</span> 
     </span>
    </p>
   </div>
   <div class='ocr_carea' id='block_1_3' title="bbox 0 922 29 2724">
    <p class='ocr_par' dir='ltr' id='par_1_3' title="bbox 0 922 29 2724">
     <span class='ocr_line' id='line_1_5' title="bbox 0 922 29 2724; baseline 0 0"><span class='ocrx_word' id='word_1_10' title='bbox 0 922 29 2724; x_wconf 95' lang='lat' dir='ltr'> </span> 
     </span>
    </p>
   </div>
   <div class='ocr_carea' id='block_1_4' title="bbox 881 271 1112 296">
    <p class='ocr_par' dir='ltr' id='par_1_4' title="bbox 881 271 1112 296">
     <span class='ocr_line' id='line_1_6' title="bbox 881 271 1112 296; baseline 0 0"><span class='ocrx_word' id='word_1_11' title='bbox 881 271 1003 296; x_wconf 71' lang='lat' dir='ltr'>PAULUS</span> <span class='ocrx_word' id='word_1_12' title='bbox 1023 273 1041 296; x_wconf 84' lang='lat' dir='ltr'>V</span> <span class='ocrx_word' id='word_1_13' title='bbox 1061 273 1112 296; x_wconf 87' lang='lat' dir='ltr'>PP.</span> 
     </span>
    </p>
   </div>
   <div class='ocr_carea' id='block_1_5' title="bbox 251 319 1015 2626">
    <p class='ocr_par' dir='ltr' id='par_1_5' title="bbox 251 319 1015 2626">
     <span class='ocr_line' id='line_1_7' title="bbox 254 319 995 363; baseline -0.003 -9"><span class='ocrx_word' id='word_1_14' title='bbox 254 320 391 363; x_wconf 83' lang='lat' dir='ltr'>gialibus</span> <span class='ocrx_word' id='word_1_15' title='bbox 408 320 598 363; x_wconf 79' lang='lat' dir='ltr'>insignibus,</span> <span class='ocrx_word' id='word_1_16' title='bbox 622 331 658 354; x_wconf 88' lang='lat' dir='ltr'>ac</span> <span class='ocrx_word' id='word_1_17' title='bbox 673 320 826 353; x_wconf 84' lang='lat' dir='ltr'>membris</span> <span class='ocrx_word' id='word_1_18' title='bbox 847 325 878 352; x_wconf 89' lang='lat' dir='ltr'>et</span> <span class='ocrx_word' id='word_1_19' title='bbox 896 319 995 353; x_wconf 83' lang='lat' dir='ltr'>offici-</span> 
     </span>
     <span class='ocr_line' id='line_1_8' title="bbox 253 373 1014 418; baseline -0.003 -10"><span class='ocrx_word' id='word_1_20' title='bbox 253 373 303 408; x_wconf 88' lang='lat' dir='ltr'>nis</span> <span class='ocrx_word' id='word_1_21' title='bbox 321 373 510 407; x_wconf 86' lang='lat' dir='ltr'>necessariis</span> <span class='ocrx_word' id='word_1_22' title='bbox 529 384 589 418; x_wconf 92' lang='lat' dir='ltr'>pro</span> <span class='ocrx_word' id='word_1_23' title='bbox 607 373 772 418; x_wconf 87' lang='lat' dir='ltr'>perpetuis</span> <span class='ocrx_word' id='word_1_24' title='bbox 793 374 992 417; x_wconf 79' lang='lat' dir='ltr'>receptione,</span> <span class='ocrx_word' id='word_1_25' title='bbox 1013 376 1014 393; x_wconf 56' lang='lat' dir='ltr'>l</span> 
     </span>
     <span class='ocr_line' id='line_1_9' title="bbox 255 427 998 470; baseline -0.004 -8"><span class='ocrx_word' id='word_1_26' title='bbox 255 439 314 462; x_wconf 90' lang='lat' dir='ltr'>usu</span> <span class='ocrx_word' id='word_1_27' title='bbox 335 434 366 461; x_wconf 88' lang='lat' dir='ltr'>et</span> <span class='ocrx_word' id='word_1_28' title='bbox 382 428 579 461; x_wconf 71' lang='lat' dir='ltr'>habitatione</span> <span class='ocrx_word' id='word_1_29' title='bbox 599 428 694 461; x_wconf 89' lang='lat' dir='ltr'>unius</span> <span class='ocrx_word' id='word_1_30' title='bbox 715 427 860 470; x_wconf 77' lang='lat' dir='ltr'>magistri</span> <span class='ocrx_word' id='word_1_31' title='bbox 873 438 930 461; x_wconf 90' lang='lat' dir='ltr'>seu</span> <span class='ocrx_word' id='word_1_32' title='bbox 950 438 998 460; x_wconf 87' lang='lat' dir='ltr'>re-</span> 
     </span>
     <span class='ocr_line' id='line_1_10' title="bbox 254 481 997 524; baseline -0.004 -9"><span class='ocrx_word' id='word_1_33' title='bbox 254 481 350 515; x_wconf 86' lang='lat' dir='ltr'>ctoris</span> <span class='ocrx_word' id='word_1_34' title='bbox 374 481 490 514; x_wconf 89' lang='lat' dir='ltr'>habilis</span> <span class='ocrx_word' id='word_1_35' title='bbox 523 486 554 514; x_wconf 87' lang='lat' dir='ltr'>et</span> <span class='ocrx_word' id='word_1_36' title='bbox 582 481 713 521; x_wconf 90' lang='lat' dir='ltr'>idonei,</span> <span class='ocrx_word' id='word_1_37' title='bbox 744 481 799 524; x_wconf 90' lang='lat' dir='ltr'>qui</span> <span class='ocrx_word' id='word_1_38' title='bbox 831 481 997 524; x_wconf 77' lang='lat' dir='ltr'>presbyter</span> 
     </span>
     <span class='ocr_line' id='line_1_11' title="bbox 254 534 1015 576; baseline -0.001 -8"><span class='ocrx_word' id='word_1_39' title='bbox 254 534 377 576; x_wconf 80' lang='lat' dir='ltr'>existat,</span> <span class='ocrx_word' id='word_1_40' title='bbox 390 540 422 568; x_wconf 89' lang='lat' dir='ltr'>et</span> <span class='ocrx_word' id='word_1_41' title='bbox 435 535 642 575; x_wconf 81' lang='lat' dir='ltr'>scholarium,</span> <span class='ocrx_word' id='word_1_42' title='bbox 657 534 853 567; x_wconf 85' lang='lat' dir='ltr'>famulorum</span> <span class='ocrx_word' id='word_1_43' title='bbox 869 545 922 568; x_wconf 89' lang='lat' dir='ltr'>seu</span> <span class='ocrx_word' id='word_1_44' title='bbox 936 545 999 567; x_wconf 89' lang='lat' dir='ltr'>ser·</span> <span class='ocrx_word' id='word_1_45' title='bbox 1013 554 1015 567; x_wconf 70' lang='lat' dir='ltr'>t</span> 
     </span>
     <span class='ocr_line' id='line_1_12' title="bbox 253 588 999 630; baseline -0.001 -9"><span class='ocrx_word' id='word_1_46' title='bbox 253 588 409 623; x_wconf 78' lang='lat' dir='ltr'>vientium</span> <span class='ocrx_word' id='word_1_47' title='bbox 427 589 570 622; x_wconf 86' lang='lat' dir='ltr'>eiusdem</span> <span class='ocrx_word' id='word_1_48' title='bbox 585 588 711 630; x_wconf 84' lang='lat' dir='ltr'>collegii</span> <span class='ocrx_word' id='word_1_49' title='bbox 725 598 836 621; x_wconf 83' lang='lat' dir='ltr'>curam</span> <span class='ocrx_word' id='word_1_50' title='bbox 850 595 950 630; x_wconf 80' lang='lat' dir='ltr'>gerat,</span> <span class='ocrx_word' id='word_1_51' title='bbox 968 594 999 621; x_wconf 84' lang='lat' dir='ltr'>et</span> 
     </span>
     <span class='ocr_line' id='line_1_13' title="bbox 254 641 995 686; baseline -0.003 -11"><span class='ocrx_word' id='word_1_52' title='bbox 254 642 314 686; x_wconf 88' lang='lat' dir='ltr'>ipsi</span> <span class='ocrx_word' id='word_1_53' title='bbox 343 642 493 685; x_wconf 82' lang='lat' dir='ltr'>collegio,</span> <span class='ocrx_word' id='word_1_54' title='bbox 514 641 601 674; x_wconf 77' lang='lat' dir='ltr'>iuxta</span> <span class='ocrx_word' id='word_1_55' title='bbox 627 641 778 674; x_wconf 84' lang='lat' dir='ltr'>traditam</span> <span class='ocrx_word' id='word_1_56' title='bbox 811 641 850 674; x_wconf 91' lang='lat' dir='ltr'>ab</span> <span class='ocrx_word' id='word_1_57' title='bbox 881 641 995 674; x_wconf 86' lang='lat' dir='ltr'>eodem</span> 
     </span>
     <span class='ocr_line' id='line_1_14' title="bbox 253 695 997 741; baseline -0.003 -12"><span class='ocrx_word' id='word_1_58' title='bbox 253 696 448 741; x_wconf 82' lang='lat' dir='ltr'>Hieronymo</span> <span class='ocrx_word' id='word_1_59' title='bbox 458 695 630 729; x_wconf 88' lang='lat' dir='ltr'>cardinalis</span> <span class='ocrx_word' id='word_1_60' title='bbox 641 696 777 728; x_wconf 83' lang='lat' dir='ltr'>formam</span> <span class='ocrx_word' id='word_1_61' title='bbox 791 701 821 728; x_wconf 90' lang='lat' dir='ltr'>et</span> <span class='ocrx_word' id='word_1_62' title='bbox 834 705 899 728; x_wconf 83' lang='lat' dir='ltr'>non</span> <span class='ocrx_word' id='word_1_63' title='bbox 909 695 997 735; x_wconf 78' lang='lat' dir='ltr'>alias,</span> 
     </span>
     <span class='ocr_line' id='line_1_15' title="bbox 253 746 1015 794; baseline -0.001 -11"><span class='ocrx_word' id='word_1_64' title='bbox 253 750 384 794; x_wconf 83' lang='lat' dir='ltr'>praesit,</span> <span class='ocrx_word' id='word_1_65' title='bbox 401 760 438 783; x_wconf 89' lang='lat' dir='ltr'>ac</span> <span class='ocrx_word' id='word_1_66' title='bbox 452 755 509 791; x_wconf 86' lang='lat' dir='ltr'>tot,</span> <span class='ocrx_word' id='word_1_67' title='bbox 527 755 606 794; x_wconf 85' lang='lat' dir='ltr'>quot</span> <span class='ocrx_word' id='word_1_68' title='bbox 622 760 658 783; x_wconf 80' lang='lat' dir='ltr'>ex</span> <span class='ocrx_word' id='word_1_69' title='bbox 677 749 769 783; x_wconf 88' lang='lat' dir='ltr'>dictis</span> <span class='ocrx_word' id='word_1_70' title='bbox 783 749 909 792; x_wconf 79' lang='lat' dir='ltr'>collegii</span> <span class='ocrx_word' id='word_1_71' title='bbox 921 760 998 793; x_wconf 88' lang='lat' dir='ltr'>pro·</span> <span class='ocrx_word' id='word_1_72' title='bbox 1014 746 1015 750; x_wconf 70' lang='grc'>’</span> 
     </span>
     <span class='ocr_line' id='line_1_16' title="bbox 253 804 996 847; baseline -0.003 -9"><span class='ocrx_word' id='word_1_73' title='bbox 253 804 401 838; x_wconf 88' lang='lat' dir='ltr'>ventibus</span> <span class='ocrx_word' id='word_1_74' title='bbox 415 810 445 838; x_wconf 89' lang='lat' dir='ltr'>et</span> <span class='ocrx_word' id='word_1_75' title='bbox 466 804 647 838; x_wconf 84' lang='lat' dir='ltr'>redditibus</span> <span class='ocrx_word' id='word_1_76' title='bbox 661 804 777 837; x_wconf 83' lang='lat' dir='ltr'>annuis</span> <span class='ocrx_word' id='word_1_77' title='bbox 791 804 942 847; x_wconf 70' lang='lat' dir='ltr'>(deducta</span> <span class='ocrx_word' id='word_1_78' title='bbox 961 814 996 837; x_wconf 89' lang='lat' dir='ltr'>ex</span> 
     </span>
     <span class='ocr_line' id='line_1_17' title="bbox 253 857 995 902; baseline -0.003 -10"><span class='ocrx_word' id='word_1_79' title='bbox 253 858 299 892; x_wconf 88' lang='lat' dir='ltr'>eis</span> <span class='ocrx_word' id='word_1_80' title='bbox 319 858 352 891; x_wconf 92' lang='lat' dir='ltr'>in</span> <span class='ocrx_word' id='word_1_81' title='bbox 368 858 483 902; x_wconf 86' lang='lat' dir='ltr'>primis</span> <span class='ocrx_word' id='word_1_82' title='bbox 501 865 531 892; x_wconf 89' lang='lat' dir='ltr'>et</span> <span class='ocrx_word' id='word_1_83' title='bbox 551 865 625 892; x_wconf 89' lang='lat' dir='ltr'>ante</span> <span class='ocrx_word' id='word_1_84' title='bbox 646 857 756 892; x_wconf 87' lang='lat' dir='ltr'>omnia</span> <span class='ocrx_word' id='word_1_85' title='bbox 777 862 995 892; x_wconf 86' lang='lat' dir='ltr'>trecentorum</span> 
     </span>
     <span class='ocr_line' id='line_1_18' title="bbox 251 912 996 956; baseline -0.001 -10"><span class='ocrx_word' id='word_1_86' title='bbox 251 918 417 947; x_wconf 90' lang='lat' dir='ltr'>scutorum</span> <span class='ocrx_word' id='word_1_87' title='bbox 438 915 565 946; x_wconf 76' lang='lat' dir='ltr'>summa</span> <span class='ocrx_word' id='word_1_88' title='bbox 585 912 756 956; x_wconf 84' lang='lat' dir='ltr'>quotannis</span> <span class='ocrx_word' id='word_1_89' title='bbox 776 912 807 945; x_wconf 92' lang='lat' dir='ltr'>in</span> <span class='ocrx_word' id='word_1_90' title='bbox 827 913 996 946; x_wconf 74' lang='lat' dir='ltr'>utilitatem</span> 
     </span>
     <span class='ocr_line' id='line_1_19' title="bbox 253 966 997 1010; baseline -0.001 -10"><span class='ocrx_word' id='word_1_91' title='bbox 253 972 285 1000; x_wconf 91' lang='lat' dir='ltr'>et</span> <span class='ocrx_word' id='word_1_92' title='bbox 305 972 513 1010; x_wconf 81' lang='lat' dir='ltr'>augmentum</span> <span class='ocrx_word' id='word_1_93' title='bbox 536 967 613 1000; x_wconf 90' lang='lat' dir='ltr'>dicti</span> <span class='ocrx_word' id='word_1_94' title='bbox 640 966 768 1009; x_wconf 77' lang='lat' dir='ltr'>collegii</span> <span class='ocrx_word' id='word_1_95' title='bbox 794 966 879 1000; x_wconf 84' lang='lat' dir='ltr'>iuxta</span> <span class='ocrx_word' id='word_1_96' title='bbox 903 977 997 1010; x_wconf 88' lang='lat' dir='ltr'>prae-</span> 
     </span>
     <span class='ocr_line' id='line_1_20' title="bbox 253 1020 995 1066; baseline -0.001 -11"><span class='ocrx_word' id='word_1_97' title='bbox 253 1020 330 1055; x_wconf 86' lang='lat' dir='ltr'>dicti</span> <span class='ocrx_word' id='word_1_98' title='bbox 350 1021 537 1066; x_wconf 79' lang='lat' dir='ltr'>Hieronymi</span> <span class='ocrx_word' id='word_1_99' title='bbox 558 1021 730 1054; x_wconf 88' lang='lat' dir='ltr'>cardinalis</span> <span class='ocrx_word' id='word_1_100' title='bbox 751 1020 995 1065; x_wconf 84' lang='lat' dir='ltr'>dispositionem</span> 
     </span>
     <span class='ocr_line' id='line_1_21' title="bbox 253 1074 996 1120; baseline 0.001 -12"><span class='ocrx_word' id='word_1_101' title='bbox 253 1074 466 1119; x_wconf 80' lang='lat' dir='ltr'>investienda&gt;</span> <span class='ocrx_word' id='word_1_102' title='bbox 486 1086 546 1120; x_wconf 82' lang='lat' dir='ltr'>pro</span> <span class='ocrx_word' id='word_1_103' title='bbox 572 1081 719 1120; x_wconf 89' lang='lat' dir='ltr'>tempore</span> <span class='ocrx_word' id='word_1_104' title='bbox 745 1076 917 1109; x_wconf 88' lang='lat' dir='ltr'>commode</span> <span class='ocrx_word' id='word_1_105' title='bbox 942 1086 996 1109; x_wconf 91' lang='lat' dir='ltr'>su-</span> 
     </span>
     <span class='ocr_line' id='line_1_22' title="bbox 253 1128 995 1173; baseline 0 -11"><span class='ocrx_word' id='word_1_106' title='bbox 253 1128 385 1162; x_wconf 85' lang='lat' dir='ltr'>stentari</span> <span class='ocrx_word' id='word_1_107' title='bbox 410 1134 441 1162; x_wconf 90' lang='lat' dir='ltr'>et</span> <span class='ocrx_word' id='word_1_108' title='bbox 461 1129 663 1163; x_wconf 86' lang='lat' dir='ltr'>manuteneri</span> <span class='ocrx_word' id='word_1_109' title='bbox 681 1135 844 1173; x_wconf 89' lang='lat' dir='ltr'>poterunt,</span> <span class='ocrx_word' id='word_1_110' title='bbox 869 1129 995 1163; x_wconf 89' lang='lat' dir='ltr'>schola-</span> 
     </span>
     <span class='ocr_line' id='line_1_23' title="bbox 253 1182 997 1227; baseline 0.001 -11"><span class='ocrx_word' id='word_1_111' title='bbox 253 1182 338 1216; x_wconf 89' lang='lat' dir='ltr'>rium</span> <span class='ocrx_word' id='word_1_112' title='bbox 374 1182 462 1216; x_wconf 90' lang='lat' dir='ltr'>iuxta</span> <span class='ocrx_word' id='word_1_113' title='bbox 491 1183 736 1227; x_wconf 86' lang='lat' dir='ltr'>dispositionem</span> <span class='ocrx_word' id='word_1_114' title='bbox 763 1190 793 1217; x_wconf 89' lang='lat' dir='ltr'>et</span> <span class='ocrx_word' id='word_1_115' title='bbox 819 1183 997 1217; x_wconf 87' lang='lat' dir='ltr'>ordinatio-</span> 
     </span>
     <span class='ocr_line' id='line_1_24' title="bbox 252 1236 996 1281; baseline 0 -11"><span class='ocrx_word' id='word_1_116' title='bbox 252 1246 327 1270; x_wconf 85' lang='lat' dir='ltr'>nem</span> <span class='ocrx_word' id='word_1_117' title='bbox 350 1236 425 1269; x_wconf 89' lang='lat' dir='ltr'>dicti</span> <span class='ocrx_word' id='word_1_118' title='bbox 446 1236 634 1281; x_wconf 82' lang='lat' dir='ltr'>Hieronymi</span> <span class='ocrx_word' id='word_1_119' title='bbox 649 1237 832 1277; x_wconf 85' lang='lat' dir='ltr'>cardinalis,</span> <span class='ocrx_word' id='word_1_120' title='bbox 851 1243 885 1270; x_wconf 92' lang='lat' dir='ltr'>ut</span> <span class='ocrx_word' id='word_1_121' title='bbox 903 1248 996 1281; x_wconf 84' lang='lat' dir='ltr'>prae-</span> 
     </span>
     <span class='ocr_line' id='line_1_25' title="bbox 253 1290 996 1335; baseline -0.001 -11"><span class='ocrx_word' id='word_1_122' title='bbox 253 1290 351 1324; x_wconf 79' lang='lat' dir='ltr'>fertur</span> <span class='ocrx_word' id='word_1_123' title='bbox 360 1291 468 1333; x_wconf 84' lang='lat' dir='ltr'>factas,</span> <span class='ocrx_word' id='word_1_124' title='bbox 478 1291 738 1335; x_wconf 80' lang='lat' dir='ltr'>qualiticatorum</span> <span class='ocrx_word' id='word_1_125' title='bbox 762 1291 996 1334; x_wconf 80' lang='lat' dir='ltr'>eligendorum,</span> 
     </span>
     <span class='ocr_line' id='line_1_26' title="bbox 252 1343 998 1388; baseline 0.003 -12"><span class='ocrx_word' id='word_1_126' title='bbox 252 1343 527 1388; x_wconf 86' lang='lat' dir='ltr'>recipiendorum,</span> <span class='ocrx_word' id='word_1_127' title='bbox 545 1345 798 1384; x_wconf 82' lang='lat' dir='ltr'>educandorum,</span> <span class='ocrx_word' id='word_1_128' title='bbox 817 1344 998 1378; x_wconf 80' lang='lat' dir='ltr'>retinendo·</span> 
     </span>
     <span class='ocr_line' id='line_1_27' title="bbox 253 1398 997 1442; baseline 0 -11"><span class='ocrx_word' id='word_1_129' title='bbox 253 1408 337 1441; x_wconf 89' lang='lat' dir='ltr'>rum,</span> <span class='ocrx_word' id='word_1_130' title='bbox 363 1409 398 1431; x_wconf 88' lang='lat' dir='ltr'>ac</span> <span class='ocrx_word' id='word_1_131' title='bbox 424 1398 519 1431; x_wconf 88' lang='lat' dir='ltr'>etiam</span> <span class='ocrx_word' id='word_1_132' title='bbox 545 1399 809 1442; x_wconf 77' lang='lat' dir='ltr'>expellendorum</span> <span class='ocrx_word' id='word_1_133' title='bbox 837 1404 867 1432; x_wconf 86' lang='lat' dir='ltr'>et</span> <span class='ocrx_word' id='word_1_134' title='bbox 892 1409 997 1432; x_wconf 87' lang='lat' dir='ltr'>remo-</span> 
     </span>
     <span class='ocr_line' id='line_1_28' title="bbox 252 1452 997 1496; baseline 0 -11"><span class='ocrx_word' id='word_1_135' title='bbox 252 1452 443 1492; x_wconf 84' lang='lat' dir='ltr'>vendorum,</span> <span class='ocrx_word' id='word_1_136' title='bbox 466 1452 524 1486; x_wconf 86' lang='lat' dir='ltr'>sub</span> <span class='ocrx_word' id='word_1_137' title='bbox 539 1453 703 1496; x_wconf 82' lang='lat' dir='ltr'>perpetuis</span> <span class='ocrx_word' id='word_1_138' title='bbox 721 1455 809 1493; x_wconf 75' lang='lat' dir='ltr'>cura,</span> <span class='ocrx_word' id='word_1_139' title='bbox 827 1452 997 1495; x_wconf 81' lang='lat' dir='ltr'>gubernio,</span> 
     </span>
     <span class='ocr_line' id='line_1_29' title="bbox 253 1505 997 1550; baseline 0.001 -12"><span class='ocrx_word' id='word_1_140' title='bbox 253 1505 412 1549; x_wconf 83' lang='lat' dir='ltr'>regimine</span> <span class='ocrx_word' id='word_1_141' title='bbox 441 1511 473 1539; x_wconf 89' lang='lat' dir='ltr'>et</span> <span class='ocrx_word' id='word_1_142' title='bbox 504 1506 785 1539; x_wconf 86' lang='lat' dir='ltr'>administratione</span> <span class='ocrx_word' id='word_1_143' title='bbox 815 1506 935 1550; x_wconf 83' lang='lat' dir='ltr'>Cyriaci</span> <span class='ocrx_word' id='word_1_144' title='bbox 967 1512 997 1540; x_wconf 89' lang='lat' dir='ltr'>et</span> 
     </span>
     <span class='ocr_line' id='line_1_30' title="bbox 253 1559 994 1604; baseline -0.001 -11"><span class='ocrx_word' id='word_1_145' title='bbox 253 1559 463 1593; x_wconf 83' lang='lat' dir='ltr'>Hasdrubalis</span> <span class='ocrx_word' id='word_1_146' title='bbox 491 1571 527 1593; x_wconf 88' lang='lat' dir='ltr'>ac</span> <span class='ocrx_word' id='word_1_147' title='bbox 547 1571 680 1594; x_wconf 90' lang='lat' dir='ltr'>suorum</span> <span class='ocrx_word' id='word_1_148' title='bbox 702 1560 994 1604; x_wconf 77' lang='lat' dir='ltr'>primogenitorum</span> 
     </span>
     <span class='ocr_line' id='line_1_31' title="bbox 252 1614 997 1659; baseline 0.001 -13"><span class='ocrx_word' id='word_1_149' title='bbox 252 1614 505 1658; x_wconf 87' lang='lat' dir='ltr'>praedictorum,</span> <span class='ocrx_word' id='word_1_150' title='bbox 530 1614 584 1658; x_wconf 90' lang='lat' dir='ltr'>qui</span> <span class='ocrx_word' id='word_1_151' title='bbox 601 1625 658 1659; x_wconf 90' lang='lat' dir='ltr'>per</span> <span class='ocrx_word' id='word_1_152' title='bbox 677 1625 710 1648; x_wconf 86' lang='lat' dir='ltr'>se</span> <span class='ocrx_word' id='word_1_153' title='bbox 730 1615 817 1648; x_wconf 88' lang='lat' dir='ltr'>solos</span> <span class='ocrx_word' id='word_1_154' title='bbox 837 1615 997 1648; x_wconf 84' lang='lat' dir='ltr'>omnimo-</span> 
     </span>
     <span class='ocr_line' id='line_1_32' title="bbox 254 1668 1014 1712; baseline -0.001 -10"><span class='ocrx_word' id='word_1_155' title='bbox 254 1668 328 1702; x_wconf 87' lang='lat' dir='ltr'>dam</span> <span class='ocrx_word' id='word_1_156' title='bbox 355 1668 439 1701; x_wconf 91' lang='lat' dir='ltr'>dotis</span> <span class='ocrx_word' id='word_1_157' title='bbox 465 1674 495 1701; x_wconf 88' lang='lat' dir='ltr'>et</span> <span class='ocrx_word' id='word_1_158' title='bbox 519 1668 733 1712; x_wconf 80' lang='lat' dir='ltr'>pecuniarum</span> <span class='ocrx_word' id='word_1_159' title='bbox 767 1669 843 1702; x_wconf 84' lang='lat' dir='ltr'>dicti</span> <span class='ocrx_word' id='word_1_160' title='bbox 870 1669 1014 1711; x_wconf 58' lang='lat' dir='ltr'>collegii*</span> 
     </span>
     <span class='ocr_line' id='line_1_33' title="bbox 254 1722 993 1756; baseline 0.003 -2"><span class='ocrx_word' id='word_1_161' title='bbox 254 1732 365 1755; x_wconf 87' lang='lat' dir='ltr'>curam</span> <span class='ocrx_word' id='word_1_162' title='bbox 392 1728 423 1755; x_wconf 92' lang='lat' dir='ltr'>et</span> <span class='ocrx_word' id='word_1_163' title='bbox 447 1722 759 1756; x_wconf 82' lang='lat' dir='ltr'>administrationem</span> <span class='ocrx_word' id='word_1_164' title='bbox 791 1723 910 1756; x_wconf 87' lang='lat' dir='ltr'>habere</span> <span class='ocrx_word' id='word_1_165' title='bbox 936 1723 993 1756; x_wconf 90' lang='lat' dir='ltr'>de·</span> 
     </span>
     <span class='ocr_line' id='line_1_34' title="bbox 253 1775 997 1818; baseline 0 -9"><span class='ocrx_word' id='word_1_166' title='bbox 253 1775 350 1809; x_wconf 86' lang='lat' dir='ltr'>beant</span> <span class='ocrx_word' id='word_1_167' title='bbox 376 1787 449 1810; x_wconf 88' lang='lat' dir='ltr'>cum</span> <span class='ocrx_word' id='word_1_168' title='bbox 471 1776 684 1818; x_wconf 82' lang='lat' dir='ltr'>facultatibus,</span> <span class='ocrx_word' id='word_1_169' title='bbox 703 1776 868 1817; x_wconf 86' lang='lat' dir='ltr'>oneribus,</span> <span class='ocrx_word' id='word_1_170' title='bbox 886 1776 997 1810; x_wconf 86' lang='lat' dir='ltr'>condi-</span> 
     </span>
     <span class='ocr_line' id='line_1_35' title="bbox 255 1830 996 1871; baseline 0 -7"><span class='ocrx_word' id='word_1_171' title='bbox 255 1830 408 1871; x_wconf 87' lang='lat' dir='ltr'>tionibus,</span> <span class='ocrx_word' id='word_1_172' title='bbox 431 1831 528 1864; x_wconf 90' lang='lat' dir='ltr'>modo</span> <span class='ocrx_word' id='word_1_173' title='bbox 554 1837 582 1864; x_wconf 87' lang='lat' dir='ltr'>et</span> <span class='ocrx_word' id='word_1_174' title='bbox 604 1831 708 1864; x_wconf 72' lang='lat' dir='ltr'>forma</span> <span class='ocrx_word' id='word_1_175' title='bbox 732 1842 750 1864; x_wconf 88' lang='lat' dir='ltr'>a</span> <span class='ocrx_word' id='word_1_176' title='bbox 775 1831 860 1865; x_wconf 84' lang='lat' dir='ltr'>dicto</span> <span class='ocrx_word' id='word_1_177' title='bbox 886 1831 996 1864; x_wconf 86' lang='lat' dir='ltr'>lliero-</span> 
     </span>
     <span class='ocr_line' id='line_1_36' title="bbox 254 1884 1014 1929; baseline 0.001 -12"><span class='ocrx_word' id='word_1_178' title='bbox 254 1894 352 1928; x_wconf 89' lang='lat' dir='ltr'>nymo</span> <span class='ocrx_word' id='word_1_179' title='bbox 387 1884 558 1918; x_wconf 85' lang='lat' dir='ltr'>cardinalis</span> <span class='ocrx_word' id='word_1_180' title='bbox 592 1885 813 1929; x_wconf 81' lang='lat' dir='ltr'>praescriptis,</span> <span class='ocrx_word' id='word_1_181' title='bbox 838 1890 1014 1928; x_wconf 74' lang='lat' dir='ltr'>perpetuo</span> 
     </span>
     <span class='ocr_line' id='line_1_37' title="bbox 256 1938 996 1982; baseline 0 -10"><span class='ocrx_word' id='word_1_182' title='bbox 256 1938 339 1981; x_wconf 89' lang='lat' dir='ltr'>(sine</span> <span class='ocrx_word' id='word_1_183' title='bbox 360 1944 466 1973; x_wconf 86' lang='lat' dir='ltr'>tamen</span> <span class='ocrx_word' id='word_1_184' title='bbox 492 1938 628 1972; x_wconf 86' lang='lat' dir='ltr'>alicuius</span> <span class='ocrx_word' id='word_1_185' title='bbox 654 1938 867 1982; x_wconf 88' lang='lat' dir='ltr'>praeiudicio)</span> <span class='ocrx_word' id='word_1_186' title='bbox 893 1938 996 1981; x_wconf 76' lang='lat' dir='ltr'>erigas</span> 
     </span>
     <span class='ocr_line' id='line_1_38' title="bbox 255 1991 996 2036; baseline 0 -11"><span class='ocrx_word' id='word_1_187' title='bbox 255 1997 287 2025; x_wconf 87' lang='lat' dir='ltr'>et</span> <span class='ocrx_word' id='word_1_188' title='bbox 304 1991 461 2032; x_wconf 74' lang='lat' dir='ltr'>instituas,</span> <span class='ocrx_word' id='word_1_189' title='bbox 483 1992 594 2036; x_wconf 90' lang='lat' dir='ltr'>illique</span> <span class='ocrx_word' id='word_1_190' title='bbox 612 1992 657 2026; x_wconf 87' lang='lat' dir='ltr'>sic</span> <span class='ocrx_word' id='word_1_191' title='bbox 678 1997 785 2026; x_wconf 88' lang='lat' dir='ltr'>erecto</span> <span class='ocrx_word' id='word_1_192' title='bbox 799 1992 996 2033; x_wconf 86' lang='lat' dir='ltr'>etinstituto,</span> 
     </span>
     <span class='ocr_line' id='line_1_39' title="bbox 254 2045 1015 2088; baseline 0.001 -11"><span class='ocrx_word' id='word_1_193' title='bbox 254 2055 315 2088; x_wconf 83' lang='lat' dir='ltr'>pro</span> <span class='ocrx_word' id='word_1_194' title='bbox 336 2045 403 2079; x_wconf 90' lang='lat' dir='ltr'>eius</span> <span class='ocrx_word' id='word_1_195' title='bbox 428 2045 514 2087; x_wconf 88' lang='lat' dir='ltr'>dote,</span> <span class='ocrx_word' id='word_1_196' title='bbox 535 2055 570 2079; x_wconf 90' lang='lat' dir='ltr'>ac</span> <span class='ocrx_word' id='word_1_197' title='bbox 597 2045 740 2088; x_wconf 79' lang='lat' dir='ltr'>magistri</span> <span class='ocrx_word' id='word_1_198' title='bbox 766 2056 822 2079; x_wconf 87' lang='lat' dir='ltr'>scu</span> <span class='ocrx_word' id='word_1_199' title='bbox 848 2045 993 2085; x_wconf 83' lang='lat' dir='ltr'>rectoris,</span> <span class='ocrx_word' id='word_1_200' title='bbox 1014 2074 1015 2085; x_wconf 67' lang='lat'>,</span> 
     </span>
     <span class='ocr_line' id='line_1_40' title="bbox 255 2099 996 2144; baseline -0.001 -11"><span class='ocrx_word' id='word_1_201' title='bbox 255 2109 291 2133; x_wconf 79' lang='lat' dir='ltr'>ac</span> <span class='ocrx_word' id='word_1_202' title='bbox 305 2099 502 2133; x_wconf 82' lang='lat' dir='ltr'>scholarium</span> <span class='ocrx_word' id='word_1_203' title='bbox 514 2099 765 2144; x_wconf 83' lang='lat' dir='ltr'>praedictorum,</span> <span class='ocrx_word' id='word_1_204' title='bbox 784 2110 855 2139; x_wconf 89' lang='lat' dir='ltr'>usu,</span> <span class='ocrx_word' id='word_1_205' title='bbox 873 2099 996 2132; x_wconf 88' lang='lat' dir='ltr'>habita-</span> 
     </span>
     <span class='ocr_line' id='line_1_41' title="bbox 256 2152 996 2197; baseline -0.003 -10"><span class='ocrx_word' id='word_1_206' title='bbox 256 2152 343 2187; x_wconf 90' lang='lat' dir='ltr'>tione</span> <span class='ocrx_word' id='word_1_207' title='bbox 364 2159 395 2187; x_wconf 88' lang='lat' dir='ltr'>et</span> <span class='ocrx_word' id='word_1_208' title='bbox 419 2153 662 2195; x_wconf 85' lang='lat' dir='ltr'>sustentatione,</span> <span class='ocrx_word' id='word_1_209' title='bbox 684 2154 909 2197; x_wconf 85' lang='lat' dir='ltr'>honerumque</span> <span class='ocrx_word' id='word_1_210' title='bbox 934 2153 996 2186; x_wconf 82' lang='lat' dir='ltr'>illis</span> 
     </span>
     <span class='ocr_line' id='line_1_42' title="bbox 255 2206 992 2251; baseline 0 -11"><span class='ocrx_word' id='word_1_211' title='bbox 255 2206 511 2241; x_wconf 86' lang='lat' dir='ltr'>incumbentium</span> <span class='ocrx_word' id='word_1_212' title='bbox 543 2206 821 2251; x_wconf 87' lang='lat' dir='ltr'>supportationc¹,</span> <span class='ocrx_word' id='word_1_213' title='bbox 861 2207 992 2251; x_wconf 85' lang='lat' dir='ltr'>praedi-</span> 
     </span>
     <span class='ocr_line' id='line_1_43' title="bbox 255 2258 997 2302; baseline -0.001 -10"><span class='ocrx_word' id='word_1_214' title='bbox 255 2263 338 2292; x_wconf 84' lang='lat' dir='ltr'>ctam</span> <span class='ocrx_word' id='word_1_215' title='bbox 356 2258 405 2292; x_wconf 87' lang='lat' dir='ltr'>vel</span> <span class='ocrx_word' id='word_1_216' title='bbox 423 2259 516 2292; x_wconf 88' lang='lat' dir='ltr'>aliam</span> <span class='ocrx_word' id='word_1_217' title='bbox 528 2269 583 2292; x_wconf 88' lang='lat' dir='ltr'>seu</span> <span class='ocrx_word' id='word_1_218' title='bbox 605 2258 682 2292; x_wconf 87' lang='lat' dir='ltr'>alias</span> <span class='ocrx_word' id='word_1_219' title='bbox 702 2259 826 2300; x_wconf 90' lang='lat' dir='ltr'>domos,</span> <span class='ocrx_word' id='word_1_220' title='bbox 851 2264 885 2291; x_wconf 90' lang='lat' dir='ltr'>ut</span> <span class='ocrx_word' id='word_1_221' title='bbox 905 2269 997 2302; x_wconf 88' lang='lat' dir='ltr'>prae-</span> 
     </span>
     <span class='ocr_line' id='line_1_44' title="bbox 255 2312 997 2355; baseline 0.001 -10"><span class='ocrx_word' id='word_1_222' title='bbox 255 2312 365 2354; x_wconf 81' lang='lat' dir='ltr'>fertur,</span> <span class='ocrx_word' id='word_1_223' title='bbox 380 2313 542 2354; x_wconf 84' lang='lat' dir='ltr'>emendas,</span> <span class='ocrx_word' id='word_1_224' title='bbox 560 2323 631 2346; x_wconf 89' lang='lat' dir='ltr'>cum</span> <span class='ocrx_word' id='word_1_225' title='bbox 654 2312 804 2346; x_wconf 88' lang='lat' dir='ltr'>omnibus</span> <span class='ocrx_word' id='word_1_226' title='bbox 822 2318 851 2346; x_wconf 87' lang='lat' dir='ltr'>et</span> <span class='ocrx_word' id='word_1_227' title='bbox 863 2312 997 2355; x_wconf 81' lang='lat' dir='ltr'>singulis</span> 
     </span>
     <span class='ocr_line' id='line_1_45' title="bbox 255 2365 1015 2409; baseline 0.001 -11"><span class='ocrx_word' id='word_1_228' title='bbox 255 2365 383 2400; x_wconf 87' lang='lat' dir='ltr'>illarum</span> <span class='ocrx_word' id='word_1_229' title='bbox 394 2366 559 2409; x_wconf 85' lang='lat' dir='ltr'>aedificiis,</span> <span class='ocrx_word' id='word_1_230' title='bbox 577 2367 756 2407; x_wconf 83' lang='lat' dir='ltr'>structuris,</span> <span class='ocrx_word' id='word_1_231' title='bbox 773 2367 846 2407; x_wconf 89' lang='lat' dir='ltr'>situ,</span> <span class='ocrx_word' id='word_1_232' title='bbox 863 2366 995 2408; x_wconf 88' lang='lat' dir='ltr'>ambitu,</span> <span class='ocrx_word' id='word_1_233' title='bbox 1013 2379 1015 2395; x_wconf 77' lang='grc' dir='ltr'>ι</span> 
     </span>
     <span class='ocr_line' id='line_1_46' title="bbox 254 2412 1014 2464; baseline 0.001 -12"><span class='ocrx_word' id='word_1_234' title='bbox 254 2419 390 2461; x_wconf 88' lang='lat' dir='ltr'>iuribus,</span> <span class='ocrx_word' id='word_1_235' title='bbox 414 2412 663 2464; x_wconf 63' lang='lat' dir='ltr'>pertinentiis&#39;et</span> <span class='ocrx_word' id='word_1_236' title='bbox 683 2420 906 2464; x_wconf 86' lang='lat' dir='ltr'>dependentiis</span> <span class='ocrx_word' id='word_1_237' title='bbox 924 2420 996 2464; x_wconf 89' lang='lat' dir='ltr'>qui·</span> <span class='ocrx_word' id='word_1_238' title='bbox 1013 2432 1014 2441; x_wconf 60' lang='lat'>¹</span> 
     </span>
     <span class='ocr_line' id='line_1_47' title="bbox 256 2472 993 2518; baseline 0 -11"><span class='ocrx_word' id='word_1_239' title='bbox 256 2472 466 2518; x_wconf 89' lang='lat' dir='ltr'>buscumque,</span> <span class='ocrx_word' id='word_1_240' title='bbox 477 2484 513 2508; x_wconf 89' lang='lat' dir='ltr'>ac</span> <span class='ocrx_word' id='word_1_241' title='bbox 526 2474 689 2508; x_wconf 88' lang='lat' dir='ltr'>residuum</span> <span class='ocrx_word' id='word_1_242' title='bbox 699 2474 855 2518; x_wconf 87' lang='lat' dir='ltr'>praedicti</span> <span class='ocrx_word' id='word_1_243' title='bbox 869 2485 993 2516; x_wconf 86' lang='lat' dir='ltr'>census,</span> 
     </span>
     <span class='ocr_line' id='line_1_48' title="bbox 255 2521 1014 2571; baseline 0 -11"><span class='ocrx_word' id='word_1_244' title='bbox 255 2536 381 2561; x_wconf 86' lang='lat' dir='ltr'>necnon</span> <span class='ocrx_word' id='word_1_245' title='bbox 406 2528 517 2561; x_wconf 82' lang='lat' dir='ltr'>omnia</span> <span class='ocrx_word' id='word_1_246' title='bbox 541 2534 572 2562; x_wconf 88' lang='lat' dir='ltr'>ct</span> <span class='ocrx_word' id='word_1_247' title='bbox 595 2528 722 2571; x_wconf 82' lang='lat' dir='ltr'>singula</span> <span class='ocrx_word' id='word_1_248' title='bbox 747 2528 817 2561; x_wconf 86' lang='lat' dir='ltr'>loca</span> <span class='ocrx_word' id='word_1_249' title='bbox 843 2521 1014 2562; x_wconf 53' lang='lat' dir='ltr'>Montium*</span> 
     </span>
     <span class='ocr_line' id='line_1_49' title="bbox 256 2580 1014 2626; baseline 0.001 -12"><span class='ocrx_word' id='word_1_250' title='bbox 256 2590 313 2624; x_wconf 88' lang='lat' dir='ltr'>per</span> <span class='ocrx_word' id='word_1_251' title='bbox 330 2580 493 2625; x_wconf 84' lang='lat' dir='ltr'>Cyriacum</span> <span class='ocrx_word' id='word_1_252' title='bbox 518 2587 549 2616; x_wconf 91' lang='lat' dir='ltr'>et</span> <span class='ocrx_word' id='word_1_253' title='bbox 573 2582 806 2616; x_wconf 85' lang='lat' dir='ltr'>Ilesdrubalem</span> <span class='ocrx_word' id='word_1_254' title='bbox 839 2582 1014 2626; x_wconf 52' lang='lat' dir='ltr'>praefatos*</span> 
     </span>
    </p>
   </div>
   <div class='ocr_carea' id='block_1_6' title="bbox 1014 324 1016 2658">
    <p class='ocr_par' dir='ltr' id='par_1_6' title="bbox 1014 324 1016 2658">
     <span class='ocr_line' id='line_1_50' title="bbox 1014 324 1016 2658; baseline 0 0"><span class='ocrx_word' id='word_1_255' title='bbox 1014 324 1016 2658; x_wconf 95' lang='lat' dir='ltr'> </span> 
     </span>
    </p>
   </div>
   <div class='ocr_carea' id='block_1_7' title="bbox 256 2652 1014 2734">
    <p class='ocr_par' dir='ltr' id='par_1_7' title="bbox 256 2652 1014 2734">
     <span class='ocr_line' id='line_1_51' title="bbox 292 2652 995 2689; baseline 0.003 -10"><span class='ocrx_word' id='word_1_256' title='bbox 292 2654 304 2679; x_wconf 86' lang='lat'>1</span> <span class='ocrx_word' id='word_1_257' title='bbox 326 2653 477 2689; x_wconf 84' lang='lat' dir='ltr'>Perperain</span> <span class='ocrx_word' id='word_1_258' title='bbox 497 2653 605 2681; x_wconf 90' lang='lat' dir='ltr'>omnino</span> <span class='ocrx_word' id='word_1_259' title='bbox 627 2653 691 2681; x_wconf 87' lang='lat' dir='ltr'>edit.</span> <span class='ocrx_word' id='word_1_260' title='bbox 708 2653 788 2681; x_wconf 86' lang='lat' dir='ltr'>Main.</span> <span class='ocrx_word' id='word_1_261' title='bbox 808 2652 890 2681; x_wconf 85' lang='lat' dir='ltr'>habet</span> <span class='ocrx_word' id='word_1_262' title='bbox 911 2654 995 2681; x_wconf 81' lang='lat' dir='ltr'>bono-</span> 
     </span>
     <span class='ocr_line' id='line_1_52' title="bbox 256 2689 1014 2734; baseline 0.001 -10"><span class='ocrx_word' id='word_1_263' title='bbox 256 2689 380 2733; x_wconf 61' lang='lat' dir='ltr'>rumque</span> <span class='ocrx_word' id='word_1_264' title='bbox 399 2700 647 2734; x_wconf 73' lang='lat' dir='ltr'>supportationem</span> <span class='ocrx_word' id='word_1_265' title='bbox 667 2699 847 2734; x_wconf 74' lang='lat' dir='ltr'>praedictam</span> <span class='ocrx_word' id='word_1_266' title='bbox 876 2706 902 2726; x_wconf 78' lang='lat' dir='ltr'>ti.</span> <span class='ocrx_word' id='word_1_267' title='bbox 919 2700 967 2732; x_wconf 42' lang='grc' dir='ltr'>τῇ.</span> <span class='ocrx_word' id='word_1_268' title='bbox 1012 2692 1014 2700; x_wconf 74' lang='grc'>’</span> 
     </span>
    </p>
   </div>
   <div class='ocr_carea' id='block_1_8' title="bbox 1031 321 1775 632">
    <p class='ocr_par' dir='ltr' id='par_1_8' title="bbox 1031 321 1775 632">
     <span class='ocr_line' id='line_1_53' title="bbox 1032 321 1774 365; baseline 0.003 -13"><span class='ocrx_word' id='word_1_269' title='bbox 1032 326 1095 353; x_wconf 88' lang='lat' dir='ltr'>tam</span> <span class='ocrx_word' id='word_1_270' title='bbox 1117 327 1225 364; x_wconf 86' lang='lat' dir='ltr'>empta</span> <span class='ocrx_word' id='word_1_271' title='bbox 1243 327 1273 354; x_wconf 89' lang='lat' dir='ltr'>et</span> <span class='ocrx_word' id='word_1_272' title='bbox 1287 321 1456 364; x_wconf 80' lang='lat' dir='ltr'>assignata,</span> <span class='ocrx_word' id='word_1_273' title='bbox 1474 331 1572 365; x_wconf 85' lang='lat' dir='ltr'>quam</span> <span class='ocrx_word' id='word_1_274' title='bbox 1592 321 1730 354; x_wconf 88' lang='lat' dir='ltr'>emenda</span> <span class='ocrx_word' id='word_1_275' title='bbox 1744 326 1774 354; x_wconf 87' lang='lat' dir='ltr'>et</span> 
     </span>
     <span class='ocr_line' id='line_1_54' title="bbox 1031 373 1773 419; baseline 0.003 -14"><span class='ocrx_word' id='word_1_276' title='bbox 1031 373 1233 415; x_wconf 81' lang='lat' dir='ltr'>assignanda,</span> <span class='ocrx_word' id='word_1_277' title='bbox 1258 380 1293 408; x_wconf 91' lang='lat' dir='ltr'>ut</span> <span class='ocrx_word' id='word_1_278' title='bbox 1313 375 1494 418; x_wconf 75' lang='lat' dir='ltr'>praefertur</span> <span class='ocrx_word' id='word_1_279' title='bbox 1507 374 1564 419; x_wconf 89' lang='lat' dir='ltr'>(ita</span> <span class='ocrx_word' id='word_1_280' title='bbox 1577 375 1664 418; x_wconf 90' lang='lat' dir='ltr'>quod</span> <span class='ocrx_word' id='word_1_281' title='bbox 1678 374 1773 408; x_wconf 88' lang='lat' dir='ltr'>liceat</span> 
     </span>
     <span class='ocr_line' id='line_1_55' title="bbox 1031 426 1770 472; baseline 0.004 -14"><span class='ocrx_word' id='word_1_282' title='bbox 1031 426 1161 470; x_wconf 73' lang='lat' dir='ltr'>Cyriaco</span> <span class='ocrx_word' id='word_1_283' title='bbox 1193 433 1223 460; x_wconf 93' lang='lat' dir='ltr'>et</span> <span class='ocrx_word' id='word_1_284' title='bbox 1253 428 1447 461; x_wconf 89' lang='lat' dir='ltr'>Hasdrubali</span> <span class='ocrx_word' id='word_1_285' title='bbox 1477 439 1514 461; x_wconf 89' lang='lat' dir='ltr'>ac</span> <span class='ocrx_word' id='word_1_286' title='bbox 1544 428 1770 472; x_wconf 82' lang='lat' dir='ltr'>primogenitis</span> 
     </span>
     <span class='ocr_line' id='line_1_56' title="bbox 1031 480 1774 525; baseline 0.004 -14"><span class='ocrx_word' id='word_1_287' title='bbox 1031 480 1204 523; x_wconf 85' lang='lat' dir='ltr'>praedictis</span> <span class='ocrx_word' id='word_1_288' title='bbox 1217 482 1431 525; x_wconf 85' lang='lat' dir='ltr'>corporalem,</span> <span class='ocrx_word' id='word_1_289' title='bbox 1442 483 1559 515; x_wconf 87' lang='lat' dir='ltr'>realem</span> <span class='ocrx_word' id='word_1_290' title='bbox 1573 487 1605 516; x_wconf 85' lang='lat' dir='ltr'>et</span> <span class='ocrx_word' id='word_1_291' title='bbox 1615 482 1774 516; x_wconf 87' lang='lat' dir='ltr'>actualem</span> 
     </span>
     <span class='ocr_line' id='line_1_57' title="bbox 1032 533 1773 580; baseline 0.005 -15"><span class='ocrx_word' id='word_1_292' title='bbox 1032 533 1162 566; x_wconf 90' lang='lat' dir='ltr'>illorum</span> <span class='ocrx_word' id='word_1_293' title='bbox 1178 534 1323 567; x_wconf 87' lang='lat' dir='ltr'>omnium</span> <span class='ocrx_word' id='word_1_294' title='bbox 1342 536 1590 579; x_wconf 86' lang='lat' dir='ltr'>possessionem,</span> <span class='ocrx_word' id='word_1_295' title='bbox 1607 547 1665 580; x_wconf 88' lang='lat' dir='ltr'>per</span> <span class='ocrx_word' id='word_1_296' title='bbox 1677 547 1711 569; x_wconf 89' lang='lat' dir='ltr'>se</span> <span class='ocrx_word' id='word_1_297' title='bbox 1724 536 1773 569; x_wconf 87' lang='lat' dir='ltr'>vel</span> 
     </span>
     <span class='ocr_line' id='line_1_58' title="bbox 1032 586 1775 632; baseline 0.005 -13"><span class='ocrx_word' id='word_1_298' title='bbox 1032 586 1142 627; x_wconf 87' lang='lat' dir='ltr'>alium,</span> <span class='ocrx_word' id='word_1_299' title='bbox 1167 598 1222 620; x_wconf 78' lang='lat' dir='ltr'>seu</span> <span class='ocrx_word' id='word_1_300' title='bbox 1244 588 1334 629; x_wconf 86' lang='lat' dir='ltr'>alios,</span> <span class='ocrx_word' id='word_1_301' title='bbox 1359 599 1471 622; x_wconf 89' lang='lat' dir='ltr'>eorum</span> <span class='ocrx_word' id='word_1_302' title='bbox 1494 596 1524 623; x_wconf 93' lang='lat' dir='ltr'>et</span> <span class='ocrx_word' id='word_1_303' title='bbox 1550 590 1626 623; x_wconf 91' lang='lat' dir='ltr'>dicti</span> <span class='ocrx_word' id='word_1_304' title='bbox 1647 589 1775 632; x_wconf 84' lang='lat' dir='ltr'>collegii</span> 
     </span>
    </p>
   </div>
   <div class='ocr_carea' id='block_1_9' title="bbox 1014 641 1773 688">
    <p class='ocr_par' dir='ltr' id='par_1_9' title="bbox 1014 641 1773 688">
     <span class='ocr_line' id='line_1_59' title="bbox 1014 641 1773 688; baseline 0.005 -15"><span class='ocrx_word' id='word_1_305' title='bbox 1014 665 1015 674; x_wconf 40' lang='lat' dir='ltr'>t</span> <span class='ocrx_word' id='word_1_306' title='bbox 1031 641 1229 681; x_wconf 87' lang='lat' dir='ltr'>nominibus,</span> <span class='ocrx_word' id='word_1_307' title='bbox 1249 643 1384 686; x_wconf 74' lang='lat' dir='ltr'>propria</span> <span class='ocrx_word' id='word_1_308' title='bbox 1398 644 1586 677; x_wconf 85' lang='lat' dir='ltr'>auctoritate</span> <span class='ocrx_word' id='word_1_309' title='bbox 1600 644 1699 677; x_wconf 90' lang='lat' dir='ltr'>libere</span> <span class='ocrx_word' id='word_1_310' title='bbox 1717 655 1773 688; x_wconf 87' lang='lat' dir='ltr'>ap-</span> 
     </span>
    </p>
   </div>
   <div class='ocr_carea' id='block_1_10' title="bbox 1030 694 1777 2625">
    <p class='ocr_par' dir='ltr' id='par_1_10' title="bbox 1030 694 1776 1226">
     <span class='ocr_line' id='line_1_60' title="bbox 1030 694 1774 741; baseline 0.007 -15"><span class='ocrx_word' id='word_1_311' title='bbox 1030 694 1233 737; x_wconf 87' lang='lat' dir='ltr'>prehendere</span> <span class='ocrx_word' id='word_1_312' title='bbox 1247 702 1276 728; x_wconf 89' lang='lat' dir='ltr'>et</span> <span class='ocrx_word' id='word_1_313' title='bbox 1292 696 1527 740; x_wconf 84' lang='lat' dir='ltr'>apprehensam</span> <span class='ocrx_word' id='word_1_314' title='bbox 1554 704 1711 741; x_wconf 90' lang='lat' dir='ltr'>perpetuo</span> <span class='ocrx_word' id='word_1_315' title='bbox 1725 708 1774 731; x_wconf 90' lang='lat' dir='ltr'>re-</span> 
     </span>
     <span class='ocr_line' id='line_1_61' title="bbox 1032 748 1772 795; baseline 0.007 -15"><span class='ocrx_word' id='word_1_316' title='bbox 1032 748 1144 789; x_wconf 89' lang='lat' dir='ltr'>tinere,</span> <span class='ocrx_word' id='word_1_317' title='bbox 1176 749 1299 782; x_wconf 87' lang='lat' dir='ltr'>fructus</span> <span class='ocrx_word' id='word_1_318' title='bbox 1324 761 1472 794; x_wconf 88' lang='lat' dir='ltr'>quoque,</span> <span class='ocrx_word' id='word_1_319' title='bbox 1504 751 1664 793; x_wconf 88' lang='lat' dir='ltr'>redditus,</span> <span class='ocrx_word' id='word_1_320' title='bbox 1693 761 1772 795; x_wconf 87' lang='lat' dir='ltr'>pro-</span> 
     </span>
     <span class='ocr_line' id='line_1_62' title="bbox 1031 802 1776 844; baseline 0.005 -9"><span class='ocrx_word' id='word_1_321' title='bbox 1031 809 1155 843; x_wconf 84' lang='lat' dir='ltr'>ventus,</span> <span class='ocrx_word' id='word_1_322' title='bbox 1175 802 1256 844; x_wconf 87' lang='lat' dir='ltr'>iura,</span> <span class='ocrx_word' id='word_1_323' title='bbox 1274 804 1484 838; x_wconf 85' lang='lat' dir='ltr'>obventiones</span> <span class='ocrx_word' id='word_1_324' title='bbox 1505 811 1535 839; x_wconf 91' lang='lat' dir='ltr'>et</span> <span class='ocrx_word' id='word_1_325' title='bbox 1555 806 1776 839; x_wconf 87' lang='lat' dir='ltr'>emolumenta</span> 
     </span>
     <span class='ocr_line' id='line_1_63' title="bbox 1031 859 1775 902; baseline 0.005 -12"><span class='ocrx_word' id='word_1_326' title='bbox 1031 868 1268 902; x_wconf 87' lang='lat' dir='ltr'>quaecumque,</span> <span class='ocrx_word' id='word_1_327' title='bbox 1294 869 1331 892; x_wconf 79' lang='lat' dir='ltr'>ex</span> <span class='ocrx_word' id='word_1_328' title='bbox 1351 859 1396 892; x_wconf 91' lang='lat' dir='ltr'>eis</span> <span class='ocrx_word' id='word_1_329' title='bbox 1417 870 1472 893; x_wconf 89' lang='lat' dir='ltr'>seu</span> <span class='ocrx_word' id='word_1_330' title='bbox 1494 861 1567 893; x_wconf 90' lang='lat' dir='ltr'>dote</span> <span class='ocrx_word' id='word_1_331' title='bbox 1588 860 1775 894; x_wconf 89' lang='lat' dir='ltr'>huiusmodi</span> 
     </span>
     <span class='ocr_line' id='line_1_64' title="bbox 1031 912 1772 958; baseline 0.005 -14"><span class='ocrx_word' id='word_1_332' title='bbox 1031 912 1264 956; x_wconf 80' lang='lat' dir='ltr'>provenientia,</span> <span class='ocrx_word' id='word_1_333' title='bbox 1288 914 1468 958; x_wconf 85' lang='lat' dir='ltr'>percipere,</span> <span class='ocrx_word' id='word_1_334' title='bbox 1493 915 1631 957; x_wconf 79' lang='lat' dir='ltr'>exigere,</span> <span class='ocrx_word' id='word_1_335' title='bbox 1655 915 1772 956; x_wconf 89' lang='lat' dir='ltr'>levare,</span> 
     </span>
     <span class='ocr_line' id='line_1_65' title="bbox 1031 967 1775 1010; baseline 0.004 -11"><span class='ocrx_word' id='word_1_336' title='bbox 1031 977 1242 1010; x_wconf 86' lang='lat' dir='ltr'>recuperare,</span> <span class='ocrx_word' id='word_1_337' title='bbox 1270 967 1378 1001; x_wconf 87' lang='lat' dir='ltr'>locare</span> <span class='ocrx_word' id='word_1_338' title='bbox 1404 973 1435 1001; x_wconf 90' lang='lat' dir='ltr'>et</span> <span class='ocrx_word' id='word_1_339' title='bbox 1460 969 1652 1009; x_wconf 83' lang='lat' dir='ltr'>arrendare,</span> <span class='ocrx_word' id='word_1_340' title='bbox 1681 980 1718 1002; x_wconf 85' lang='lat' dir='ltr'>ac</span> <span class='ocrx_word' id='word_1_341' title='bbox 1742 969 1775 1002; x_wconf 90' lang='lat' dir='ltr'>in</span> 
     </span>
     <span class='ocr_line' id='line_1_66' title="bbox 1031 1021 1775 1065; baseline 0.004 -12"><span class='ocrx_word' id='word_1_342' title='bbox 1031 1030 1221 1054; x_wconf 90' lang='lat' dir='ltr'>communes</span> <span class='ocrx_word' id='word_1_343' title='bbox 1239 1021 1314 1054; x_wconf 87' lang='lat' dir='ltr'>dicti</span> <span class='ocrx_word' id='word_1_344' title='bbox 1329 1022 1456 1065; x_wconf 81' lang='lat' dir='ltr'>collegii</span> <span class='ocrx_word' id='word_1_345' title='bbox 1472 1033 1546 1056; x_wconf 90' lang='lat' dir='ltr'>usus</span> <span class='ocrx_word' id='word_1_346' title='bbox 1560 1028 1591 1055; x_wconf 91' lang='lat' dir='ltr'>et</span> <span class='ocrx_word' id='word_1_347' title='bbox 1604 1023 1775 1056; x_wconf 82' lang='lat' dir='ltr'>utilitatem</span> 
     </span>
     <span class='ocr_line' id='line_1_67' title="bbox 1031 1075 1776 1120; baseline 0.004 -13"><span class='ocrx_word' id='word_1_348' title='bbox 1031 1080 1229 1115; x_wconf 82' lang='lat' dir='ltr'>convertere,</span> <span class='ocrx_word' id='word_1_349' title='bbox 1254 1075 1393 1109; x_wconf 87' lang='lat' dir='ltr'>cuiusvis</span> <span class='ocrx_word' id='word_1_350' title='bbox 1414 1075 1543 1110; x_wconf 76' lang='lat' dir='ltr'>licentia</span> <span class='ocrx_word' id='word_1_351' title='bbox 1561 1076 1699 1120; x_wconf 88' lang='lat' dir='ltr'>desuper</span> <span class='ocrx_word' id='word_1_352' title='bbox 1716 1078 1776 1110; x_wconf 85' lang='lat' dir='ltr'>mi-</span> 
     </span>
     <span class='ocr_line' id='line_1_68' title="bbox 1030 1128 1774 1175; baseline 0.005 -15"><span class='ocrx_word' id='word_1_353' title='bbox 1030 1128 1117 1162; x_wconf 90' lang='lat' dir='ltr'>nime</span> <span class='ocrx_word' id='word_1_354' title='bbox 1138 1129 1316 1173; x_wconf 77' lang='lat' dir='ltr'>requisita),</span> <span class='ocrx_word' id='word_1_355' title='bbox 1335 1129 1431 1163; x_wconf 88' lang='lat' dir='ltr'>etiam</span> <span class='ocrx_word' id='word_1_356' title='bbox 1451 1136 1610 1175; x_wconf 87' lang='lat' dir='ltr'>perpetuo</span> <span class='ocrx_word' id='word_1_357' title='bbox 1631 1131 1774 1175; x_wconf 87' lang='lat' dir='ltr'>applices</span> 
     </span>
     <span class='ocr_line' id='line_1_69' title="bbox 1031 1188 1282 1226; baseline 0 -11"><span class='ocrx_word' id='word_1_358' title='bbox 1031 1188 1061 1215; x_wconf 89' lang='lat' dir='ltr'>et</span> <span class='ocrx_word' id='word_1_359' title='bbox 1082 1193 1282 1226; x_wconf 83' lang='lat' dir='ltr'>appropries.</span> 
     </span>
    </p>

    <p class='ocr_par' dir='ltr' id='par_1_11' title="bbox 1030 1233 1777 2508">
     <span class='ocr_line' id='line_1_70' title="bbox 1076 1233 1773 1278; baseline 0.004 -12"><span class='ocrx_word' id='word_1_360' title='bbox 1076 1235 1091 1275; x_wconf 64' lang='grc' dir='ltr'>ξ</span> <span class='ocrx_word' id='word_1_361' title='bbox 1107 1233 1158 1266; x_wconf 76' lang='grc'>13.</span> <span class='ocrx_word' id='word_1_362' title='bbox 1176 1234 1310 1278; x_wconf 88' lang='lat' dir='ltr'>Insuper</span> <span class='ocrx_word' id='word_1_363' title='bbox 1324 1234 1430 1278; x_wconf 89' lang='lat' dir='ltr'>ipsum</span> <span class='ocrx_word' id='word_1_364' title='bbox 1448 1235 1620 1278; x_wconf 78' lang='lat' dir='ltr'>collegium</span> <span class='ocrx_word' id='word_1_365' title='bbox 1639 1246 1675 1269; x_wconf 88' lang='lat' dir='ltr'>ac</span> <span class='ocrx_word' id='word_1_366' title='bbox 1689 1235 1773 1269; x_wconf 87' lang='lat' dir='ltr'>illius</span> 
     </span>
     <span class='ocr_line' id='line_1_71' title="bbox 1030 1287 1773 1331; baseline 0.004 -12"><span class='ocrx_word' id='word_1_367' title='bbox 1030 1297 1089 1330; x_wconf 89' lang='lat' dir='ltr'>pro</span> <span class='ocrx_word' id='word_1_368' title='bbox 1105 1292 1249 1331; x_wconf 88' lang='lat' dir='ltr'>tempore</span> <span class='ocrx_word' id='word_1_369' title='bbox 1264 1287 1434 1321; x_wconf 79' lang='lat' dir='ltr'>existentes</span> <span class='ocrx_word' id='word_1_370' title='bbox 1448 1288 1638 1331; x_wconf 77' lang='lat' dir='ltr'>magistrum</span> <span class='ocrx_word' id='word_1_371' title='bbox 1652 1299 1709 1322; x_wconf 91' lang='lat' dir='ltr'>seu</span> <span class='ocrx_word' id='word_1_372' title='bbox 1722 1299 1773 1322; x_wconf 89' lang='lat' dir='ltr'>re-</span> 
     </span>
     <span class='ocr_line' id='line_1_72' title="bbox 1032 1342 1771 1385; baseline 0.003 -10"><span class='ocrx_word' id='word_1_373' title='bbox 1032 1348 1174 1382; x_wconf 79' lang='lat' dir='ltr'>ctorem,</span> <span class='ocrx_word' id='word_1_374' title='bbox 1198 1342 1380 1382; x_wconf 84' lang='lat' dir='ltr'>scholares,</span> <span class='ocrx_word' id='word_1_375' title='bbox 1402 1342 1603 1385; x_wconf 78' lang='lat' dir='ltr'>collegiales,</span> <span class='ocrx_word' id='word_1_376' title='bbox 1628 1354 1771 1377; x_wconf 89' lang='lat' dir='ltr'>oecono-</span> 
     </span>
     <span class='ocr_line' id='line_1_73' title="bbox 1032 1395 1771 1440; baseline 0.003 -12"><span class='ocrx_word' id='word_1_377' title='bbox 1032 1406 1121 1435; x_wconf 82' lang='lat' dir='ltr'>mos,</span> <span class='ocrx_word' id='word_1_378' title='bbox 1150 1395 1325 1436; x_wconf 81' lang='lat' dir='ltr'>officiales,</span> <span class='ocrx_word' id='word_1_379' title='bbox 1350 1395 1516 1430; x_wconf 87' lang='lat' dir='ltr'>ministros</span> <span class='ocrx_word' id='word_1_380' title='bbox 1537 1403 1568 1430; x_wconf 87' lang='lat' dir='ltr'>et</span> <span class='ocrx_word' id='word_1_381' title='bbox 1595 1407 1750 1440; x_wconf 85' lang='lat' dir='ltr'>personas</span> <span class='ocrx_word' id='word_1_382' title='bbox 1764 1425 1771 1438; x_wconf 95' lang='lat'>,</span> 
     </span>
     <span class='ocr_line' id='line_1_74' title="bbox 1031 1449 1775 1494; baseline 0.001 -12"><span class='ocrx_word' id='word_1_383' title='bbox 1031 1459 1211 1493; x_wconf 88' lang='lat' dir='ltr'>eorumque</span> <span class='ocrx_word' id='word_1_384' title='bbox 1237 1460 1287 1482; x_wconf 88' lang='lat' dir='ltr'>res</span> <span class='ocrx_word' id='word_1_385' title='bbox 1316 1455 1347 1482; x_wconf 91' lang='lat' dir='ltr'>et</span> <span class='ocrx_word' id='word_1_386' title='bbox 1366 1449 1451 1482; x_wconf 87' lang='lat' dir='ltr'>bona</span> <span class='ocrx_word' id='word_1_387' title='bbox 1472 1449 1604 1482; x_wconf 87' lang='lat' dir='ltr'>mobilia</span> <span class='ocrx_word' id='word_1_388' title='bbox 1624 1460 1775 1494; x_wconf 85' lang='lat' dir='ltr'>praesen-</span> 
     </span>
     <span class='ocr_line' id='line_1_75' title="bbox 1032 1501 1772 1546; baseline 0.003 -12"><span class='ocrx_word' id='word_1_389' title='bbox 1032 1502 1073 1535; x_wconf 85' lang='lat' dir='ltr'>tia</span> <span class='ocrx_word' id='word_1_390' title='bbox 1094 1508 1124 1535; x_wconf 85' lang='lat' dir='ltr'>et</span> <span class='ocrx_word' id='word_1_391' title='bbox 1154 1502 1261 1535; x_wconf 79' lang='lat' dir='ltr'>futura</span> <span class='ocrx_word' id='word_1_392' title='bbox 1276 1529 1283 1543; x_wconf 88' lang='lat'>,</span> <span class='ocrx_word' id='word_1_393' title='bbox 1315 1501 1548 1546; x_wconf 86' lang='lat' dir='ltr'>cuiuscumque</span> <span class='ocrx_word' id='word_1_394' title='bbox 1572 1503 1772 1546; x_wconf 85' lang='lat' dir='ltr'>quantitatis,</span> 
     </span>
     <span class='ocr_line' id='line_1_76' title="bbox 1030 1555 1772 1600; baseline 0.003 -12"><span class='ocrx_word' id='word_1_395' title='bbox 1030 1555 1194 1600; x_wconf 83' lang='lat' dir='ltr'>qualitatis</span> <span class='ocrx_word' id='word_1_396' title='bbox 1209 1583 1216 1596; x_wconf 91' lang='lat'>,</span> <span class='ocrx_word' id='word_1_397' title='bbox 1241 1555 1368 1598; x_wconf 78' lang='lat' dir='ltr'>generis</span> <span class='ocrx_word' id='word_1_398' title='bbox 1389 1561 1419 1589; x_wconf 90' lang='lat' dir='ltr'>et</span> <span class='ocrx_word' id='word_1_399' title='bbox 1443 1555 1560 1600; x_wconf 90' lang='lat' dir='ltr'>speciei</span> <span class='ocrx_word' id='word_1_400' title='bbox 1583 1555 1749 1590; x_wconf 85' lang='lat' dir='ltr'>existentia</span> <span class='ocrx_word' id='word_1_401' title='bbox 1765 1584 1772 1597; x_wconf 94' lang='lat'>‚</span> 
     </span>
     <span class='ocr_line' id='line_1_77' title="bbox 1030 1610 1777 1654; baseline 0.003 -12"><span class='ocrx_word' id='word_1_402' title='bbox 1030 1610 1069 1643; x_wconf 87' lang='lat' dir='ltr'>ab</span> <span class='ocrx_word' id='word_1_403' title='bbox 1088 1610 1176 1643; x_wconf 90' lang='lat' dir='ltr'>omni</span> <span class='ocrx_word' id='word_1_404' title='bbox 1198 1615 1228 1642; x_wconf 90' lang='lat' dir='ltr'>et</span> <span class='ocrx_word' id='word_1_405' title='bbox 1248 1620 1455 1654; x_wconf 87' lang='lat' dir='ltr'>quacumque</span> <span class='ocrx_word' id='word_1_406' title='bbox 1473 1620 1532 1654; x_wconf 87' lang='lat' dir='ltr'>pro</span> <span class='ocrx_word' id='word_1_407' title='bbox 1547 1616 1692 1654; x_wconf 87' lang='lat' dir='ltr'>tempore</span> <span class='ocrx_word' id='word_1_408' title='bbox 1710 1610 1777 1644; x_wconf 88' lang='lat' dir='ltr'>exi-</span> 
     </span>
     <span class='ocr_line' id='line_1_78' title="bbox 1030 1663 1773 1706; baseline 0 -9"><span class='ocrx_word' id='word_1_409' title='bbox 1030 1664 1182 1697; x_wconf 88' lang='lat' dir='ltr'>stentium</span> <span class='ocrx_word' id='word_1_410' title='bbox 1213 1663 1317 1696; x_wconf 83' lang='lat' dir='ltr'>dictae</span> <span class='ocrx_word' id='word_1_411' title='bbox 1341 1663 1437 1697; x_wconf 90' lang='lat' dir='ltr'>Urbis</span> <span class='ocrx_word' id='word_1_412' title='bbox 1458 1664 1696 1706; x_wconf 81' lang='lat' dir='ltr'>gubernatoris,</span> <span class='ocrx_word' id='word_1_413' title='bbox 1720 1674 1773 1698; x_wconf 89' lang='lat' dir='ltr'>se-</span> 
     </span>
     <span class='ocr_line' id='line_1_79' title="bbox 1031 1718 1776 1759; baseline 0 -8"><span class='ocrx_word' id='word_1_414' title='bbox 1031 1718 1162 1759; x_wconf 85' lang='lat' dir='ltr'>natoris,</span> <span class='ocrx_word' id='word_1_415' title='bbox 1179 1723 1455 1759; x_wconf 84' lang='lat' dir='ltr'>conservatorum,</span> <span class='ocrx_word' id='word_1_416' title='bbox 1469 1718 1732 1759; x_wconf 82' lang='lat' dir='ltr'>reformatorum,</span> <span class='ocrx_word' id='word_1_417' title='bbox 1746 1723 1776 1752; x_wconf 90' lang='lat' dir='ltr'>et</span> 
     </span>
     <span class='ocr_line' id='line_1_80' title="bbox 1031 1771 1775 1816; baseline 0 -11"><span class='ocrx_word' id='word_1_418' title='bbox 1031 1772 1133 1805; x_wconf 85' lang='lat' dir='ltr'>nostri</span> <span class='ocrx_word' id='word_1_419' title='bbox 1154 1783 1190 1805; x_wconf 87' lang='lat' dir='ltr'>ac</span> <span class='ocrx_word' id='word_1_420' title='bbox 1210 1772 1347 1806; x_wconf 84' lang='lat' dir='ltr'>Romani</span> <span class='ocrx_word' id='word_1_421' title='bbox 1367 1771 1532 1806; x_wconf 84' lang='lat' dir='ltr'>Pontificis</span> <span class='ocrx_word' id='word_1_422' title='bbox 1549 1783 1609 1816; x_wconf 90' lang='lat' dir='ltr'>pro</span> <span class='ocrx_word' id='word_1_423' title='bbox 1628 1778 1775 1816; x_wconf 88' lang='lat' dir='ltr'>tempore</span> 
     </span>
     <span class='ocr_line' id='line_1_81' title="bbox 1031 1825 1776 1860; baseline 0 -1"><span class='ocrx_word' id='word_1_424' title='bbox 1031 1825 1193 1859; x_wconf 83' lang='lat' dir='ltr'>existentis</span> <span class='ocrx_word' id='word_1_425' title='bbox 1211 1826 1243 1858; x_wconf 90' lang='lat' dir='ltr'>in</span> <span class='ocrx_word' id='word_1_426' title='bbox 1261 1826 1374 1859; x_wconf 72' lang='lat' dir='ltr'>eadem</span> <span class='ocrx_word' id='word_1_427' title='bbox 1395 1826 1480 1859; x_wconf 90' lang='lat' dir='ltr'>Urbe</span> <span class='ocrx_word' id='word_1_428' title='bbox 1502 1831 1532 1860; x_wconf 89' lang='lat' dir='ltr'>et</span> <span class='ocrx_word' id='word_1_429' title='bbox 1561 1826 1647 1859; x_wconf 89' lang='lat' dir='ltr'>illius</span> <span class='ocrx_word' id='word_1_430' title='bbox 1668 1826 1776 1859; x_wconf 90' lang='lat' dir='ltr'>distri-</span> 
     </span>
     <span class='ocr_line' id='line_1_82' title="bbox 1031 1880 1776 1924; baseline 0 -11"><span class='ocrx_word' id='word_1_431' title='bbox 1031 1886 1084 1914; x_wconf 86' lang='lat' dir='ltr'>ctu</span> <span class='ocrx_word' id='word_1_432' title='bbox 1099 1880 1130 1913; x_wconf 94' lang='lat' dir='ltr'>in</span> <span class='ocrx_word' id='word_1_433' title='bbox 1144 1880 1365 1924; x_wconf 82' lang='lat' dir='ltr'>spiritualibus</span> <span class='ocrx_word' id='word_1_434' title='bbox 1386 1880 1508 1921; x_wconf 85' lang='lat' dir='ltr'>vicarii,</span> <span class='ocrx_word' id='word_1_435' title='bbox 1529 1890 1657 1913; x_wconf 87' lang='lat' dir='ltr'>necnon</span> <span class='ocrx_word' id='word_1_436' title='bbox 1680 1890 1776 1913; x_wconf 86' lang='lat' dir='ltr'>causa</span> 
     </span>
     <span class='ocr_line' id='line_1_83' title="bbox 1030 1924 1776 1978; baseline 0.001 -11"><span class='ocrx_word' id='word_1_437' title='bbox 1030 1945 1101 1968; x_wconf 87' lang='lat' dir='ltr'>rum</span> <span class='ocrx_word' id='word_1_438' title='bbox 1115 1934 1223 1968; x_wconf 87' lang='lat' dir='ltr'>curiae</span> <span class='ocrx_word' id='word_1_439' title='bbox 1236 1934 1387 1968; x_wconf 85' lang='lat' dir='ltr'>Gamerae</span> <span class='ocrx_word' id='word_1_440' title='bbox 1399 1924 1603 1978; x_wconf 68' lang='lat' dir='ltr'>Apostotidae</span> <span class='ocrx_word' id='word_1_441' title='bbox 1617 1934 1776 1978; x_wconf 84' lang='lat' dir='ltr'>generalis</span> 
     </span>
     <span class='ocr_line' id='line_1_84' title="bbox 1031 1988 1776 2033; baseline 0.003 -12"><span class='ocrx_word' id='word_1_442' title='bbox 1031 1988 1199 2029; x_wconf 85' lang='lat' dir='ltr'>auditoris,</span> <span class='ocrx_word' id='word_1_443' title='bbox 1224 1995 1254 2022; x_wconf 88' lang='lat' dir='ltr'>ct</span> <span class='ocrx_word' id='word_1_444' title='bbox 1274 1999 1560 2033; x_wconf 89' lang='lat' dir='ltr'>quorumcumque</span> <span class='ocrx_word' id='word_1_445' title='bbox 1588 1996 1776 2023; x_wconf 87' lang='lat' dir='ltr'>nostrorum</span> 
     </span>
     <span class='ocr_line' id='line_1_85' title="bbox 1031 2043 1774 2087; baseline 0.003 -11"><span class='ocrx_word' id='word_1_446' title='bbox 1031 2050 1061 2076; x_wconf 88' lang='lat' dir='ltr'>et</span> <span class='ocrx_word' id='word_1_447' title='bbox 1075 2043 1165 2077; x_wconf 85' lang='lat' dir='ltr'>Sedis</span> <span class='ocrx_word' id='word_1_448' title='bbox 1183 2043 1387 2087; x_wconf 79' lang='lat' dir='ltr'>Apostolicae</span> <span class='ocrx_word' id='word_1_449' title='bbox 1402 2044 1441 2077; x_wconf 90' lang='lat' dir='ltr'>de</span> <span class='ocrx_word' id='word_1_450' title='bbox 1462 2044 1562 2077; x_wconf 85' lang='lat' dir='ltr'>latere</span> <span class='ocrx_word' id='word_1_451' title='bbox 1583 2044 1774 2087; x_wconf 81' lang='lat' dir='ltr'>legatorum,</span> 
     </span>
     <span class='ocr_line' id='line_1_86' title="bbox 1031 2096 1777 2142; baseline 0.001 -12"><span class='ocrx_word' id='word_1_452' title='bbox 1031 2108 1066 2130; x_wconf 90' lang='lat' dir='ltr'>ac</span> <span class='ocrx_word' id='word_1_453' title='bbox 1080 2096 1344 2139; x_wconf 72' lang='lat' dir='ltr'>vicelegatomiin,</span> <span class='ocrx_word' id='word_1_454' title='bbox 1358 2102 1388 2131; x_wconf 88' lang='lat' dir='ltr'>et</span> <span class='ocrx_word' id='word_1_455' title='bbox 1402 2108 1685 2142; x_wconf 87' lang='lat' dir='ltr'>quarumcumque</span> <span class='ocrx_word' id='word_1_456' title='bbox 1702 2098 1777 2131; x_wconf 91' lang='lat' dir='ltr'>alia-</span> 
     </span>
     <span class='ocr_line' id='line_1_87' title="bbox 1031 2151 1775 2195; baseline 0.003 -12"><span class='ocrx_word' id='word_1_457' title='bbox 1031 2161 1102 2184; x_wconf 89' lang='lat' dir='ltr'>rum</span> <span class='ocrx_word' id='word_1_458' title='bbox 1123 2161 1337 2195; x_wconf 88' lang='lat' dir='ltr'>personarum</span> <span class='ocrx_word' id='word_1_459' title='bbox 1369 2151 1505 2185; x_wconf 87' lang='lat' dir='ltr'>ubilibet</span> <span class='ocrx_word' id='word_1_460' title='bbox 1526 2152 1775 2185; x_wconf 86' lang='lat' dir='ltr'>constitutarum</span> 
     </span>
     <span class='ocr_line' id='line_1_88' title="bbox 1031 2204 1775 2248; baseline 0.001 -11"><span class='ocrx_word' id='word_1_461' title='bbox 1031 2210 1061 2237; x_wconf 89' lang='lat' dir='ltr'>ct</span> <span class='ocrx_word' id='word_1_462' title='bbox 1090 2205 1200 2248; x_wconf 77' lang='lat' dir='ltr'>quavis</span> <span class='ocrx_word' id='word_1_463' title='bbox 1228 2204 1420 2238; x_wconf 84' lang='lat' dir='ltr'>auctoritate</span> <span class='ocrx_word' id='word_1_464' title='bbox 1447 2210 1478 2238; x_wconf 87' lang='lat' dir='ltr'>et</span> <span class='ocrx_word' id='word_1_465' title='bbox 1508 2205 1682 2248; x_wconf 81' lang='lat' dir='ltr'>dignitate,</span> <span class='ocrx_word' id='word_1_466' title='bbox 1711 2211 1775 2238; x_wconf 91' lang='lat' dir='ltr'>tam</span> 
     </span>
     <span class='ocr_line' id='line_1_89' title="bbox 1031 2258 1775 2303; baseline 0.001 -12"><span class='ocrx_word' id='word_1_467' title='bbox 1031 2258 1247 2292; x_wconf 72' lang='lat' dir='ltr'>ecclesiastica</span> <span class='ocrx_word' id='word_1_468' title='bbox 1268 2269 1365 2303; x_wconf 86' lang='lat' dir='ltr'>quam</span> <span class='ocrx_word' id='word_1_469' title='bbox 1392 2259 1572 2301; x_wconf 78' lang='lat' dir='ltr'>mundana,</span> <span class='ocrx_word' id='word_1_470' title='bbox 1590 2260 1686 2293; x_wconf 89' lang='lat' dir='ltr'>etiam</span> <span class='ocrx_word' id='word_1_471' title='bbox 1707 2269 1775 2292; x_wconf 88' lang='lat' dir='ltr'>car-</span> 
     </span>
     <span class='ocr_line' id='line_1_90' title="bbox 1031 2311 1773 2355; baseline 0.003 -11"><span class='ocrx_word' id='word_1_472' title='bbox 1031 2311 1191 2345; x_wconf 86' lang='lat' dir='ltr'>dinalatus</span> <span class='ocrx_word' id='word_1_473' title='bbox 1209 2312 1333 2346; x_wconf 90' lang='lat' dir='ltr'>honore</span> <span class='ocrx_word' id='word_1_474' title='bbox 1350 2311 1565 2355; x_wconf 83' lang='lat' dir='ltr'>fungentium¹</span> <span class='ocrx_word' id='word_1_475' title='bbox 1581 2312 1773 2354; x_wconf 87' lang='lat' dir='ltr'>visitatione,</span> 
     </span>
     <span class='ocr_line' id='line_1_91' title="bbox 1031 2365 1771 2407; baseline 0 -8"><span class='ocrx_word' id='word_1_476' title='bbox 1031 2365 1244 2407; x_wconf 83' lang='lat' dir='ltr'>correctione,</span> <span class='ocrx_word' id='word_1_477' title='bbox 1269 2365 1510 2406; x_wconf 86' lang='lat' dir='ltr'>iurisdictione,</span> <span class='ocrx_word' id='word_1_478' title='bbox 1536 2366 1692 2407; x_wconf 85' lang='lat' dir='ltr'>dominio,</span> <span class='ocrx_word' id='word_1_479' title='bbox 1715 2377 1771 2399; x_wconf 87' lang='lat' dir='ltr'>su-</span> 
     </span>
     <span class='ocr_line' id='line_1_92' title="bbox 1030 2420 1775 2465; baseline 0.003 -13"><span class='ocrx_word' id='word_1_480' title='bbox 1030 2420 1218 2464; x_wconf 83' lang='lat' dir='ltr'>perioritate</span> <span class='ocrx_word' id='word_1_481' title='bbox 1244 2426 1275 2453; x_wconf 89' lang='lat' dir='ltr'>et</span> <span class='ocrx_word' id='word_1_482' title='bbox 1294 2426 1454 2464; x_wconf 88' lang='lat' dir='ltr'>potestate</span> <span class='ocrx_word' id='word_1_483' title='bbox 1483 2420 1631 2454; x_wconf 85' lang='lat' dir='ltr'>similiter</span> <span class='ocrx_word' id='word_1_484' title='bbox 1662 2431 1775 2465; x_wconf 84' lang='lat' dir='ltr'>perpe—</span> 
     </span>
     <span class='ocr_line' id='line_1_93' title="bbox 1031 2474 1425 2508; baseline 0 -1"><span class='ocrx_word' id='word_1_485' title='bbox 1031 2479 1085 2507; x_wconf 87' lang='lat' dir='ltr'>tuo</span> <span class='ocrx_word' id='word_1_486' title='bbox 1106 2474 1225 2507; x_wconf 79' lang='lat' dir='ltr'>eximas</span> <span class='ocrx_word' id='word_1_487' title='bbox 1246 2480 1277 2508; x_wconf 90' lang='lat' dir='ltr'>et</span> <span class='ocrx_word' id='word_1_488' title='bbox 1297 2475 1425 2508; x_wconf 84' lang='lat' dir='ltr'>liberes.</span> 
     </span>
    </p>

    <p class='ocr_par' dir='ltr' id='par_1_12' title="bbox 1030 2528 1774 2625">
     <span class='ocr_line' id='line_1_94' title="bbox 1075 2528 1774 2572; baseline -0.001 -10"><span class='ocrx_word' id='word_1_489' title='bbox 1075 2531 1091 2571; x_wconf 62' lang='grc' dir='ltr'>ξ</span> <span class='ocrx_word' id='word_1_490' title='bbox 1116 2528 1164 2562; x_wconf 54' lang='lat'>1342</span> <span class='ocrx_word' id='word_1_491' title='bbox 1197 2530 1240 2562; x_wconf 80' lang='lat' dir='ltr'>Ac</span> <span class='ocrx_word' id='word_1_492' title='bbox 1265 2529 1323 2562; x_wconf 88' lang='lat' dir='ltr'>sub</span> <span class='ocrx_word' id='word_1_493' title='bbox 1344 2530 1454 2562; x_wconf 69' lang='lat' dir='ltr'>nostra</span> <span class='ocrx_word' id='word_1_494' title='bbox 1484 2534 1514 2562; x_wconf 92' lang='lat' dir='ltr'>et</span> <span class='ocrx_word' id='word_1_495' title='bbox 1544 2538 1603 2572; x_wconf 91' lang='lat' dir='ltr'>pro</span> <span class='ocrx_word' id='word_1_496' title='bbox 1630 2533 1774 2572; x_wconf 87' lang='lat' dir='ltr'>tempore</span> 
     </span>
     <span class='ocr_line' id='line_1_95' title="bbox 1030 2581 1774 2625; baseline 0.001 -10"><span class='ocrx_word' id='word_1_497' title='bbox 1030 2582 1195 2616; x_wconf 78' lang='lat' dir='ltr'>existentis</span> <span class='ocrx_word' id='word_1_498' title='bbox 1216 2582 1352 2616; x_wconf 83' lang='lat' dir='ltr'>Romani</span> <span class='ocrx_word' id='word_1_499' title='bbox 1383 2581 1547 2616; x_wconf 77' lang='lat' dir='ltr'>l‘ontisicis</span> <span class='ocrx_word' id='word_1_500' title='bbox 1573 2581 1774 2625; x_wconf 86' lang='lat' dir='ltr'>protectione</span> 
     </span>
    </p>
   </div>
   <div class='ocr_carea' id='block_1_11' title="bbox 1070 2698 1747 2734">
    <p class='ocr_par' dir='ltr' id='par_1_13' title="bbox 1070 2698 1747 2734">
     <span class='ocr_line' id='line_1_96' title="bbox 1070 2698 1747 2734; baseline 0 -9"><span class='ocrx_word' id='word_1_501' title='bbox 1070 2700 1076 2725; x_wconf 87' lang='lat' dir='ltr'>l</span> <span class='ocrx_word' id='word_1_502' title='bbox 1103 2698 1175 2726; x_wconf 81' lang='lat' dir='ltr'>Infra</span> <span class='ocrx_word' id='word_1_503' title='bbox 1191 2708 1250 2734; x_wconf 74' lang='lat' dir='ltr'>pag.</span> <span class='ocrx_word' id='word_1_504' title='bbox 1268 2699 1318 2727; x_wconf 58' lang='lat'>‘⁴230</span> <span class='ocrx_word' id='word_1_505' title='bbox 1335 2699 1434 2734; x_wconf 74' lang='lat' dir='ltr'>legitur</span> <span class='ocrx_word' id='word_1_506' title='bbox 1449 2699 1627 2734; x_wconf 74' lang='lat' dir='ltr'>sulycnlium</span> <span class='ocrx_word' id='word_1_507' title='bbox 1644 2700 1682 2734; x_wconf 73' lang='lat' dir='ltr'>(R.</span> <span class='ocrx_word' id='word_1_508' title='bbox 1699 2699 1747 2733; x_wconf 87' lang='grc' dir='ltr'>τ.).</span> 
     </span>
    </p>
   </div>
   <div class='ocr_carea' id='block_1_12' title="bbox 1671 261 1975 299">
    <p class='ocr_par' dir='ltr' id='par_1_14' title="bbox 1671 261 1975 299">
     <span class='ocr_line' id='line_1_97' title="bbox 1671 261 1975 299; baseline 0.013 -4"><span class='ocrx_word' id='word_1_509' title='bbox 1671 261 1736 296; x_wconf 76' lang='lat'>⁶235</span> <span class='ocrx_word' id='word_1_510' title='bbox 1783 271 1833 299; x_wconf 74' lang='lat' dir='ltr'>An.</span> <span class='ocrx_word' id='word_1_511' title='bbox 1854 270 1883 299; x_wconf 89' lang='lat' dir='ltr'>c.</span> <span class='ocrx_word' id='word_1_512' title='bbox 1906 271 1975 298; x_wconf 79' lang='lat'>1605</span> 
     </span>
    </p>
   </div>
   <div class='ocr_carea' id='block_1_13' title="bbox 1788 1134 1977 1293">
    <p class='ocr_par' dir='ltr' id='par_1_15' title="bbox 1788 1134 1977 1293">
     <span class='ocr_line' id='line_1_98' title="bbox 1816 1134 1975 1161; baseline 0.006 -6"><span class='ocrx_word' id='word_1_513' title='bbox 1816 1134 1842 1155; x_wconf 87' lang='lat' dir='ltr'>Et</span> <span class='ocrx_word' id='word_1_514' title='bbox 1857 1141 1868 1156; x_wconf 82' lang='lat' dir='ltr'>a</span> <span class='ocrx_word' id='word_1_515' title='bbox 1880 1134 1975 1161; x_wconf 81' lang='lat' dir='ltr'>superio-</span> 
     </span>
     <span class='ocr_line' id='line_1_99' title="bbox 1789 1162 1977 1183; baseline -0.005 0"><span class='ocrx_word' id='word_1_516' title='bbox 1789 1162 1851 1183; x_wconf 80' lang='lat' dir='ltr'>ritate</span> <span class='ocrx_word' id='word_1_517' title='bbox 1859 1168 1883 1182; x_wconf 90' lang='lat' dir='ltr'>ac</span> <span class='ocrx_word' id='word_1_518' title='bbox 1892 1162 1977 1183; x_wconf 82' lang='lat' dir='ltr'>iurisdi-</span> 
     </span>
     <span class='ocr_line' id='line_1_100' title="bbox 1789 1190 1975 1215; baseline 0 -6"><span class='ocrx_word' id='word_1_519' title='bbox 1789 1190 1858 1209; x_wconf 79' lang='lat' dir='ltr'>ctione</span> <span class='ocrx_word' id='word_1_520' title='bbox 1877 1194 1975 1215; x_wconf 83' lang='lat' dir='ltr'>quorum-</span> 
     </span>
     <span class='ocr_line' id='line_1_101' title="bbox 1789 1215 1975 1244; baseline 0.005 -9"><span class='ocrx_word' id='word_1_521' title='bbox 1789 1221 1879 1242; x_wconf 81' lang='lat' dir='ltr'>cumque</span> <span class='ocrx_word' id='word_1_522' title='bbox 1895 1215 1975 1244; x_wconf 76' lang='lat' dir='ltr'>officia-</span> 
     </span>
     <span class='ocr_line' id='line_1_102' title="bbox 1789 1243 1976 1267; baseline -0.005 -4"><span class='ocrx_word' id='word_1_523' title='bbox 1789 1243 1846 1266; x_wconf 74' lang='lat' dir='ltr'>lium,</span> <span class='ocrx_word' id='word_1_524' title='bbox 1867 1245 1909 1267; x_wconf 65' lang='lat' dir='ltr'>etc,</span> <span class='ocrx_word' id='word_1_525' title='bbox 1933 1248 1976 1263; x_wconf 82' lang='lat' dir='ltr'>exi-</span> 
     </span>
     <span class='ocr_line' id='line_1_103' title="bbox 1788 1272 1839 1293; baseline -0.02 -3"><span class='ocrx_word' id='word_1_526' title='bbox 1788 1272 1839 1293; x_wconf 72' lang='lat' dir='ltr'>mal,</span> 
     </span>
    </p>
   </div>
   <div class='ocr_carea' id='block_1_14' title="bbox 1790 2543 1975 2624">
    <p class='ocr_par' dir='ltr' id='par_1_16' title="bbox 1790 2543 1975 2624">
     <span class='ocr_line' id='line_1_104' title="bbox 1817 2543 1975 2565; baseline 0.013 -2"><span class='ocrx_word' id='word_1_527' title='bbox 1817 2543 1842 2564; x_wconf 86' lang='lat' dir='ltr'>El.</span> <span class='ocrx_word' id='word_1_528' title='bbox 1857 2543 1894 2564; x_wconf 79' lang='lat' dir='ltr'>suh</span> <span class='ocrx_word' id='word_1_529' title='bbox 1910 2545 1975 2565; x_wconf 67' lang='lat' dir='ltr'>tutela</span> 
     </span>
     <span class='ocr_line' id='line_1_105' title="bbox 1790 2569 1975 2596; baseline -0.011 -6"><span class='ocrx_word' id='word_1_530' title='bbox 1790 2569 1852 2591; x_wconf 82' lang='lat' dir='ltr'>Sedis</span> <span class='ocrx_word' id='word_1_531' title='bbox 1872 2571 1975 2596; x_wconf 60' lang='grc' dir='ltr'>Αινοειηῃ-</span> 
     </span>
     <span class='ocr_line' id='line_1_106' title="bbox 1790 2601 1940 2624; baseline 0.007 -7"><span class='ocrx_word' id='word_1_532' title='bbox 1790 2602 1828 2618; x_wconf 79' lang='lat' dir='ltr'>cac</span> <span class='ocrx_word' id='word_1_533' title='bbox 1843 2601 1940 2624; x_wconf 77' lang='lat' dir='ltr'>recipiat,</span> 
     </span>
    </p>
   </div>
  </div>
 </body>
</html>
