2227 3241
1651 244 1714 278 0299
1760 252 1810 280 An.
1826 252 1855 279 c.
1878 252 1946 280 1606

1047 307 1062 346 ἓ
1090 304 1114 336 l.
1147 306 1191 337 Ac
1216 304 1529 344 animadvertentes,
1561 303 1639 336 alias
1669 303 1741 335 seli·
1786 314 1946 338 sumsimu-

1003 357 1046 390 cis
1071 357 1304 390 recordatIOnis
1328 357 1448 391 Sixtum
1470 356 1526 398 IV,
1550 356 1666 390 Iulium
1692 341 1948 399 ltl,ll,¹†ii¹c¹afti²psl1⁰⁵r¹tls

1002 410 1093 444 Pium
1114 410 1152 444 lv
1174 417 1202 444 et
1225 412 1398 445 nonnullos
1424 411 1503 444 alios
1524 397 1949 455 praedecesso-iltitlfsdttiljtssss

1004 475 1054 497 res
1075 470 1201 498 nostros
1223 465 1386 498 Romanos
1399 465 1582 505 Pontifices,
1605 471 1640 498 ut
1665 464 1749 497 eius·
1763 452 1841 471 “sm

1005 517 1077 550 dem
1099 517 1193 551 Urbis
1214 518 1342 559 decori,
1364 519 1518 563 illamque
1540 518 1749 552 incolentium

1005 577 1036 605 et
1065 572 1187 604 curiam
1215 573 1390 616 praefatam
1420 573 1623 616 sequentium
1654 572 1747 605 inde-

1007 625 1131 658 mnitati
1152 626 1368 666 consulerent,
1393 626 1570 659 curialibus
1589 632 1620 659 et
1638 625 1752 659 incolis

1006 678 1179 722 praedictis
1205 679 1340 721 diversa,
1361 680 1552 723 praesertim
1573 681 1612 713 de
1637 689 1752 713 eorum

1007 732 1100 765 bonis
1123 733 1324 766 testandiseu
1338 734 1416 766 alias
1434 734 1636 777 disponendi,
1655 733 1753 777 privi-

1008 786 1091 829 legia
1107 815 1114 827 ,
1136 788 1303 821 facultates
1324 793 1355 821 et
1383 788 1507 821 indulta
1535 788 1750 828 concessisse,

1008 847 1103 885 prout
1128 841 1159 874 in
1185 842 1374 875 eorumdem
1400 843 1685 886 praedecessorum
1704 843 1754 875 lit-

1011 895 1086 928 teris
1112 895 1251 939 desuper
1265 896 1421 939 expeditis
1443 896 1536 929 latius
1551 899 1750 936 continetur;

1009 960 1102 993 quae,
1122 956 1302 993 temporum
1315 951 1447 983 sortasse
1462 950 1589 990 iniuria,
1610 956 1664 983 aut
1676 951 1753 984 alias

1010 1004 1149 1038 diversas
1167 1005 1207 1037 ob
1235 1015 1358 1045 causas,
1388 1004 1561 1038 imminuta
1590 1011 1643 1038 aut
1674 1005 1753 1039 alias

992 1073 993 1083 i
1010 1058 1165 1101 abrogata
1183 1058 1350 1099 dicuntur;

1054 1111 1119 1156 §2
1148 1112 1362 1156 Volentesque
1392 1122 1472 1153 nos,
1496 1112 1551 1156 qui
1580 1112 1612 1145 in
1639 1112 1750 1145 eadem
1794 1121 1907 1157 priijiiegia
1927 1120 1954 1150 aa

1009 1165 1094 1199 Urbe
1115 1165 1181 1198 nati
1202 1176 1324 1205 sumus,
1342 1165 1512 1198 curialium
1529 1171 1558 1199 et
1573 1165 1750 1199 incolarum
1767 1147 1954 1212 {ssmiiiiiiiiniiii-*J

1010 1219 1250 1263 praedictorum
1268 1218 1470 1252 indemnitati
1485 1225 1514 1252 et
1527 1219 1753 1264 tranquillitati
1768 1204 1883 1223 ”immun

276 1274 310 1307 In
331 1268 485 1307 eminenti
506 1272 702 1320 apostolicae
724 1273 888 1316 dignitatis
905 1283 975 1317 spe-
992 1278 994 1291 ¹
1010 1274 1188 1313 consulere,
1211 1284 1246 1307 ac
1267 1278 1328 1306 tam
1351 1283 1405 1307 eos
1425 1284 1521 1317 quam
1535 1274 1697 1307 Romanos
1708 1273 1753 1307 ci-

233 1327 322 1369 enta,
350 1328 475 1362 meritis
505 1328 580 1361 licet
611 1327 805 1372 imparibus,
836 1321 1062 1371 superna⁴ves
1087 1327 1281 1370 originarios
1316 1327 1384 1371 pari
1418 1327 1535 1361 favoris
1571 1333 1601 1360 et
1633 1327 1754 1370 gratiae

233 1381 444 1426 dispositione
458 1382 622 1416 constituti
632 1381 653 1422 ²,
671 1382 754 1415 inter
768 1388 909 1415 caeteras
922 1394 975 1415 cu-
993 1399 994 1425 3
1011 1381 1232 1425 praerogativa
1260 1381 1423 1424 prosequi,
1448 1381 1636 1414 eorumdem
1663 1391 1755 1425 prae-

233 1445 295 1476 ras,
320 1446 402 1479 quae
424 1446 460 1468 ex
486 1435 630 1468 iniuncto
659 1435 752 1468 nobis
781 1436 975 1478 apostolicae
993 1460 995 1473 ,
1011 1435 1217 1468 decessorum
1244 1434 1384 1476 vestigiis
1410 1434 1631 1474 inhaerendo,
1664 1440 1755 1467 motu

232 1489 391 1523 servitutis
404 1489 787 1532 officioincumbunt,illa
802 1490 977 1534 praecipua
993 1485 995 1538 ξ
1011 1489 1145 1532 proprio
1164 1495 1192 1521 et
1215 1500 1250 1522 ex
1272 1490 1356 1521 certa
1382 1488 1526 1529 scientia,
1551 1490 1676 1521 matura
1694 1488 1756 1521 de-

234 1548 328 1576 estut
345 1543 429 1577 alma
442 1543 523 1577 Urbs
540 1549 649 1576 nostra
663 1543 832 1577 beatorum
849 1544 931 1576 Petri
947 1550 974 1577 et
994 1561 996 1602 ᾗ
1013 1543 1203 1576 liberatione
1228 1549 1258 1576 et
1279 1544 1366 1575 mera
1392 1542 1585 1576 liberalitate
1613 1543 1730 1578 nostris
1745 1571 1752 1584 ,

233 1596 323 1629 Pauli
341 1597 569 1641 Apostolorum
592 1597 747 1642 martyrio
768 1604 973 1638 consecrata,
993 1620 996 1638 ξ
1013 1596 1116 1640 deque
1136 1596 1333 1640 apostolicae
1352 1596 1444 1629 nobis
1461 1596 1632 1630 attributae
1650 1601 1756 1640 potes-

234 1650 274 1684 ad
288 1661 384 1694 quam
400 1661 511 1684 omnes
529 1650 754 1685 christifideles
772 1662 808 1685 ex
822 1651 977 1685 universis
994 1642 996 1697 ᾗ
1014 1649 1086 1683 tatis
1104 1649 1316 1694 plenitudine,
1337 1649 1397 1683 liae
1412 1653 1520 1683 nostra
1534 1655 1691 1694 perpetuo
1706 1660 1757 1683 va-

33 261 80 292 An.
98 260 127 289 c.
146 259 215 288 1606
868 256 988 281 murs
1015 258 1031 279 v
1055 257 1105 282 ΡΡ.

269 308 384 340 Datum
410 307 530 339 Romae
555 306 640 349 apud
665 310 810 338 sanctum
838 305 986 345 Petrumt

226 360 285 394 sub
299 359 420 393 annulo
437 358 607 393 Piscatoris
621 359 672 392 die
687 369 723 392 111
737 358 847 402 aprilis
860 368 967 400 naevi,

227 412 435 458 pontificatus
455 412 556 446 nostri
574 423 658 446 anno
680 422 699 445 ι.

262 475 322 504 Dat.
343 475 385 503 die
405 475 421 503 3
441 475 535 511 aprilis
557 475 636 508 1606,
653 474 749 510 pontif.
767 483 810 502 an.
829 481 845 501 1.

538 635 660 669 XXXV.

229 733 417 777 Privileyia
447 734 648 776 curialium,
668 733 854 767 incolarum
877 733 972 766 Urbis

275 791 304 821 et
315 787 436 821 cii-ium
448 787 685 827 Romanorum,
702 788 738 820 in
756 787 829 831 ipsa
846 788 927 821 Urbe
944 791 973 820 et

275 841 366 874 intra
390 840 496 874 decem
515 841 682 875 milliaria
701 842 782 885 (non
804 846 911 874 [anien
925 852 973 875 esc-

276 898 328 928 tra
347 894 572 940 residentiam)
599 895 842 936 decedmztimn,
864 896 973 940 quoad

274 948 520 993 dispositionem
541 953 570 983 et
589 950 819 983 successionem
840 960 974 983 suorum

276 1002 433 1037 bonorum
452 1003 573 1038 ibidem
591 1003 800 1038 existentium
813 1001 832 1037 ¹.

473 1121 585 1148 Paulus
605 1120 684 1155 Papa
704 1121 734 1151 V,

357 1176 392 1203 ad
408 1178 588 1210 perpetuam
607 1175 652 1203 rei
671 1174 854 1203 memoriam.

79 1280 146 1303 eausa
155 1281 217 1303 huius

38 1308 191 1334 declarationis.

235 1704 346 1738 mundi
367 1705 513 1749 partibus
532 1711 694 1749 tamquam
716 1706 755 1738 ad
770 1716 976 1739 communem

234 1758 372 1802 patriam
403 1764 434 1792 et
465 1765 595 1803 portum
622 1765 811 1793 cunctarum
834 1759 976 1802 gentium

235 1817 265 1845 et
278 1811 445 1845 nationum
464 1819 558 1856 atque
584 1813 664 1846 adeo
676 1814 716 1846 ad
731 1813 915 1855 magistram
933 1824 980 1845 re·
996 1807 997 1813 ¹

235 1865 337 1899 ritatis
359 1872 389 1899 et
410 1866 574 1909 religionis
595 1868 772 1908 confluunt,
794 1867 830 1900 iis
848 1867 977 1900 demum

235 1919 345 1962 gratiis
363 1926 392 1954 et
412 1920 589 1964 privilegiis
611 1927 794 1961 exornetur,
818 1932 876 1964 per
897 1932 978 1964 quae
996 1919 997 1934 ³

235 1984 358 2015 omnes,
379 1974 433 2018 qui
455 1974 495 2008 ad
516 1985 585 2008 eam
608 1974 752 2018 undique
778 1975 911 2008 veniunt
941 1974 998 2021 il-'¹

235 2026 364 2073 lamque
394 2028 550 2069 incolunt,
574 2038 659 2062 nunc
687 2040 724 2062 ac
749 2029 912 2072 perpetuis
934 2029 979 2061 fu-

238 2081 316 2115 turis
337 2081 539 2126 temporibus
552 2083 620 2116 sine
638 2082 703 2116 ulla
716 2082 814 2116 animi
832 2082 979 2116 molestia

237 2135 269 2168 in
289 2135 343 2168 itta
367 2141 451 2169 stare
477 2142 507 2169 et
531 2146 734 2180 permanere,
760 2142 789 2170 et
814 2136 979 2169 Romanae

236 2188 407 2230 Ecclesiae,
422 2189 560 2233 Sedique
575 2190 776 2233 Apostolicae
792 2190 980 2223 adiumento
998 2215 999 2218 η

237 2253 304 2278 esse
321 2245 444 2288 possint
461 2256 467 2283 J.

274 2325 284 2350 1
308 2323 400 2355 Quoad
421 2323 575 2351 huiusmodi
596 2324 736 2360 privilegia
751 2324 884 2351 habemus
899 2325 979 2352 etiam

238 2369 303 2397 Sixti
319 2368 353 2396 lv
374 2370 520 2397 Constit.tx
538 2370 602 2397 Etsi·
621 2370 765 2397 universis
780 2369 816 2405 (in
833 2369 859 2396 h.
873 2380 898 2396 n.
916 2370 979 2397 edit.

239 2417 280 2441 est
299 2420 334 2448 vt,
351 2417 414 2441 tom.
431 2421 457 2449 v,
484 2422 544 2450 pag.
568 2414 642 2449 att),
663 2418 690 2441 et
705 2414 763 2441 lulii
782 2414 813 2441 ttt
832 2414 944 2442 Constit.
967 2422 982 2442 v

242 2458 393 2495 Cupientes
402 2463 467 2486 tom.
480 2467 506 2487 νι
519 2468 580 2496 pag.
594 2459 654 2491 412,
664 2468 693 2487 ac
707 2459 743 2487 Pii
755 2460 787 2486 {V
796 2459 885 2487 Consi.
899 2467 981 2487 xxvnt

241 2502 349 2531 Decens
364 2504 399 2540 (in
421 2503 446 2531 li.
465 2512 491 2532 n.
509 2504 574 2531 edit.
591 2510 666 2538 xxm,
693 2508 757 2532 tom.
779 2510 814 2530 vn
842 2512 892 2540 pag
923 2504 979 2539 28);

241 2551 268 2575 et
282 2548 426 2584 signanter,
443 2548 531 2585 quoad
542 2548 718 2577 aedificantes
732 2549 759 2575 in
776 2548 863 2583 Burgo
880 2548 925 2576 Pio
938 2548 982 2575 Ur-

241 2591 294 2627 his,
314 2597 386 2621 extat
404 2594 458 2621 alia
489 2593 610 2621 eiusdem
640 2592 678 2620 Pii
703 2593 815 2620 Constit.
841 2599 898 2620 cxlx
925 2593 982 2620 Ro-

241 2643 373 2672 manum,
389 2637 426 2664 ib.
439 2645 500 2673 pag.
519 2637 590 2672 381).

273 2676 294 2709 2
313 2681 430 2719 Supple*
451 2683 665 2712 considerantes
682 2682 756 2718 quod
784 2690 809 2709 ι’..
827 2689 874 2708 t

995 1704 1107 1741 ,litura
1133 1703 1361 1737 constitutione
1388 1703 1574 1744 statuimus,
1603 1704 1752 1737 decerni-

1015 1769 1084 1792 mus
1098 1764 1128 1791 et
1142 1759 1355 1799 declaramus,
1375 1759 1474 1802 quod,
1493 1758 1627 1802 posthac
1640 1769 1756 1802 perpe-

996 1831 997 1855 3
1015 1812 1075 1846 tuis
1096 1812 1209 1846 suturis
1232 1812 1442 1856 temporibus,
1463 1822 1575 1845 omnes
1594 1818 1625 1845 et
1638 1812 1757 1855 singuli

996 1867 1192 1900 :Romanam
1214 1866 1340 1900 Curiam
1367 1872 1547 1909 sequentes,
1572 1877 1628 1899 seu
1655 1866 1757 1910 ipsam

1014 1920 1131 1953 Urbem
1159 1920 1345 1960 incolentes,
1370 1930 1496 1953 necnon
1529 1919 1588 1963 ipsi
1620 1919 1758 1953 Romani

1015 1975 1097 2007 cives
1126 1974 1311 2017 originarii,
1343 1985 1427 2007 nunc
1460 1980 1489 2007 et
1520 1984 1580 2018 pro
1612 1979 1758 2018 tempore

996 2029 1186 2070 :existentes
1202 2056 1209 2069 ,
1239 2028 1334 2061 etiam
1361 2027 1491 2068 clerici,
1521 2034 1551 2061 et
1576 2027 1608 2060 in
1633 2028 1732 2062 saeris
1748 2056 1755 2069 ,

1015 2083 1110 2116 etiam
1126 2082 1374 2127 presbyteratus,
1397 2081 1566 2115 ordinibus
1580 2082 1755 2123 constituti,

997 2171 998 2175 ,
1016 2142 1227 2179 caeteraeque
1249 2146 1361 2169 omnes
1381 2141 1411 2169 et
1428 2146 1653 2180 quaecumque
1677 2135 1759 2169 aliae

1015 2200 1173 2234 personae
1189 2189 1437 2230 ecclesiasticae,
1455 2189 1688 2234 cuiuscumque
1701 2194 1761 2222 sta-

998 2252 999 2292 3
1018 2250 1077 2283 tus,
1098 2244 1229 2286 gradus«,
1245 2243 1368 2276 ordinis
1387 2249 1416 2277 et
1434 2243 1640 2284 conditionis,
1662 2243 1759 2276 etiam

998 2299 999 2352 l
1016 2297 1180 2338 abbatiali,
1197 2297 1384 2341 episcopali,
1403 2297 1681 2342 archiepiscopali,
1704 2308 1760 2341 pa-

998 2371 999 2381 ,
1019 2351 1194 2393 triarchali,
1220 2357 1249 2385 et
1264 2351 1360 2384 etiam
1375 2351 1491 2384 maiori
1517 2357 1547 2384 et
1571 2351 1681 2395 quavis
1699 2351 1761 2384 alia

998 2389 1229 2439 leeclesiastica
1257 2406 1305 2438 vel
1331 2405 1495 2438 mundana
1521 2405 1675 2448 dignitate
1702 2405 1761 2438 sut-

999 2443 1138 2514 }gentes,
1163 2464 1191 2491 et
1218 2468 1441 2502 quaecumque
1459 2457 1624 2491 ‘beneficia
1652 2458 1757 2491 eccle-

999 2542 1001 2557 ,
1017 2511 1144 2545 siastica
1165 2512 1342 2547 saecularia
1357 2517 1385 2545 et
1401 2511 1590 2555 quorumvis
1603 2510 1759 2545 Ordinum

1000 2603 1001 2607 Ἰ
1019 2565 1191 2608 regularia,
1216 2573 1270 2598 aut
1291 2565 1368 2598 alias
1389 2564 1636 2608 quomodolibet
1655 2565 1760 2608 quali-

1000 2609 1111 2668 }sscata
1132 2625 1163 2652 et
1183 2618 1314 2663 speciali
1336 2621 1410 2651 nota
1432 2617 1540 2660 digna,
1564 2617 1757 2660 obtinentes,

1019 2682 1142 2706 necnon
1177 2682 1397 2716 quascumque
1433 2670 1605 2715 pensiones
1636 2681 1760 2706 annuas
