2227 3241
3 235 61 262 -Ἀη,
77 233 107 260 C.
124 231 192 260 ¹604

55 1410 198 1436 Exequuiores

15 1437 110 1463 deputat.

820 228 967 253 CLEMENS

210 279 378 324 praedicto
399 278 556 321 Gregorio
577 277 819 321 praedecessori
833 287 953 320 suppo-

210 333 307 366 situm
335 332 441 372 suerit,
471 331 616 365 redditus
642 331 804 364 bonorum
825 330 954 363 iurisdi-

211 385 400 419 ctionalium
422 385 687 430 supradictorum
709 394 869 418 summam
896 393 953 416 an-

212 450 309 473 nuam
341 439 556 483 quadraginta
588 438 725 471 millium
760 438 953 471 ducatorum

212 494 308 536 longe
335 494 500 533 excedere,
525 503 597 526 cum
619 498 731 536 postea
749 497 953 536 compertum

212 547 352 581 extiterit
376 558 488 581 omnes
510 547 541 580 in
567 546 662 580 simul
688 546 726 579 ad
752 545 952 590 praedictam

211 611 372 634 summam
398 611 463 634 non
488 600 681 639 ascendere,
716 600 763 632 vel
789 599 884 633 etiam
918 610 953 632 ex

212 664 262 695 eo,
279 654 367 698 quod
388 653 447 698 ipsi
467 653 624 697 Gregorio
642 652 882 697 praedecessori
903 663 954 686 ex-

212 708 354 752 positum
380 718 446 741 non
471 707 584 749 suerit,
613 707 738 752 pridem
761 707 954 740 recolendae

212 762 391 796 memoriae
412 761 504 794 Pium
518 762 638 805 Papam
653 761 688 802 V,
703 761 798 794 etiam
819 760 954 804 praede-

213 826 373 849 cessorem
387 820 547 856 nostrum‚
564 815 660 848 aliam
677 815 861 848 facultatem
884 814 956 847 alie-

213 868 311 902 nandi
329 868 415 902 bona
434 867 714 907 iurisdictionalia,
736 868 775 901 de
796 878 956 901 consensu

214 927 320 955 tamen
333 922 518 966 praesulum
532 927 562 955 et
575 921 712 955 aliorum
731 932 955 966 possessorum

213 975 434 1017 ecclesiarum,
447 973 730 1016 monasteriorum,
740 974 957 1018 prioratuum,

211 1029 516 1073 praepositurarum
543 1034 571 1062 et
597 1028 832 1062 beneficiorum
855 1029 957 1061 eccle-

211 1083 427 1123 siasticorum,
452 1082 492 1116 ad
513 1093 595 1126 quae
617 1082 834 1126 pertinebant,
858 1087 886 1115 et
909 1092 958 1115 as-

211 1136 338 1179 signata
363 1139 575 1180 recompensa
600 1135 689 1180 dupli
721 1135 837 1169 valoris
858 1135 957 1168 annui

212 1190 400 1224 reddituum
422 1189 613 1223 eorumdem
639 1189 800 1222 bonorum
822 1189 953 1222 iurisdi-

213 1243 414 1284 ctionalium,
428 1243 649 1281 concessisset,
660 1248 715 1276 aut
729 1242 807 1276 alias
821 1252 957 1286 quomo-

214 1297 337 1331 dolibet
359 1298 467 1330 forsan
493 1297 641 1336 incursis,
670 1296 809 1339 gratiose
835 1296 958 1339 pariter

214 1351 411 1384 absolvimus
437 1356 467 1384 et
488 1351 675 1384 liberamus.
973 1353 975 1366 ¹

259 1404 275 1447 g
292 1404 344 1437 Μ.
368 1403 528 1444 Quocirca
545 1403 786 1437 venerabilibus
804 1403 975 1436 fratribus·

214 1457 383 1491 Dominico
408 1457 653 1502 archiepiscopo
678 1457 868 1501 Sypontino,
895 1467 958 1490 ino-

215 1512 316 1546 derno
337 1517 366 1544 et
388 1522 448 1555 pro
471 1517 615 1555 tempore
630 1510 776 1544 existenti
794 1516 907 1544 nostro
928 1516 959 1543 et

215 1570 245 1598 et
261 1564 465 1609 Apostolicae
490 1564 580 1598 Sedis
605 1564 691 1609 apud
713 1564 817 1608 ipsum
839 1563 958 1607 Philip-

215 1628 291 1662 pum
318 1618 355 1651 ΙΙΙ
381 1628 490 1660 regem
517 1617 655 1658 nuncio,
681 1623 709 1650 et
735 1617 903 1651 Palentino
929 1623 959 1650 et

215 1671 442 1704 Vallisoletano
479 1671 641 1715 episcopis
677 1682 734 1715 per
774 1677 977 1715 praesentes>

215 1725 450 1758 committimus
488 1731 518 1758 et
553 1725 763 1765 mandamus,
802 1731 960 1769 quatenus

216 1778 288 1822 ipsi,
318 1779 366 1812 vel
391 1779 467 1820 duo,
495 1784 551 1812 aut
577 1789 659 1812 unus
684 1789 797 1812 eorum
824 1789 882 1822 per
906 1791 956 1821 se,

216 1832 263 1865 vel
285 1831 396 1874 alium,
421 1843 478 1866 seu
500 1832 591 1873 alios,
617 1838 802 1876 praesentes
822 1833 956 1874 litteras,

217 1891 247 1919 et
277 1886 308 1919 in
338 1886 384 1919 eis
410 1892 562 1920 contenta
583 1897 821 1931 quaecuimlue,
849 1887 903 1919 ubi
930 1893 960 1920 et

217 1940 349 1983 quando
386 1950 467 1984 opus
509 1940 624 1981 suerit,
663 1951 700 1974 ac
738 1940 864 1984 quoties
901 1951 960 1985 pro

217 1999 308 2038 parte
333 1994 410 2028 dicti
437 1994 576 2038 Philippi
609 1995 646 2028 ΙΙΙ
676 1995 772 2038 regis,
804 2001 856 2028 aut
883 1995 961 2028 alio-

218 2057 289 2080 rum
315 2053 600 2091 quorumcumque
622 2048 653 2080 in
675 2049 860 2092 praemissis
882 2049 961 2082 inte-

218 2111 303 2134 resse
324 2101 525 2141 habentium,
546 2101 663 2135 fuerint
692 2102 850 2146 requisiti,
878 2103 962 2136 sole-

218 2154 337 2188 mniter
355 2155 569 2199 publicantes,
590 2155 702 2199 eisque
724 2156 755 2188 in
777 2156 962 2200 praemissis

219 2208 357 2242 efficacis
379 2208 576 2242 defensionis
590 2209 752 2253 praesidio
767 2210 961 2251 assistentes,

220 2261 337 2295 saciant
357 2261 550 2295 auctoritate
572 2264 683 2295 nostra
709 2262 820 2295 omnia
840 2269 871 2296 et
891 2263 958 2296 sin-

220 2314 294 2357 gula
315 2315 492 2358 praemissa
518 2316 645 2349 debitae
672 2316 881 2359 exequutioni
906 2317 961 2349 ‹le-

222 2369 380 2409 mandari‘,
400 2369 570 2413 ipsumque
583 2369 768 2413 Philippum
783 2370 820 2403 Ill
838 2380 958 2413 regem,
978 2394 980 2407 ,

220 2421 365 2465 aliosque
396 2422 551 2456 interesse
578 2423 734 2456 habentes
766 2423 959 2466 praedictos,

221 2475 410 2508 eorumdem
438 2475 692 2519 praemissorum
720 2476 835 2509 etl'ectu
853 2486 962 2520 respe-

221 2528 301 2561 ctive
326 2529 460 2572 pacifice
482 2529 544 2562 frui
566 2535 594 2563 et
617 2530 779 2571 gaudere:
809 2540 872 2563 non
891 2541 963 2574 per-

222 2582 385 2616 mittentes
403 2593 457 2617 eos
472 2584 611 2628 desuper
625 2595 641 2616 a
658 2593 836 2627 quoquam,
852 2583 962 2627 quavis

223 2636 425 2679 auctoritate,
443 2637 690 2681 quomodolibet
706 2636 847 2670 indebite
863 2637 980 2670 mole-1.

988 229 1045 253 vm
1066 230 1116 253 Pr.

985 277 1077 317 stari,
1096 276 1351 309 contradictores
1366 284 1601 319 quoscumque,
1620 273 1729 317 eisque

987 329 1154 369 auxilium,
1173 329 1355 371 consilium,
1374 329 1421 362 vel
1445 329 1586 362 savorem
1600 327 1730 371 publice

988 383 1035 416 vel
1060 384 1198 424 occulte,
1228 383 1362 423 directe,
1393 383 1439 415 vel
1465 382 1623 415 indirecte
1648 391 1729 425 quo-

989 436 1165 469 modolibet
1191 442 1407 480 praestantes,
1439 446 1495 480 per
1521 445 1675 468 censuras
1700 440 1731 467 et

987 500 1108 534 poenas
1129 490 1373 531 ecclesiasticas,
1398 490 1526 534 aliaque
1545 494 1731 534 opportuna

988 543 1067 578 iuris
1088 550 1116 578 et
1136 544 1208 577 sacti
1230 544 1385 585 remedia,
1404 543 1623 588 appellatione
1644 548 1731 586 post-

987 598 1103 642 posita,
1127 599 1378 642 compescendo,
1407 598 1555 631 invocato
1581 596 1731 630 etiamad

988 652 1061 693 hoc,
1089 651 1115 685 si
1140 662 1221 695 opus
1248 651 1354 691 suerit,
1379 650 1497 685 auxilio
1515 650 1641 684 brachii
1662 660 1731 683 sae-

988 705 1116 738 cidaris.

1033 760 1048 803 g
1068 758 1120 791 15.
1145 759 1215 792 Non
1236 758 1438 792 obstantibus
1459 758 1559 791 felicis
1580 757 1730 791 recorda-

989 813 1084 847 tionis
1110 812 1264 846 Bonit'acii
1285 813 1390 856 Papae
1405 812 1469 845 Vlll
1496 812 1535 845 de
1556 814 1630 852 una,
1655 811 1729 844 etin

990 866 1128 900 concilio
1152 866 1295 909 generali
1317 865 1402 899 edita
1420 866 1459 899 de
1474 865 1600 899 duabus
1622 865 1727 905 dietis,

991 920 1171 954 dummodo
1192 920 1276 953 ultra
1305 925 1369 953 tres
1397 919 1498 952 dietas
1530 918 1647 963 aliquis
1669 929 1728 952 au-

991 973 1139 1008 ctoritate
1164 972 1384 1017 praesentium
1414 973 1454 1005 ad
1480 972 1636 1005 iudicium
1668 982 1733 1005 non

993 1027 1152 1068 trahatur,
1169 1032 1200 1061 et
1213 1027 1285 1071 Sym
1293 1025 1411 1067 machi,
1435 1025 1524 1059 Pauli
1540 1025 1577 1067 ΙΙ,
1592 1025 1682 1058 Pauli
1694 1025 1733 1058 Ill

992 1081 1174 1116 etaliorum
1195 1081 1418 1114 Romanorum
1437 1079 1631 1112 Pontificum
1645 1089 1734 1123 prae·

992 1136 1197 1170 decessorum
1213 1141 1398 1168 nostrorum
1417 1134 1456 1167 de
1473 1134 1570 1167 rebus
1588 1139 1619 1167 et
1640 1133 1734 1167 bonis

992 1189 1230 1230 ecclesiasticis,
1256 1188 1317 1222 nisi
1343 1189 1402 1221 sub
1421 1190 1507 1221 certa
1529 1189 1643 1228 forma,
1667 1197 1732 1220 non

991 1243 1181 1279 alienandis;
1195 1252 1327 1275 necnon
1339 1241 1526 1285 apostolicis
1537 1252 1573 1274 ac
1591 1241 1623 1274 in
1640 1251 1734 1285 syno-

991 1293 1118 1329 dalibus
1131 1302 1160 1329 et
1176 1295 1428 1339 provincialibus
1442 1301 1473 1328 et
1487 1294 1651 1338 quibusvis
1664 1294 1735 1327 aliis

992 1349 1137 1383 conciliis
1158 1349 1252 1383 editis
1265 1349 1459 1393 specialibus
1474 1349 1520 1382 vel
1542 1348 1736 1391 generabili-

992 1404 1051 1437 bus
1081 1403 1367 1436 constitutionibus
1404 1409 1433 1435 et
1461 1401 1732 1441 ordinationibus,

992 1468 1051 1490 nec
1079 1467 1143 1490 non
1175 1456 1409 1498 ecclesiarum,
1439 1456 1735 1494 monasteriorum,

992 1510 1208 1554 prioratiunn,
1238 1509 1552 1553 praepositurarum,
1577 1508 1736 1552 capitulo-

994 1575 1084 1603 rum,
1110 1570 1345 1601 conventuum,
1370 1563 1585 1605 dignitatum,
1612 1562 1735 1596 officio-

995 1629 1083 1659 rum,
1108 1628 1313 1655 mensarum,
1346 1617 1498 1650 ordinum
1528 1623 1559 1650 et
1588 1616 1734 1649 locorum

994 1671 1248 1716 praedictorum,
1272 1670 1367 1703 etiam
1398 1670 1591 1708 iuramento,
1616 1669 1736 1703 contir-

995 1725 1138 1758 matione
1155 1724 1334 1768 apostolica
1349 1752 1358 1763 ,
1384 1724 1431 1757 vel
1451 1723 1562 1767 quavis
1584 1723 1736 1756 firmitate

994 1778 1055 1812 alia
1070 1778 1377 1814 roboratisstatutis
1392 1784 1422 1812 et
1436 1777 1737 1817 consuetudinibus,

994 1832 1169 1876 privilegiis
1184 1842 1326 1875 quoque,
1344 1831 1477 1865 indultis
1492 1838 1522 1865 et
1537 1830 1651 1865 litteris
1665 1841 1738 1874 apo-

994 1886 1129 1925 stolicis,
1156 1886 1277 1919 eisdem
1315 1885 1476 1923 eeclesiis,
1510 1884 1734 1923 monasteriis,

994 1939 1205 1984 prioratibus,
1229 1939 1411 1979 ordinibus,
1440 1939 1520 1972 locis
1540 1944 1569 1972 ct
1592 1938 1662 1971 aliis
1679 1949 1735 1971 su-

995 1994 1345 2038 pradictis,eorumque
1359 1992 1593 2037 superioribus,
1604 1992 1662 2025 sub
1673 1992 1739 2036 qui—

995 2048 1196 2091 buscumque
1219 2047 1386 2080 tenoribus
1412 2053 1441 2079 et
1463 2046 1585 2086 formis,
1607 2057 1642 2079 ac
1664 2056 1735 2077 cum

995 2101 1161 2145 quibusvis
1182 2100 1278 2133 ctiam
1299 2100 1580 2142 derogatoriarum
1603 2099 1739 2141 deroga-

997 2154 1098 2195 toriis,
1127 2154 1262 2197 aliisque
1287 2153 1527 2186 efficacioribus
1549 2158 1579 2186 et
1605 2152 1739 2185 insolitis

996 2207 1149 2240 clausulis
1167 2217 1202 2240 ae
1224 2206 1437 2247 irritantilms,
1459 2211 1488 2239 et
1504 2206 1574 2239 aliis
1589 2205 1736 2242 decretis,

997 2261 1092 2294 etiam
1119 2267 1221 2302 motu,
1246 2261 1378 2295 scicntia
1401 2267 1429 2294 et
1451 2260 1618 2305 potestatis
1636 2259 1740 2303 pleni-

998 2314 1108 2347 tudine
1134 2314 1306 2355 similibus,
1331 2320 1383 2347 aut
1406 2313 1686 2353 consistorialiter,
1711 2318 1739 2344 et

996 2368 1039 2412 de
1061 2367 1196 2402 consilio
1218 2373 1247 2401 et
1269 2378 1401 2401 assensu
1422 2366 1656 2401 venerabilium
1679 2366 1740 2398 t'ra-

998 2429 1081 2455 trun'i
1104 2428 1290 2455 nostrorum
1308 2426 1437 2455 sanctae
1458 2420 1740 2453 ltomanaeEcclc-

995 2475 1061 2509 siae
1087 2475 1313 2511 cardinalium.
1337 2480 1392 2508 aut
1409 2475 1448 2507 ad
1471 2473 1653 2506 instantiam
1680 2473 1737 2505 im-

996 2529 1165 2572 peratoris,
1189 2539 1320 2572 regum,
1341 2528 1527 2571 reginarum
1550 2533 1579 2560 et
1601 2527 1736 2560 aliarum

996 2583 1168 2617 illustrium
1191 2593 1417 2627 personarum,
1435 2582 1531 2615 etiam
1555 2592 1612 2626 pro
1628 2592 1736 2615 remu-

996 2637 1164 2671 neratiom·
1190 2637 1349 2671 labormn.
1379 2642 1429 2670 aut
1459 2637 1487 2668 in
1516 2636 1576 2669 vim
1605 2636 1686 2679 pacti
1707 2641 1736 2667 vt

1654 215 1694 248 77
1743 225 1792 250 An.
1815 224 1842 249 c.
1861 223 1928 251 1604

1786 766 1876 791 ”erugat
1894 766 1930 786 ob·

1744 793 1854 814 stantibus.
