2227 3241
271 288 317 314 An.
335 289 364 315 C.
389 288 454 314 5605

301 2470 420 2493 Exordium.

978 448 1263 542 LEO
1331 449 1475 540 XI

1079 656 1176 692 ΡΑΡΑ
1205 655 1276 690 CCX
1284 655 1307 689 Χ
1314 656 1376 689 xlv

1028 808 1123 840 Anno
1145 807 1266 841 Christi
1285 807 1413 840 MDGV.

471 1089 667 1152 Alexander
698 1117 856 1150 Medieeus
886 1117 1004 1150 electus
1025 1123 1068 1150 est
1096 1117 1127 1150 in
1148 1117 1210 1150 Ro-

471 1189 600 1211 manuin
620 1178 807 1212 Pontificem
830 1179 975 1212 kalendis
995 1179 1106 1223 aprilis
1126 1189 1210 1213 anno

469 1251 551 1274 nncv
567 1269 574 1281 ‚
606 1247 637 1275 et
668 1242 782 1275 Leonis
807 1242 842 1274 Xl
874 1252 992 1275 nomen
1025 1242 1207 1285 assumpsit.

470 1304 586 1343 Quinto
604 1310 709 1337 autem
732 1305 883 1337 kalendas
902 1304 1002 1337 maias
1027 1304 1208 1344 defunctus,

470 1366 607 1410 septimo
621 1377 717 1410 supra
733 1366 919 1399 vicesimum
935 1366 1145 1400 Pontificatus
1162 1366 1210 1400 sui

471 1429 534 1469 die,
557 1429 735 1473 imperante
756 1429 928 1474 Rodnlplio
948 1430 983 1470 ll,
1004 1430 1148 1474 sepultus
1166 1437 1212 1463 est

472 1491 511 1524 ad
531 1498 674 1525 sanetum
702 1493 843 1525 Petrum.
873 1493 997 1525 Vaeavit
1026 1493 1124 1526 Sedes
1145 1492 1211 1525 (lies

471 1562 559 1586 xvin.

796 1715 852 1762 vi.

474 1810 621 1843 Declaral
638 1821 697 1853 per
713 1811 1038 1844 samam-izacionem,
1062 1811 1212 1855 ecclesiae

517 1863 550 1897 S.
577 1863 737 1897 vincentii
753 1863 791 1896 de
810 1864 974 1904 Cardena,
995 1864 1130 1898 Ordinis
1151 1865 1212 1899 Ca-

516 1917 712 1950 nonicorum
742 1917 775 1950 S.
808 1914 985 1961 Aufjuslini
1015 1918 1212 1961 Urqellensis

517 1970 686 2010 dioecesis,
712 1971 843 2003 nullum
863 1971 1101 2014 praee'mlicium
1129 1972 1213 2005 illa-

517 2028 585 2071 tum
609 2023 706 2066 sue'sse
730 2023 858 2065 abbaci,
883 2024 990 2068 quoad
1014 2025 1212 2059 iurisdictio-

517 2087 588 2110 nem
613 2076 740 2110 civilem
764 2081 791 2110 el
811 2078 1014 2111 criminalem
1040 2089 1137 2122 snper
1161 2089 1213 2112 ca-

518 2131 648 2163 nonicos
664 2131 804 2163 eiusdem
817 2131 967 2165 ecclesiae
982 2136 1010 2164 et
1028 2132 1213 2176 colleqiatae

517 2184 547 2217 S.
568 2183 673 2216 lacobi
690 2184 727 2216 de
748 2184 860 2228 Calaff
879 2185 1016 2218 viimam
1035 2184 1209 2218 ‹Ii'oneexisss

729 2300 785 2327 Leo
805 2300 884 2334 Papa
903 2300 956 2332 XI,

594 2354 629 2381 ad
649 2356 824 2387 perpetuam
848 2353 892 2380 rei
913 2353 1092 2381 memoriam.

519 2450 561 2483 Ex
587 2450 731 2483 iniuncto
757 2450 849 2483 nobis
876 2450 1043 2494 apostolic-i
1071 2450 1214 2484 muneris

475 2504 583 2538 debito
601 2504 650 2538 ius
667 2514 761 2538 suum
776 2504 951 2548 unicuique
969 2514 1160 2538 conservare
1174 2510 1216 2538 te-

475 2567 602 2598 nemur,
627 2564 658 2591 et
674 2558 714 2592 ad
732 2558 818 2591 hune
836 2557 985 2591 effectum
1008 2558 1105 2591 dnbia
1123 2569 1216 2602 quae-

512 2675 522 2700 ¹
546 2673 582 2700 Ex
599 2673 705 2710 aegest.
724 2674 749 2700 in
765 2674 866 2701 Secret.
889 2673 1020 2701 Brevium.

1244 1127 1394 1161 eumque,
1419 1125 1499 1160 quae
1521 1127 1557 1150 ex
1577 1116 1837 1150 concessionibus
1857 1121 1888 1150 et
1903 1126 1980 1159 gra-

1245 1170 1295 1203 tiis
1312 1181 1330 1204 a
1349 1170 1502 1204 Romanis
1522 1170 1730 1203 Pontificibus
1750 1169 1980 1214 praedecesso-

1245 1223 1334 1256 ribus
1354 1223 1471 1256 nostris
1492 1222 1647 1256 emanatis
1667 1222 1744 1256 oriri
1767 1228 1921 1266 possunt,
1943 1232 1984 1256 ne

1246 1276 1319 1309 inde
1332 1277 1402 1310 lites
1413 1282 1525 1320 postea
1543 1276 1625 1309 inter
1646 1275 1876 1310 ecclesiasticas
1893 1285 1985 1320 prae-

1244 1330 1354 1363 sertim
1376 1340 1528 1374 personas
1549 1330 1706 1369 oriantur,
1730 1331 1914 1373 opportuna
1930 1329 1985 1362 de-

1244 1383 1420 1417 claratione
1432 1395 1447 1417 e
1462 1384 1570 1417 medio
1586 1383 1698 1416 tollere
1713 1393 1875 1424 curamus,
1888 1387 1986 1426 prout

1245 1437 1275 1470 in
1296 1438 1432 1471 Domino
1453 1437 1624 1470 salubriter
1651 1436 1868 1480 conspicimus
1890 1446 1984 1480 expe-

1245 1490 1326 1523 (lire.

1288 1545 1304 1585 S
1322 1543 1351 1575 ¹l.
1377 1543 1454 1578 Cum
1477 1543 1584 1586 itaque
1606 1543 1683 1576 alias
1704 1542 1803 1576 felicis
1829 1543 1982 1576 recorda·
2024 1551 2119 1573 ctemens
2134 1548 2161 1574 ν’

1245 1596 1339 1629 tionis
1363 1597 1507 1630 Clemens
1539 1596 1624 1640 Papa
1651 1596 1714 1630 Vlll
1752 1579 2165 1640 praedecessor5ss0⁰1⁰2¹3¹s³ass¹523
2201 1615 2203 1636 ἰ

1244 1655 1363 1691 noster,
1374 1650 1479 1684 clarae
1493 1649 1669 1683 memoriae
1682 1648 1821 1693 Philippi
1834 1648 1860 1682 ΙΙ
1873 1648 1983 1694 Hispa·
1994 1631 2170 1688 Xalffiffi'llfe·

1245 1703 1369 1736 uiarum
1400 1703 1483 1745 regis
1511 1702 1659 1736 catholici
1693 1701 1983 1746 supplicationibus
1995 1687 2122 1706 ‘mmm'

1244 1756 1421 1795 adductus,
1444 1755 1656 1796 monasteria,
1680 1755 1851 1798 dignitates
1871 1759 1904 1788 et.
1926 1754 1984 1788 be-

1244 1808 1358 1842 nesscia
1378 1808 1505 1842 Ordinis
1527 1808 1758 1842 canonicorum
1786 1807 1984 1851 regularium

1244 1862 1344 1896 saneti
1376 1861 1544 1905 Augustini
1573 1862 1605 1894 in
1630 1861 1814 1905 principatu
1837 1859 1985 1895 Cathalo-

1245 1915 1317 1949 niae
1337 1921 1367 1949 et
1388 1915 1542 1949 comitatu
1560 1914 1748 1948 Rossilionis
1761 1919 1793 1948 et
1808 1913 1986 1949 Ceritaniae

1246 1969 1422 2010 existentia,
1446 1979 1481 2002 ex
1508 1968 1612 2002 causis
1634 1974 1707 2002 tunc
1728 1967 1904 2012 expressis,
1926 1967 1986 2002 Or-

1246 2023 1320 2057 dine
1337 2023 1502 2067 praedieto
1521 2022 1550 2055 in
1571 2022 1632 2056 illis
1644 2027 1801 2066 perpetuo
1814 2032 1986 2067 suppresso

1245 2084 1276 2112 et
1289 2078 1439 2119 extincto,
1457 2078 1494 2111 ad
1510 2077 1766 2111 saecularitatem
1786 2077 1817 2110 in
1835 2076 1986 2110 omnibus

1246 2137 1276 2165 et
1301 2142 1358 2175 per
1379 2131 1488 2165 omnia
1515 2137 1545 2164 et
1569 2131 1676 2175 quoad
1696 2130 1806 2164 omnia
1828 2135 1986 2175 perpetuo

1247 2184 1426 2225 reduxerit,
1458 2190 1488 2217 et
1517 2183 1634 2217 deinde
1663 2183 1772 2227 aliqua
1799 2193 1836 2217 ex
1864 2182 1985 2216 eisdem

1247 2237 1449 2271 monasteriis
1467 2238 1511 2281 (et
1529 2236 1719 2281 praesertim
1738 2235 1924 2278 ecclesiam,
1949 2246 1986 2270 o-

1247 2291 1302 2324 lim
1324 2290 1566 2331 monasterium,
1583 2289 1855 2324 sanctiVincentii
1875 2289 1999 2334 oppidi·

1247 2345 1286 2377 de
1303 2344 1448 2379 Cardona
1466 2343 1663 2386 Urgellensis
1683 2342 1851 2387 dioecesis)
1869 2342 1901 2376 in
1921 2343 1987 2377 col-

1247 2397 1379 2441 legiatas
1407 2397 1547 2440 insignes
1572 2397 1726 2438 erexerit,
1749 2401 1848 2441 prout
1874 2396 1904 2430 in
1931 2396 1983 2430 di-

1247 2451 1344 2485 versis
1365 2451 1507 2484 eiusdem
1526 2450 1696 2484 Clementis
1716 2449 1831 2483 litteris
1849 2450 1987 2494 desuper

1247 2503 1402 2548 expeditis
1419 2503 1544 2548 plenius
1565 2502 1782 2539 eontinetur¹3

1286 2586 1295 2611 1
1319 2583 1442 2612 lnnuitur
1461 2584 1604 2620 praecipue
1619 2583 1710 2610 Const.
1726 2589 1799 2610 xxvn
1818 2583 1902 2611 Clem.
1925 2582 1985 2611 vnt

1248 2628 1298 2656 sub
1317 2629 1380 2656 data
1392 2629 1424 2656 13
1443 2636 1505 2664 aug.
1526 2636 1569 2656 au.
1594 2627 1671 2663 1592,
1687 2636 1769 2663 quam
1790 2627 1880 2656 videre
1899 2631 1941 2655 est
1958 2627 1985 2655 in

1249 2677 1313 2701 tom.
1336 2679 1360 2700 lx
1377 2673 1403 2700 li.
1421 2681 1447 2700 n.
1466 2672 1530 2701 edit.
1553 2680 1612 2708 pag.
1634 2673 1687 2701 580
1706 2673 1741 2709 (n.
1760 2673 1808 2709 r).
