2227 3241
18 2928 23 2990 i

18 3002 22 3049 t

18 3132 22 3149 l

27 280 76 310 An.
87 280 117 308 C.
139 278 206 307 1605

869 276 991 300 PAULL'S
1014 277 1034 299 Υ
1054 277 1104 300 ΓΡ.

226 336 299 360 cum
325 326 401 359 cura
423 331 454 359 ct
473 326 542 359 sine
563 327 650 365 cura,
674 324 908 363 saecularium,
932 334 967 356 ac

225 379 327 413 sancti
348 378 531 419 Benedicti,
559 378 660 411 sancti
686 376 872 420 Augustini,
896 377 967 410 Clu-

225 432 396 473 niacensis,
419 432 648 473 Cisterciensis‚
671 432 968 464 Praemonstraten-

226 487 268 520 sis
284 514 293 527 ‚
326 486 587 520 Silvestrinorum
621 491 651 518 et
683 494 967 528 quorumcumque

227 540 364 573 aliorum
386 539 542 573 Ordinum
564 539 643 582 (non
658 543 765 571 tamen
783 536 968 570 Mendican-

226 593 325 636 tium)
348 593 516 636 utriusque
540 603 652 632 sexus,
676 601 803 624 necnon
829 591 968 633 Congre-

226 645 392 690 gationum
409 645 606 688 regularium
622 656 658 678 ac
672 644 880 688 hospitalium
895 650 967 678 actu

226 709 406 743 pauperum
438 698 688 743 hospitalitatem
719 708 783 731 non
811 708 965 731 exercen—

227 753 319 794 tium,
335 763 372 786 ac
394 752 578 786 Militiarum
598 762 878 797 quarumcumque
889 752 968 794 (non

228 813 334 839 tamen
354 811 538 839 sanctorum
564 806 703 839 Mauritii
727 812 759 838 et
780 805 909 845 Lazari,
932 815 969 838 ac

227 858 394 903 hospitalis
413 859 514 892 saneti
532 859 658 893 loannis
672 857 966 902 Hierosolymitani,

228 923 311 957 quae
323 922 384 957 pro
400 912 449 946 sui
468 912 568 946 tutela
585 918 697 946 contra
713 913 833 946 Turcas
847 916 877 944 et
891 911 970 944 alios

227 964 375 999 infideles
410 964 523 999 alienis
542 965 669 999 auxiliis
687 964 840 999 continuo
858 963 970 1007 egent)

228 1018 262 1051 in
282 1017 433 1052 universo
457 1018 576 1052 ducatu
597 1018 776 1052 Sabaudiae
798 1024 828 1050 et
847 1016 969 1061 princi-

227 1077 305 1116 patu
324 1071 571 1106 Pedemontium
584 1100 591 1113 ,
616 1082 742 1105 necnon
761 1071 876 1104 Niceae
895 1071 972 1103 Pro-

227 1123 350 1158 vinciae
367 1129 584 1169 nuncupatae,
608 1131 639 1159 et
659 1131 726 1158 toto
741 1124 808 1158 eius
827 1123 972 1157 districtu

227 1172 265 1211 ac
284 1176 460 1218 territorio,
476 1183 507 1211 et
528 1178 616 1212 Statu
641 1178 788 1219 Oneliae,
810 1188 847 1211 ac
868 1177 899 1210 in
920 1187 971 1210 re-

228 1231 316 1276 liqua
337 1231 509 1275 temporali
528 1231 650 1265 ditione
665 1232 741 1265 dicti
759 1231 862 1265 Caroli
880 1231 972 1264 Ema-

228 1284 333 1319 nuelis
353 1285 444 1319 ducis
460 1285 546 1319 ultra
557 1291 588 1319 et
601 1286 680 1320 citra
694 1291 820 1319 montes
838 1285 972 1318 existen-

172 1345 181 1347 “
229 1340 321 1383 tium,
335 1350 354 1373 a
371 1340 612 1374 venerabilibus
626 1340 779 1373 fratribus
799 1339 973 1384 archiepis-

229 1395 319 1439 copis
339 1400 371 1428 et
393 1394 562 1439 episcopis,
580 1404 617 1427 ae
628 1394 752 1427 dilectis
763 1393 838 1426 liliis
851 1393 971 1434 electis,

230 1448 564 1489 administratoribus,
592 1448 895 1489 commendatoriis,
920 1447 975 1480 ab-

229 1503 369 1545 batibus,
388 1502 563 1547 prioribus,
587 1502 788 1546 praepositis,
809 1501 972 1546 praelatis,

230 1556 391 1602 capitulis,
415 1555 637 1596 conventibus,
666 1555 841 1595 canonicis,
865 1560 972 1589 recto-

230 1611 331 1652 ribus,
354 1609 552 1654 caeterisque
572 1609 718 1653 personis
738 1609 972 1650 ecclesiasticis,

231 1663 450 1698 saecularibus
478 1669 509 1697 et
541 1663 728 1707 quorumvis
759 1663 916 1696 Ordinnm
947 1668 976 1696 et

230 1718 442 1752 Milititiarum
462 1717 665 1760 regularibus
686 1717 795 1760 (etiam
822 1716 976 1760 exemptis

233 1782 270 1806 ac
289 1772 384 1805 nobis
404 1777 436 1805 et
458 1770 663 1815 Apostolicae
691 1770 763 1804 Sedi
790 1771 977 1805 immediate

233 1825 408 1869 subiectis)
438 1825 589 1859 ecclesias
605 1852 612 1865 ,
636 1824 832 1858 monasteria
859 1830 890 1858 et
915 1825 977 1858 alia

233 1878 392 1914 beneficia
409 1879 626 1913 ecclesiastica
644 1878 835 1922 (saecularia
855 1879 902 1912 rel
928 1889 977 1912 re-

233 1933 358 1976 gularia
370 1937 401 1967 et
414 1932 566 1966 militaria
579 1932 778 1977 supradicta)
790 1932 820 1965 in
838 1932 977 1975 titulum,

234 1987 473 2028 commendam,
490 1986 814 2028 administrationem,
829 1992 884 2020 aut
901 1987 978 2020 alias

234 2040 482 2086 quomodolibet
512 2040 754 2081 obtinentibus,
783 2050 909 2074 necnon
939 2041 977 2074 ab

235 2094 305 2128 aliis
317 2094 425 2135 etiam,
448 2093 565 2138 quibus
584 2094 717 2134 fructus,
733 2094 889 2135 redditus,
905 2105 979 2138 pro-

235 2154 359 2190 ventus,
379 2148 461 2189 iura,
484 2147 695 2181 obventiones
712 2153 743 2181 et
760 2148 980 2182 emolumenta

235 2202 422 2237 huiusmodi
448 2201 678 2243 eeclesiarum,
707 2202 978 2236 monasteriorum

237 2261 269 2290 et
293 2255 432 2290 aliorum
457 2255 692 2289 beneficiorum
717 2255 979 2299 supradictorum

236 2310 309 2344 loeo
333 2309 528 2355 pensionum
554 2320 734 2343 annuarum
750 2315 804 2343 aut
824 2320 921 2353 super
941 2309 980 2342 il-

238 2363 277 2397 lis
304 2363 476 2408 pensiones
500 2373 627 2397 annuae
655 2362 766 2404 (etiam
787 2372 804 2395 a
825 2362 978 2396 similium

239 2416 439 2451 decimarum
482 2416 644 2450 solutione
680 2421 981 2460 quantumcumque

239 2470 359 2505 liberae
390 2477 421 2505 et
453 2476 642 2515 exemptae,
667 2476 697 2503 et
726 2471 785 2504 sub
814 2470 981 2514 quibusvis

240 2524 510 2568 obligationibus,
534 2525 630 2559 etiam
652 2525 683 2558 in
706 2524 810 2558 forma
829 2524 983 2559 Gamerae

241 2579 454 2623 Apostolicae,
477 2585 509 2614 ct
526 2579 719 2620 iuramento,
740 2579 836 2612 etiam
856 2580 895 2612 de
917 2589 981 2612 non

241 2633 523 2675 contraveniendo,
540 2643 577 2667 ac
590 2634 723 2667 sortasse
744 2632 839 2666 etiam
860 2632 899 2666 de
917 2642 982 2666 non

1003 324 1141 357 iusmodi
1178 324 1398 368 exemptiones
1430 329 1459 357 et
1494 322 1654 369 concessis
1681 332 1747 356 non

1003 378 1134 417 utendo,
1159 378 1312 419 vallatae)
1334 375 1527 411 reservatae¹
1549 375 1678 417 suerint,
1702 381 1744 416 et,

1002 431 1085 463 intra
1098 431 1270 464 triennium
1287 431 1486 475 praedictum
1505 431 1683 469 dumtaxat,
1697 439 1748 462 re-

1002 485 1234 525 servabuntur,
1259 485 1492 528 cuiuscumque
1516 483 1744 528 praeeminen-
1772 476 1775 477 ⁷

1004 538 1085 579 tiae,
1110 539 1294 581 dignitatis,
1317 544 1418 571 status
1433 566 1440 578 ,
1463 538 1602 581 gradus,
1625 536 1748 570 ordinis

1004 598 1035 625 et
1060 592 1255 625 conditionis
1286 592 1421 625 existant,
1446 591 1612 635 (exceptis
1641 595 1748 623 tamen

1003 651 1131 678 sanctae
1151 645 1317 678 Romanae
1335 644 1496 678 Ecclesiae
1516 643 1745 684 cardinalibus,

1003 703 1045 739 et,
1066 700 1174 742 quoad
1191 699 1428 742 parochialium
1447 698 1656 731 ecelesiarum
1670 697 1749 730 alio-

1004 762 1142 795 rumque
1172 752 1405 785 beneficiorum
1430 751 1634 795 personalem
1663 749 1745 783 resi-

1004 804 1146 838 dentiam
1168 804 1418 848 requirentium,
1442 814 1581 848 quorum
1603 803 1748 846 singulo-

1004 868 1075 891 rum
1098 857 1231 898 sructus‚
1255 857 1417 898 redditus,
1448 861 1640 901 proventus,
1664 856 1746 896 iura,

1003 910 1212 945 obventiones
1222 921 1258 944 ac
1268 910 1510 944 distributiones
1519 908 1750 954 qtlotidianae⁹,

1005 964 1131 1009 aliaque
1150 965 1382 1005 emolumenta,
1400 969 1464 997 tam
1479 969 1566 997 certa
1587 973 1685 1007 quam
1702 963 1750 995 in-

1005 1023 1103 1058 certa,
1122 1018 1262 1052 valorem
1275 1028 1419 1051 annuum
1433 1022 1562 1050 centum
1583 1021 1750 1050 scutorum

1007 1077 1154 1105 monetae
1176 1072 1302 1104 illarum
1323 1070 1463 1115 partium
1485 1080 1556 1103 vere
1574 1075 1605 1103 et
1622 1069 1751 1103 realiter

1006 1135 1071 1158 non
1099 1125 1269 1165 excedunt,
1293 1134 1492 1168 possessores
1507 1151 1515 1164 ,
1539 1121 1673 1155 arbitrio
1695 1127 1751 1155 tuo

1008 1178 1213 1219 remittimus,
1238 1188 1319 1222 quos
1343 1178 1382 1211 ab
1402 1176 1589 1211 huiusmodi
1611 1175 1750 1209 decima-

1009 1244 1079 1266 tum
1106 1233 1267 1266 solutione
1293 1232 1413 1265 liberos
1439 1237 1469 1264 et
1494 1235 1658 1274 exemptos
1683 1239 1752 1262 esse

1007 1287 1147 1320 volueris
1168 1293 1198 1320 et
1225 1285 1439 1320 declaraveris
1452 1285 1491 1327 3);
1526 1294 1607 1328 quos
1640 1293 1752 1317 omnes

1007 1340 1210 1384 supradictos
1239 1339 1332 1373 unica
1365 1338 1499 1381 singulis
1530 1337 1639 1377 annis,
1666 1336 1752 1370 dicto

1009 1394 1147 1428 triennio
1169 1394 1305 1439 durante
1321 1421 1328 1433 ,
1353 1392 1514 1426 solutione
1541 1391 1624 1424 intra
1646 1390 1753 1424 termi-

1008 1460 1085 1482 num
1108 1460 1124 1482 a
1146 1447 1347 1482 fraternitate
1368 1449 1423 1480 tua
1440 1445 1685 1490 praeligendum
1699 1444 1754 1478 de-

1010 1505 1126 1538 cimam
1144 1502 1329 1536 huiusmodi
1344 1500 1535 1545 persolvisse
1548 1500 1569 1541 ⁴,
1589 1499 1634 1532 ita
1646 1504 1682 1532 ut
1698 1499 1753 1543 qui

1009 1558 1181 1602 pensiones
1201 1557 1326 1590 solvere
1351 1555 1480 1595 debent,
1504 1553 1601 1587 etiam
1621 1552 1754 1587 nomine

1009 1610 1292 1657 pensionariorum
1314 1609 1457 1643 decimas
1476 1607 1662 1641 huiusmodi
1680 1617 1753 1651 per-

1010 1667 1155 1703 solvant,
1180 1670 1211 1698 et.
1232 1664 1349 1698 deinde
1377 1663 1408 1696 in
1435 1661 1589 1707 proximis
1611 1661 1755 1695 terminis

1049 1759 1056 1783 1
1081 1756 1177 1791 Aptius
1196 1755 1289 1782 forsan
1307 1754 1445 1789 legeretur
1459 1755 1606 1781 reservata
1624 1752 1660 1787 (n.
1679 1752 1728 1786 T.).

1045 1802 1061 1828 2
1083 1800 1227 1836 Perperam
1239 1799 1303 1826 edit.
1313 1798 1392 1826 Main.
1401 1797 1464 1833 lrgit
1475 1797 1664 1833 quotidianas
1673 1797 1755 1831 (ηπ).

1046 1846 1063 1872 3
1082 1846 1184 1872 Sensus
1203 1844 1287 1871 totius
1307 1843 1479 1879 parenthesis
1494 1842 1602 1869 ridetur
1621 1842 1676 1869 sere
1697 1850 1757 1869 esse

1011 1889 1178 1918 huiusmodi:
1191 1889 1317 1924 exceptis
1326 1888 1544 1921 cardinalibus,-
1561 1888 1657 1922 quoad
1667 1895 1758 1922 porro

1007 1943 1181 1971 possessores
1197 1934 1403 1969 beneficiorum
1420 1933 1667 1966 rest'clerzlialz'um,
1688 1941 1758 1968 (suo-

1012 1989 1077 2009 rum
1107 1981 1219 2015 fructus
1238 1988 1297 2006 ozon
1321 1978 1464 2006 esrccclzml
1485 1985 1615 2005 musteum
1632 1978 1760 2005 valorem

1011 2029 1124 2054 centum
1140 2027 1300 2057 scalarum,
1318 2023 1444 2051 arbitrio
1459 2031 1509 2050 sno
1525 2023 1702 2051 remittimus
1716 2022 1760 2051 iu-

1013 2071 1122 2104 dicare,
1133 2078 1202 2104 quos
1212 2077 1248 2095 esc
1261 2069 1295 2095 iis
1306 2068 1429 2096 colueris
1441 2071 1491 2096 aul
1502 2067 1694 2096 declaraveris
1702 2075 1759 2095 esse

1012 2118 1174 2150 exemptos:
1197 2114 1238 2141 vel
1254 2114 1346 2141 aliter:
1369 2113 1493 2148 exceptis
1509 2113 1609 2148 primo
1620 2113 1759 2141 cardina-

1013 2160 1104 2192 libus,
1122 2163 1148 2187 ει
1171 2159 1272 2187 deinde
1292 2158 1418 2193 eaeceptis
1443 2159 1531 2185 etiam
1550 2158 1760 2193 possessoribus

1014 2204 1220 2240 beneficiorum
1237 2203 1480 2238 resiclencialium,
1503 2210 1628 2238 qnorum
1648 2203 1760 2237 fructus

1013 2257 1073 2276 non
1094 2248 1240 2276 excedunt
1255 2255 1388 2275 annuum
1404 2248 1526 2275 valorem
1541 2250 1653 2275 centum
1668 2250 1760 2275 scuto-

1016 2303 1083 2323 rum
1099 2315 1105 2326 ,
1133 2300 1202 2328 quos
1221 2293 1303 2328 (uam
1326 2292 1451 2321 arbitrio
1467 2295 1514 2321 luo
1529 2291 1713 2325 remiltimus)
1731 2295 1761 2320 ίιι

1014 2339 1138 2366 volueris
1158 2341 1184 2366 ec
1201 2338 1395 2365 declaraveris
1410 2345 1466 2365 esse
1482 2339 1637 2371 exemplos,
1648 2340 1699 2364 etc.
1712 2337 1761 2363 Ast

1015 2384 1048 2411 ad
1064 2384 1136 2411 hunc
1152 2391 1262 2411 sensum
1273 2382 1472 2410 conficiendum
1485 2382 1564 2409 lectio
1575 2381 1761 2409 Mainardiana

1015 2428 1057 2456 vel
1086 2432 1175 2456 errata
1196 2428 1236 2455 vel
1259 2427 1391 2455 defectiva
1412 2427 1517 2454 videtur
1535 2429 1635 2461 (n.T.).

1052 2474 1067 2500 Δ,
1083 2474 1169 2502 Etiam
1181 2474 1224 2501 liic
1240 2474 1280 2500 vel
1292 2480 1346 2500 non
1362 2472 1492 2507 intelligo,
1511 2472 1550 2499 vel
1566 2471 1674 2507 aliquod
1687 2479 1762 2499 men-

1016 2519 1080 2546 dum
1096 2519 1220 2555 irrepsit:
1251 2525 1348 2545 sensus
1377 2516 1482 2544 videtur
1504 2524 1564 2544 csse
1587 2515 1760 2543 huiusmodi:

1017 2573 1086 2600 quos
1114 2572 1211 2591 omnes
1235 2563 1417 2598 supradictos
1443 2561 1574 2597 (exeeptis
1594 2560 1627 2588 iis
1643 2564 1762 2588 tantum-

1017 2609 1097 2637 modo
1118 2608 1209 2644 quain
1225 2607 1383 2643 parenthesi
1399 2606 1527 2633 nominati
1539 2605 1660 2640 fuerunt)
1674 2606 1761 2633 uuicti

1017 2650 1140 2684 sinyutis
1155 2649 1251 2675 annis·
1271 2648 1411 2675 solucione
1428 2646 1598 2681 persolvisse
1617 2653 1758 2674 necessum

241 2683 446 2730 impetrando
465 2686 582 2729 gratias
595 2687 787 2731 apostolicas
799 2692 911 2720 contra
925 2686 983 2720 hu-
1016 2696 1074 2723 eric
1092 2694 1130 2722 vet
1147 2695 1320 2729 obtima-tux
1339 2693 1381 2721 ica
1404 2695 1446 2726 ue,
1463 2696 1514 2720 etc.
1533 2695 1570 2726 (n.
1588 2691 1636 2726 T).

298 2747 378 2777 Eun.
392 2748 476 2778 Rom.
496 2749 555 2778 Vol.
572 2749 622 2778 XI.
820 2749 850 2776 41

1649 263 1710 298 321
1761 273 1812 301 An.
1824 273 1854 300 c.
1875 271 1946 301 1606
