2227 3241
264 244 314 272 An.
331 243 361 272 C.
381 243 452 272 1605
496 234 560 268 ‘202

460 291 585 326 deratas
617 290 828 324 extractiones
855 289 1039 324 huiusmodi
1072 290 1195 324 Statum

457 343 659 389 praedictum
685 349 716 376 et
740 342 825 376 illius
857 342 927 376 loca
952 343 1143 385 exhauriant
1167 349 1197 377 et

458 397 610 431 exhausta
635 396 829 440 relinquant,
851 397 881 430 in
904 397 1076 431 maximum
1094 407 1197 442 popu-

457 450 561 483 lorum
576 456 606 484 et
620 450 822 484 subditorum
838 455 1021 485 nostrorum
1043 451 1196 484 damnum

458 509 488 537 et
498 503 746 547 praeiudicium;
758 514 897 547 cumque
906 504 1102 548 experientia
1115 515 1199 538 com-

456 562 583 600 pertum
605 557 645 590 sit
661 557 701 590 ad
715 557 967 590 conservandam
982 563 1045 591 tam
1065 557 1096 590 in
1114 558 1198 591 alma

457 608 543 643 Urbe
559 613 671 644 nostra
683 621 779 655 quam
794 611 827 644 in
842 611 966 655 reliqua
983 611 1197 645 ecclesiastica

459 662 580 697 ditione
614 674 761 698 annonae
792 664 918 708 copiam
948 664 1085 698 maxime
1116 674 1195 698 con—

459 714 589 756 ducere,
610 721 645 749 ut
669 716 768 749 nimia
791 717 925 751 facilitas
950 717 1136 751 extrahendi
1162 727 1198 750 ex

459 767 546 802 dicta
570 767 654 802 Urbe
679 774 710 803 et
734 769 855 803 ditione
880 770 1059 811 frumenta,
1083 769 1196 810 blada,

459 821 637 865 legumina,
651 823 759 856 oleum
774 829 805 856 et
821 823 972 857 animalia
989 823 1196 868 reprimatur,
1216 824 1217 831 ¹

460 885 498 909 ac
518 882 715 910 memoratae
734 876 992 921 supradictorum
1015 883 1198 910 nostrorum

461 929 745 973 praedecessorum
767 930 1010 964 constitutiones
1030 931 1201 973 diligenter

463 988 493 1016 et
512 983 580 1017 sine
600 984 666 1017 ulla
686 984 872 1028 exceptione
893 984 1116 1025 observentur;

281 1047 440 1070 tractatorum
508 1038 524 1079 ς
545 1036 575 1070 6.
595 1037 668 1078 Nos,
684 1048 744 1081 pro
758 1040 891 1082 paterna
905 1040 1015 1071 nostra
1032 1048 1107 1081 erga
1128 1048 1202 1071 ηοε-

261 1074 292 1095 sex
306 1081 343 1096 eas
355 1076 448 1100 innovat,

261 1102 448 1129 etiamquoadex-
465 1095 529 1122 tros
549 1095 579 1123 et
599 1091 800 1134 Apostolicae
821 1091 911 1125 Sedis
931 1091 1075 1124 subditos
1095 1091 1200 1124 chari-
1217 1118 1218 1122 ,

257 1129 451 1151 communicationis

259 1156 451 1203 ffieeffitfgoffia
465 1148 538 1184 tate,
561 1154 673 1177 eorum
685 1144 813 1178 utilitati
827 1150 858 1178 et
871 1144 1049 1179 commodis
1063 1144 1093 1177 in
1107 1154 1200 1188 prae-

260 1199 434 1233 maiomam.
463 1196 567 1230 missis
596 1202 778 1241 opportune
807 1198 991 1242 prospicem
1016 1198 1200 1242 cupientes,

462 1256 552 1283 motu
569 1250 702 1294 proprio
716 1256 796 1284 etex
815 1254 900 1284 certa
920 1251 1052 1285 scientia
1077 1261 1114 1284 ae
1135 1262 1202 1284 ma-

462 1302 533 1337 tura
562 1304 794 1338 deliberatione
822 1305 962 1345 nostris,
989 1305 1093 1349 deque
1117 1315 1198 1349 apo-

461 1357 594 1391 stolicae
618 1357 784 1401 potestatis
804 1358 1021 1402 plenitudine,
1042 1369 1154 1391 omnes
1172 1364 1201 1392 et

460 1410 602 1453 singulas
624 1411 823 1455 supradictas
836 1411 881 1444 Pii
896 1411 945 1452 IV,
968 1411 1014 1444 Pii
1033 1412 1055 1443 V
1077 1412 1199 1446 (31.8ιό-

459 1463 542 1506 gorii
568 1464 636 1498 xm
661 1475 698 1497 ae
721 1464 892 1498 Clementis
912 1464 988 1505 VIII,
1011 1465 1200 1508 praedeees-

459 1527 569 1550 sorum
590 1523 788 1559 nostrorum,
805 1518 1050 1552 constitutiones
1061 1524 1092 1552 et
1109 1518 1197 1552 litte-

459 1578 510 1602 ras
528 1569 560 1602 in
581 1569 776 1613 quibuslibet
795 1580 905 1603 earum
927 1570 1082 1614 partibus,
1104 1570 1198 1604 etiam

459 1622 566 1666 quoad
591 1622 931 1656 excommunicationis
952 1629 981 1656 et
1001 1623 1078 1657 alias
1100 1624 1199 1657 eccle-

459 1674 602 1709 siasticas
634 1686 806 1715 censuraS,
838 1681 993 1720 quantum
1024 1677 1133 1710 attinet
1160 1677 1199 1710 ad

460 1781 522 1814 olei
544 1782 772 1816 extractionem
793 1788 927 1823 tantum,
952 1789 980 1816 et
1002 1784 1109 1827 quoad
1129 1794 1199 1817 rae-

460 1839 545 1869 teras
558 1845 678 1879 poenas
692 1846 912 1880 quascumque
930 1836 960 1869 iu
982 1837 1102 1870 eisdem
1124 1847 1200 1870 con-

460 1888 680 1922 stitutionibus
698 1895 728 1922 et
744 1889 859 1923 litteris
880 1895 1056 1931 contentas,
1071 1900 1135 1924 non
1149 1901 1200 1924 so-

460 2057 620 2081 annonam
636 2048 833 2091 etgraseiam
848 2049 1079 2093 pertinentium
1099 2056 1200 2084 extra-

460 2207 691 2241 confirmamus
704 2214 733 2242 et
745 2208 974 2252 approbamus,
992 2209 1136 2254 illasque,
1149 2210 1200 2243 ad-

460 2272 569 2296 versus
582 2273 801 2307 quascumque
815 2263 1044 2305 revocationes,
1067 2274 1200 2308 suspen-

459 2314 585 2356 siones,
606 2315 815 2350 limitationes
836 2322 865 2349 et
892 2317 1139 2358 moderationes,
1168 2317 1200 2350 in

459 2367 631 2412 pristinum
646 2374 676 2402 et
697 2379 782 2409 eum,
801 2368 830 2402 in
849 2379 914 2413 quo
935 2375 1105 2414 antequam
1128 2370 1200 2403 illae
1217 2377 1218 2386 ¹

461 2427 649 2456 emanarent
663 2429 762 2464 erant,
786 2428 902 2456 statum
927 2423 1135 2464 restituimus,
1151 2434 1201 2457 re-

459 2475 611 2519 ponimus
629 2481 660 2509 et
683 2475 827 2520 plenarie
846 2476 1093 2519 reintegramus,
1117 2477 1201 2510 illas-

460 2538 523 2572 que
554 2535 586 2563 et
610 2539 719 2563 earum
751 2529 892 2572 singulas
922 2529 962 2563 ab
995 2530 1145 2563 omnibus
1171 2536 1219 2563 eti

460 2582 612 2625 singulis,
636 2582 716 2627 quos
736 2589 954 2625 concernunt,
975 2583 1202 2618 inviolabiliter

462 2634 501 2668 de
522 2641 647 2671 caetero
667 2635 828 2671 observari
851 2636 979 2679 debere,
1000 2636 1059 2671 sub
1079 2642 1201 2681 tempo-

1034 243 1215 268 BULLARIUM
1239 243 1391 269 ROMANUM

1231 291 1351 324 ralibus
1371 297 1402 324 et
1419 291 1639 324 ecclesiasticis
1653 292 1765 334 poenis
1777 297 1808 325 et
1825 292 1968 326 censuris

1231 343 1403 387 praedictis
1420 343 1451 376 in
1471 343 1532 376 illis
1549 343 1717 385 contentis,
1737 344 1964 389 praecipimus,

1230 396 1400 429 statuimus
1420 402 1451 429 et
1475 395 1670 430 ordinamus.

1275 450 1291 492 ξ
1314 448 1343 482 7.
1367 449 1535 483 Praeterea
1551 449 1590 483 ad
1608 450 1692 482 ltunc
1703 449 1851 483 effectum
1865 456 1964 492 motu,

1232 556 1291 589 bus
1310 554 1370 589 hac
1393 557 1502 589 nostra
1521 562 1679 600 perpetuo
1700 556 1834 589 valitura
1852 556 1970 590 consti-

1232 715 1338 756 blada,
1358 716 1533 759 legumina,
1550 716 1713 757 animalia,
1734 716 1841 750 oleum
1860 722 1891 750 et
1909 716 1971 750 alia

1233 768 1263 802 id
1289 778 1390 811 genus
1415 775 1479 801 tam
1500 779 1661 802 annonam
1689 780 1784 814 quam
1813 769 1972 813 grasciam

1234 823 1484 864 concernentia,
1513 823 1608 856 etiam
1634 823 1666 856 in
1691 823 1830 867 propriis
1861 833 1972 858 eorum

1234 876 1385 920 praediis,
1406 877 1671 921 possessionibus,
1691 877 1776 920 agris
1793 882 1825 910 et
1838 876 1974 911 terrenis

1234 940 1292 973 pro
1314 935 1459 973 tempore
1479 930 1649 963 recollecta
1667 941 1703 962 ex
1717 929 1973 974 quibuscumque

1217 1015 1218 1037 ἐ
1235 983 1451 1017 Statusnostri
1465 983 1678 1018 Ecclesiastici
1695 984 1880 1028 temporalis
1902 994 1975 1028 pro-

1235 1037 1346 1070 vinciis
1370 1048 1406 1071 ac
1438 1037 1638 1078 civitatibus,
1667 1038 1780 1078 terris,
1807 1037 1919 1072 castris
1942 1043 1975 1072 et

1235 1090 1312 1123 locis
1330 1100 1510 1134 eorumque
1529 1090 1698 1124 territoriis
1716 1095 1746 1124 et
1763 1090 1970 1132 districtibus,

1236 1143 1329 1176 nobis
1358 1143 1537 1187 ditionique
1565 1149 1693 1176 nostrae
1725 1143 1970 1185 ecclesiasticae,

1236 1196 1375 1230 mediate
1391 1197 1439 1230 vel
1457 1196 1652 1237 immediate,
1669 1196 1915 1240 quomodolibet
1925 1207 1975 1230 su-

1235 1249 1348 1283 biectis
1365 1249 1564 1290 extrahendi,
1584 1249 1749 1293 quibusvis
1762 1249 1974 1284 communita-

1236 1302 1335 1344 tibus,
1358 1303 1621 1336 universitatibus
1646 1308 1675 1336 et
1698 1303 1843 1347 personis
1866 1303 1974 1337 cuius-

1236 1367 1374 1400 cumque
1389 1356 1561 1399 dignitatis,
1578 1362 1688 1396 status,
1701 1356 1830 1399 gradus,
1842 1355 1974 1408 ordinis,

1235 1409 1519 1453 praeeminentiae,
1535 1409 1582 1442 vel
1597 1409 1789 1443 conditionis
1812 1409 1974 1443 existenti-

1234 1462 1304 1504 bus,
1325 1463 1419 1496 etiam
1441 1463 1565 1496 ratione
1578 1462 1785 1505 legationum,
1802 1462 1974 1505 gubernio-

1216 1522 1318 1557 ¹¹rum,
1342 1521 1373 1549 et
1392 1516 1529 1549 aliorum
1551 1515 1732 1549 officiorum
1752 1521 1783 1549 et
1803 1525 1972 1549 munerum

1235 1569 1280 1603 eis
1293 1569 1551 1610 commissorum,
1561 1575 1590 1603 et
1603 1580 1661 1613 per
1672 1569 1800 1613 quosvis
1813 1569 1974 1603 Romanos

1216 1655 1217 1672 i
1234 1623 1404 1657 Pontifices
1424 1623 1688 1667 praedecessores
1708 1629 1846 1664 nostrOS,
1863 1633 1899 1657 ac
1915 1633 1974 1657 nos

1216 1675 1415 1724 {Sedemque
1439 1682 1470 1710 et
1494 1676 1659 1710 Cameram
1681 1676 1916 1720 Apostolieam‚
1944 1681 1976 1710 et

460 1728 708 1770 frumentorum,
735 1729 919 1767 bladorum,
946 1730 1143 1772 leguminum
1169 1728 1217 1764 et³

1234 1729 1363 1772 quosvis
1380 1729 1470 1770 alios,
1489 1736 1516 1763 et
1536 1729 1630 1762 etiam
1650 1731 1756 1763 nostra
1775 1729 1974 1769 auctoritate,

1234 1788 1289 1816 aut
1308 1782 1386 1816 alias
1400 1793 1436 1817 ex
1450 1782 1561 1826 quavis
1575 1784 1679 1824 causa,
1696 1782 1791 1816 etiarn
1806 1782 1838 1816 in
1851 1792 1975 1817 recom-

1216 1845 1365 1880 3pensam
1391 1836 1561 1876 laborum,
1586 1837 1778 1869 damnorum
1804 1846 1973 1880 passorum

1216 1911 1217 1936 t
1234 1895 1266 1924 et
1285 1890 1428 1934 ipsorum
1443 1889 1602 1930 laborum,
1620 1889 1825 1930 damnorum,
1839 1889 1889 1922 vel
1909 1899 1975 1922 me-

460 1940 526 1974 lum
548 1941 579 1974 in
605 1948 762 1986 quantum
787 1942 827 1975 ad
852 1943 1115 1986 praemissorum,
1143 1937 1217 1978 sed]

460 1994 556 2028 etiam
578 1994 610 2028 in
631 2000 785 2038 quantum
811 1995 851 2028 ad
877 1995 1011 2030 aliarum
1035 2007 1140 2030 rerum
1160 1998 1217 2031 ad*

1233 1943 1369 1977 ritorurn
1385 1943 1514 1983 intuitu,
1531 1948 1561 1976 et
1575 1942 1637 1976 alia
1658 1942 1753 1976 etiam
1771 1942 1974 1987 quantumvis

1234 1996 1430 2037 rationabili,
1455 1996 1591 2030 iuridica
1612 2001 1642 2030 et
1661 1996 1863 2040 privilegiata
1880 1997 1975 2029 causa

1216 2049 1292 2090 :sub
1314 2049 1573 2093 quibuscumque
1600 2049 1765 2083 tenoribus
1791 2055 1822 2083 et
1847 2049 1975 2090 formis,

461 2101 600 2135 ctionem
625 2101 735 2135 attinet
753 2130 759 2141 ‚
783 2102 972 2136 auctoritate
998 2103 1172 2147 apostolica
1189 2131 1196 2144 ‚
1383 2095 1386 2097 Α

461 2160 571 2188 tenore
584 2155 814 2199 praesentium,
828 2162 985 2200 perpetuo
1000 2156 1202 2198 innovamus,
1216 2189 1217 2207 ἢ

1234 2102 1329 2136 etiam
1349 2102 1380 2135 in
1398 2101 1459 2135 vim
1481 2107 1663 2136 contractus
1677 2107 1791 2135 etcum
1810 2101 1975 2145 quibusvis

1234 2156 1384 2189 clausulis
1409 2162 1440 2190 et
1464 2156 1611 2192 decretis.
1636 2155 1730 2189 etiam
1752 2154 1971 2195 irritantibus,

1234 2209 1328 2243 etiam
1351 2209 1555 2254 quantumvis
1578 2209 1838 2253 praegnantibus,
1863 2207 1973 2242 insoli-

1235 2262 1273 2296 tis
1294 2268 1324 2296 et
1345 2263 1384 2296 de
1411 2262 1598 2296 necessitate
1621 2261 1854 2306 exprimendis,
1878 2261 1972 2295 etiam

1235 2322 1334 2358 motu⁷
1348 2316 1481 2349 scientia
1501 2322 1532 2350 et
1551 2321 1709 2360 potestate
1726 2315 1894 2356 similibus,
1918 2320 1974 2349 aut

1235 2369 1312 2403 alias
1325 2370 1632 2414 quomodocumque
1649 2375 1679 2403 et
1694 2369 1973 2413 qualitercumque

1235 2425 1485 2468 (praeterquam
1516 2423 1680 2456 dumtaxat
1708 2432 1744 2456 ex
1779 2425 1874 2456 causa
1901 2432 1974 2456 vere

1235 2479 1383 2518 onerosa,
1406 2477 1554 2511 videlieet
1578 2487 1739 2520 congruae
1759 2475 1928 2510 solutionis
1944 2481 1975 2509 et

1235 2530 1470 2564 exbursationis
1486 2530 1707 2574 pecuniarum,
1729 2535 1759 2563 et
1779 2535 1834 2563 aut
1851 2529 1974 2562 ratione

1235 2584 1423 2628 appaltuum
1445 2590 1476 2617 et
1495 2583 1691 2617 locationum
1713 2582 1902 2616 introituum
1926 2581 1974 2615 iu—

1235 2637 1385 2683 riumque
1406 2643 1434 2671 et
1455 2637 1615 2671 bonorum
1643 2636 1733 2671 Sedis
1763 2641 1792 2670 et
1819 2635 1974 2670 Gamerae

2032 463 2153 494 ⁴Inclultgqu
2183 460 2193 479 ’ἵ

1230 503 1362 537 scientia
1383 508 1413 536 et
1442 502 1608 546 potestatis
1633 503 1833 547 plenitudine
1856 503 1968 537 simili·
1982 496 2053 538 322¹*
2064 491 2157 538 3233?
2189 503 2193 530 <3

1983 545 2166 600 aaran&
2190 567 2193 591 ;

1233 609 1364 649 tutione,
1381 609 1491 643 omnia
1504 609 1682 652 etsingula,
1698 619 1736 643 ac
1746 619 1969 654 quaecumque
1983 598 2144 644 ἱῗῖὶιῗιῗῖἷιω

1232 662 1408 705 privilegia,
1420 662 1565 696 licentias
1576 670 1607 696 et
1621 663 1784 696 facultates
1797 663 1967 704 frumenta,
1983 650 2113 699 ¹332&OE

2119 622 2184 685 ium}

2118 654 2167 671 σοι’

2170 675 2183 706 ζ

2168 715 2179 730 ι.

2170 733 2184 753 ἱ

2189 694 2191 708 t
