2227 3241
23 310 70 340 An.
91 308 200 338 &1606

528 359 616 391 XLIV
630 360 647 391 ¹.

215 430 372 473 Sequitur
392 430 462 462 alia
481 440 543 463 non
569 431 732 463 absimilis
755 430 857 463 cidem
879 431 958 463 Con-

260 483 443 525 qreqate'om'
474 482 625 516 Fnliensi
661 484 847 525 oratiarum
878 494 954 516 con-

261 545 367 568 rosseo.

452 606 563 633 Paulus
580 607 658 640 Papa
671 606 708 639 V,

337 659 373 686 ad
394 661 572 693 perpetuam
591 659 635 687 rei
655 660 838 687 memoriam.

49 749 188 773 Prooemium.
229 741 231 743 ’
261 730 295 764 In
309 729 580 774 supereminentis
605 731 801 774 apostolicae
823 731 958 774 dignita-

218 784 256 817 tis
275 783 419 828 specula,
439 785 579 827 superna
597 784 818 828 dispositione,
837 785 959 819 meritis

216 837 290 870 licet
303 836 492 881 imparibus,
510 837 686 878 constituti,
701 848 737 871 ex
751 837 959 872 incumbente

215 890 309 924 nobis
320 890 517 934 apostolicae
535 890 760 924 sollicitudinis
781 891 887 925 osticio
899 892 960 925 eir-

216 953 252 977 ca
273 953 385 977 curam
404 943 614 977 ecclesiarum
638 949 669 977 et
687 944 958 978 monasteriorum

215 996 361 1030 omnium
382 997 511 1031 solertia
532 997 700 1031 reddimur
721 997 878 1032 indefessa
902 999 961 1032 sol-

215 1049 305 1091 liciti,
329 1055 375 1092 ut,
398 1050 484 1084 iuxta
501 1050 644 1084 debitum
666 1051 836 1095 pastoralis
849 1051 957 1093 officii,

217 1112 330 1136 eorum
352 1113 562 1137 occurramus
584 1103 773 1148 dispendiis,
794 1109 825 1137 et
848 1105 958 1149 prose-

218 1155 334 1198 ctibus,
359 1156 465 1190 divina
485 1162 681 1201 cooperante
706 1157 887 1199 clementia,
911 1169 961 1191 sa-

219 1208 354 1243 lubriter
374 1209 591 1244 intendamus.

264 1263 281 1304 ἓ
300 1262 329 1296 1.
354 1261 433 1296 Cum
456 1263 580 1307 itaque,
601 1264 681 1298 sicut
707 1264 907 1308 accepimus,
927 1264 963 1297 li-

221 1323 271 1351 cet
301 1317 379 1351 alias
411 1318 511 1351 felicis
544 1319 778 1352 recordationis
816 1318 963 1352 Clemens

220 1370 306 1418 Papa
326 1373 401 1415 vul,
424 1374 654 1417 praedecessor
673 1379 794 1413 noster,
815 1373 960 1416 Congre-

221 1427 384 1471 gationem
406 1428 517 1462 beatae
536 1429 655 1462 Mariae
675 1429 831 1463 Fuliensis
848 1429 963 1463 Cister-

221 1483 337 1517 ciensis
357 1483 495 1524 Ordinis,
521 1484 672 1528 illiusque
690 1484 889 1528 superiorem
909 1494 962 1526 ge-

220 1538 363 1571 neralem
381 1565 388 1579 ‚
416 1537 568 1579 abbates,
597 1538 791 1579 abbatissas,
815 1538 959 1582 priores,

221 1590 409 1633 monachos,
423 1591 578 1625 moniales
593 1597 623 1625 et
644 1591 722 1624 alias
738 1601 964 1636 quascumque

220 1644 399 1688 singulares
420 1655 588 1689 personas,
612 1656 738 1679 necnon
758 1645 963 1683 monasteria,

221 1699 381 1743 grangias,
402 1700 472 1733 loca
493 1705 522 1732 et
540 1699 625 1733 bona
646 1710 871 1743 quaecumque
890 1706 964 1733 tunc

221 1751 402 1795 praesentia
423 1757 453 1784 et
478 1751 584 1784 sutura
605 1757 634 1784 et
652 1751 691 1784 ad
713 1762 766 1784 ees
785 1751 965 1795 quomodo-

222 1804 299 1838 libet
328 1803 505 1848 spectantia
534 1810 565 1837 et
591 1804 796 1849 pertinentia,
821 1811 851 1838 et
883 1816 965 1849 quae

223 1857 376 1902 deinceps
392 1862 571 1902 spectarent
582 1864 611 1891 et
628 1857 825 1902 pertinerent
839 1858 965 1903 illisque

224 1914 481 1948 concederentur
501 1915 548 1948 vel
566 1915 605 1948 ad
624 1914 694 1948 illos
709 1914 964 1957 devolverentur,

224 1967 263 2001 ab
284 1967 372 2001 omni
392 1967 625 2009 iurisdictione,
646 1968 892 2011 gubernatione,
918 1980 966 2002 rc-

220 2020 344 2064 vgimine
361 2048 367 2062 ,
401 2021 601 2055 subiectione
617 2049 624 2062 ,
659 2021 940 2055 administratione
956 2050 963 2062 ,

227 2074 422 2116 obedientia,
446 2074 638 2116 visitatione,
660 2075 864 2109 correctione
885 2082 915 2108 et
935 2087 967 2108 e-

226 2128 432 2162 mendatione
452 2129 576 2163 abbatis
596 2129 755 2172 generalis
772 2129 900 2163 Ordinis
918 2129 966 2163 Ci-

225 2182 407 2217 sterciensis
433 2188 463 2216 et
482 2183 620 2216 aliorum
648 2193 707 2227 pro
739 2189 883 2227 tempore
904 2183 968 2217 exi-

226 2236 378 2270 stentium
404 2236 568 2278 abbatum,
589 2237 808 2280 praelatorum
827 2242 858 2270 et
874 2247 968 2281 supe-

228 2290 351 2324 riorum
390 2290 534 2325 eiusdem
567 2290 696 2324 Ordinis
728 2290 965 2332 Cistcrciensis,

227 2336 418 2379 auctoritate
437 2344 613 2388 apostolica
627 2349 786 2388 perpetuo
805 2344 969 2386 exemerit,

229 2397 413 2443 dictamque
423 2396 710 2441 Congregationem
721 2409 756 2432 ac
768 2398 969 2442 superiorem

52 1292 142 1314 Clemens
159 1291 205 1312 vul

28 1319 207 1345 congreg-itionem

28 1345 103 1368 Butae
126 1345 205 1366 Mariae

29 1372 126 1394 rutis-nis
140 1378 152 1392 a
173 1377 206 1392 re-

29 1399 101 1426 ffimine
123 1398 206 1420 abbatis

29 1425 127 1454 generans
146 1425 206 1447 ordi·

29 1452 207 1475 »ti-cisterciensis

30 1479 108 1503 exemit.

268 2507 276 2532 1
299 2505 327 2532 In
348 2504 413 2533 edit.
433 2504 512 2532 Main.
535 2512 654 2540 sequens
675 2504 836 2532 Constitutio
866 2505 970 2541 absque

230 2558 342 2579 numero
356 2549 466 2578 additur
480 2550 672 2586 praecedenti;
690 2558 738 2577 uos
754 2557 813 2577 eam
829 2558 971 2577 numerare

231 2595 299 2622 sicut
309 2599 429 2623 caeteras
442 2595 628 2623 iudicavimus.
643 2595 737 2629 Porro,
750 2595 799 2622 etsi
810 2595 869 2622 data
882 2598 972 2630 poste-

231 2639 322 2675 riore,
338 2644 427 2668 tamen
451 2640 501 2668 hoc
516 2640 574 2667 loco
595 2648 654 2667 eam
678 2639 821 2667 referimus
837 2644 864 2666 et
887 2648 971 2675 appo-

232 2683 318 2711 nimus
337 2684 508 2720 praecedenti
528 2687 639 2720 propter
659 2683 788 2712 materiae
805 2683 972 2712 identitatem

232 2731 269 2763 (a.
287 2729 335 2762 τ.).

314 2783 393 2812 Butz.
410 2783 493 2812 Rom.
510 2799 542 2805 —
564 2784 621 2812 Vol.
639 2784 687 2812 XI.
906 2783 940 2810 42

861 311 982 334 PAULO<
1007 312 1025 333 Y
1046 311 1089 333 ΓΡ.

1644 298 1707 332 329
1758 307 1848 336 Aac.
1873 308 1939 336 teca

973 358 1189 409 {generalem
1219 369 1345 391 necnon
1372 359 1503 392 abbates
1521 387 1526 395 ,
1547 357 1737 398 abbatissas,

993 411 1128 455 priores,
1151 412 1338 453 monachos,
1357 412 1524 452 moniales,
1545 411 1741 445 monasteria

993 470 1022 498 et
1048 465 1132 497 bona
1154 466 1319 509 praedicta
1334 467 1393 499 sub
1412 465 1632 499 immediatam
1648 476 1740 498 suani

994 524 1024 552 et
1038 518 1128 553 Sedis
1154 519 1356 563 Apostolicae
1378 520 1630 564 protectionem,
1655 519 1739 562 regi-

995 582 1079 612 men,
1101 572 1347 615 subiectionem,
1362 573 1633 615 gubernationem
1653 577 1684 605 et
1703 582 1740 605 o-

994 625 1191 659 bedientiam
1212 626 1382 670 receperit,

1038 680 1054 720 ξ
1076 678 1105 711 2.
1124 679 1338 712 Nihilominus
1361 679 1493 723 quidam
1515 679 1661 713 locorum
1684 678 1740 712 Or·
1783 693 1806 713 e·
1823 694 1940 714 mei-onu-

994 732 1109 765 dinarii
1132 732 1162 764 in
1189 732 1291 765 [tausis
1317 738 1345 765 ct
1368 732 1505 775 negotiis
1527 732 1629 766 dictae
1650 726 1735 766 Cori-
1754 720 1942 776 geoxdssneffilist

994 785 1191 828 gregationis
1220 796 1288 819 sese
1317 786 1465 828 ingerere
1492 797 1557 819 non
1578 791 1734 827 verentes,
1753 773 1942 827 issrii'iiss'pi'ffli'-

994 840 1053 872 sub
1080 845 1245 883 praetextu
1272 840 1358 883 quod
1385 839 1417 872 in
1442 839 1556 873 litteris
1580 839 1737 883 praedicti
1751 826 1944 876 ‘ciffi‘ss'mil‘sfflsslli

994 893 1163 928 Clementis
1183 893 1441 937 praedecessoris
1454 894 1541 927 nulla
1559 894 1598 926 de
1612 904 1738 937 exemp·
1754 882 1942 928 ffil'tlillaa‘ssffssilllussnc

996 947 1082 980 tione
1106 959 1124 980 a
1149 947 1296 980 locorum
1326 946 1572 980 Ordinariorum
1604 945 1736 979 iurisdi-
1755 934 1943 982 llssssfrssffruffi.⁰¹⁶'

996 1000 1102 1034 ctione
1124 1000 1246 1034 mentio
1261 1001 1343 1033 sacta
1356 999 1462 1041 suerit,
1480 999 1586 1032 dictae
1604 999 1741 1042 Congre-

996 1053 1134 1096 gationis
1160 1053 1338 1087 monachos
1370 1052 1542 1096 multiplici
1574 1051 1742 1085 vexatione

996 1106 1203 1150 perturbant:
1222 1117 1280 1139 nos
1297 1106 1394 1149 igitur
1408 1105 1463 1150 qui
1485 1105 1588 1139 dictae
1602 1104 1743 1148 Congre-

998 1159 1136 1203 gationis
1165 1159 1323 1193 Fuliensis
1350 1165 1381 1193 et
1408 1159 1642 1206 monachorum
1675 1158 1743 1192 eius

997 1218 1114 1247 statum
1137 1223 1330 1257 prosperum
1352 1218 1380 1246 et
1403 1212 1613 1256 tranquillum
1632 1211 1743 1256 (prop-

1000 1273 1046 1301 ter
1066 1267 1182 1301 uberes
1202 1268 1323 1300 fructus
1338 1277 1418 1311 quos
1438 1265 1650 1309 Congregatio
1675 1265 1743 1309 ipsa

998 1321 1029 1355 in
1045 1332 1123 1364 agro
1143 1321 1308 1354 militantis
1322 1320 1483 1354 Ecclesiae
1497 1320 1652 1353 hactenus
1672 1330 1744 1363 pro-

999 1375 1088 1409 duxit
1108 1375 1230 1408 utiliter
1255 1386 1291 1408 ac
1311 1373 1474 1418 producit,
1498 1379 1528 1407 et
1546 1373 1578 1406 in
1599 1374 1742 1407 futurum

999 1429 1232 1473 producturam
1253 1428 1319 1461 sore
1337 1438 1393 1472 spe
1408 1427 1500 1461 firma
1521 1428 1680 1470 tenemus)
1696 1426 1744 1460 in-

1000 1482 1095 1517 tensis
1125 1482 1347 1515 deside-sannis
1375 1481 1542 1514 all'ectibus
1560 1508 1569 1521 ,
1600 1480 1744 1514 ciusdem

998 1536 1264 1579 Congregationis
1286 1535 1521 1568 monachorum
1540 1534 1745 1578 aliarumque

999 1590 1165 1634 utriusque
1193 1599 1285 1622 sexus
1310 1589 1507 1631 regularium
1533 1598 1745 1632 personarum

1001 1645 1046 1685 <ut
1069 1642 1183 1677 maiori
1199 1654 1271 1676 cum
1291 1642 1397 1687 quiete
1413 1653 1447 1676 ac
1462 1642 1594 1687 spiritus
1605 1642 1743 1683 fervore,

1000 1698 1085 1731 iuxta
1098 1708 1209 1731 eorum
1226 1696 1388 1739 regularia
1406 1695 1563 1737 instituta,
1583 1696 1746 1730 Altissimo

1000 1758 1127 1795 gratum
1150 1751 1323 1785 exhibeant
1347 1751 1554 1793 famulatum)
1572 1750 1668 1785 statui
1690 1761 1747 1795 op-

1000 1805 1172 1850 portunius
1203 1805 1375 1849 providere
1408 1805 1575 1844 volentes,
1609 1804 1747 1848 illosque

1002 1860 1111 1893 intima
1149 1858 1305 1892 charitate
1340 1863 1596 1903 prosequentes,
1620 1868 1745 1891 necnon

1001 1914 1203 1959 superiorem
1223 1913 1407 1957 generalem
1430 1924 1467 1946 ac
1493 1923 1606 1947 omncs
1627 1918 1658 1946 et
1683 1912 1747 1946 sin-

1001 1969 1091 2011 gulas
1112 1978 1268 2012 personas
1290 1967 1433 2001 eiusdem
1451 1965 1716 2009 Congregationis
1729 1977 1747 1999 a

1002 2022 1166 2066 quilmsvis
1187 2020 1544 2061 excommunicationis,
1563 2019 1748 2064 suspensio—

1002 2076 1051 2109 nis
1083 2083 1113 2109 et
1145 2075 1330 2115 interdicti,
1358 2074 1495 2119 aliisque
1524 2073 1748 2107 ecclesiasticis

1002 2129 1180 2169 sententiis,
1199 2128 1342 2162 censuris
1361 2134 1389 2160 et
1417 2127 1543 2172 poenis,
1567 2137 1584 2160 a
1606 2126 1676 2160 iure
1699 2128 1747 2160 vel

1003 2184 1042 2217 ab
1060 2183 1214 2222 bomine,
1238 2182 1350 2227 quavis
1376 2181 1547 2215 occasione
1575 2181 1622 2215 vel
1653 2182 1746 2214 causi·

1004 2237 1092 2278 latis,
1120 2237 1145 2270 si
1177 2236 1295 2281 quibus
1327 2235 1574 2280 quomobolibet
1603 2234 1748 2268 innodati

1004 2291 1154 2329 existunt,
1178 2290 1217 2323 ad
1232 2290 1381 2323 eflectum
1403 2288 1623 2333 praesentium
1649 2289 1746 2321 dum-

1006 2349 1086 2377 taxat
1110 2343 1386 2386 consequendum,
1410 2342 1524 2375 barum
1546 2341 1628 2374 serie
1645 2341 1750 2374 absol-

1005 2403 1113 2431 ventes
1138 2403 1167 2429 et
1188 2397 1353 2430 absolutos
1371 2396 1437 2429 sore
1459 2400 1636 2435 censentes,
1660 2400 1749 2427 motu

1006 2451 1150 2496 proprio,
1178 2461 1243 2485 non
1271 2451 1311 2484 ad
1335 2450 1470 2483 alicuius
1495 2449 1587 2482 nobis
1612 2449 1751 2493 desuper

1005 2505 1132 2539 oblatae
1154 2504 1318 2548 petitionis
1337 2502 1533 2543 instantiam,
1554 2502 1610 2536 sed
1632 2501 1671 2534 de
1692 2511 1749 2535 no-

1005 2560 1070 2592 stra
1097 2560 1186 2592 mera
1207 2557 1396 2591 liberalitate
1426 2566 1462 2589 ac
1482 2558 1567 2589 certa
1593 2554 1747 2595 scientia,

1007 2614 1111 2656 deque
1132 2612 1328 2656 apostolicae
1350 2610 1515 2654 potestatis
1536 2608 1747 2654 plenitudine,

1007 2666 1296 2709 Congreeationem
1326 2663 1524 2708 praedictam
1555 2662 1750 2703 Fuliensem,

1008 2719 1142 2763 eiusque
1164 2718 1360 2762 generalem,
1389 2717 1531 2759 abbates,
1560 2715 1746 2758 abbatissas,
