2227 3241
51 232 100 259 An.
119 230 234 259 c.1609

99 1677 167 1698 Ῑιιεειο
183 1675 240 1702 quod

54 1703 147 1729 desuper
167 1702 241 1723 fratres

51 1736 93 1752 non
99 1730 241 1751 molestentur.

84 2104 196 2126 clausulae
204 2104 241 2125 tm-

58 2137 90 2152 ius
103 2131 175 2152 Buttae
182 2136 242 2157 prac-

57 2158 183 2179 servattvac.

884 225 1005 252 PAULUS
1031 227 1049 250 Υ
1075 226 1119 249 ΡΡ.

250 277 450 312 declaramus
468 281 497 310 et
518 275 755 310 modificamus:
777 274 885 308 onmia
901 285 990 318 prae·
1024 275 1111 311 (cum
1123 273 1287 317 quibusvis
1302 272 1396 306 etiam
1415 270 1693 314 derogatoriarum
1712 270 1766 303 de-

251 339 337 366 terea
358 330 523 376 privilegia
543 330 673 374 speciali
693 339 822 373 quoque
843 330 917 361 nota
935 328 986 361 di-
1024 325 1205 369 rogatoriis,
1226 325 1361 369 aliisque
1381 323 1616 358 efficacioribus
1634 329 1665 356 et
1682 323 1766 356 inso-

249 397 323 429 gna,
347 385 578 425 immunitates,
602 384 831 428 exemptiones,
860 383 990 415 liberta·
1026 380 1089 413 litis
1115 379 1288 420 clausulis,
1317 378 1580 422 irritantibusque
1606 376 1766 419 decretis)

251 445 307 479 tes,
327 438 502 478 facultates,
523 436 756 476 concessiones,
774 435 904 478 gratias,
927 440 989 467 tam

249 491 432 536 spirituales
456 501 553 534 quam
579 488 784 533 temporales,
817 493 847 520 et
868 487 991 520 indulta

251 544 347 578 etiam
375 554 434 588 per
452 544 584 577 modum
605 540 800 575 extensionis
820 541 868 573 vel
897 550 987 573 com-

250 596 479 631 municationis
511 606 584 629 cum
618 594 776 639 particula
808 592 987 633 exclusiva,

250 661 389 696 quorum
414 648 559 683 omniun]
582 654 611 682 et
632 648 835 690 singulorum
866 651 991 679 tenores

249 703 474 748 praesentibus
499 712 558 747 pro
584 700 738 745 expressis
758 699 870 733 haberi
896 699 988 732 volu-

250 768 332 798 mus,
355 756 504 790 universo
522 754 740 789 sanctissimae
757 752 919 786 Trinitatis
933 752 992 786 Re-

250 809 445 854 demptionis
466 808 665 853 captivorum
684 805 794 840 Ordini
814 805 992 849 praedicto,

251 863 402 907 illiusque
422 862 584 902 domibus,
608 859 750 894 ecclesiis
767 865 796 892 et
817 858 992 903 superiori-

252 917 331 957 bus,
363 927 400 949 ac
431 915 584 960 fratribus
614 923 785 954 concessa,
809 912 992 956 praedictae

250 968 517 1012 Congregationi‚
541 968 585 1001 ita
612 973 647 1001 ut
676 966 761 1001 illius
785 967 899 1000 fratres
917 976 992 1002 non

251 1023 355 1057 solum
373 1023 414 1056 ad
429 1022 690 1067 supradictorum
708 1021 819 1062 instar,
839 1021 895 1054 sed
912 1019 992 1064 pari-

251 1075 400 1109 sormiter
420 1082 451 1109 et
471 1085 574 1119 aeque
599 1074 838 1119 principaliter,
858 1073 992 1118 perinde

252 1140 289 1164 ae
309 1129 334 1163 si
348 1129 410 1162 illis
423 1128 614 1162 nominatim
631 1134 661 1161 et
675 1128 707 1161 in
718 1127 824 1172 specie
842 1137 992 1162 concessa

253 1182 397 1224 fuissent,
421 1181 607 1215 huiusmodi
632 1181 817 1226 privilegiis,
841 1180 991 1214 immuni-

252 1235 383 1277 tatibus,
411 1234 679 1279 exemptionibus,
712 1234 924 1275 libertatibus,
949 1234 993 1267 fa-

253 1289 437 1330 cultatibus,
459 1288 731 1329 concessionibus,
755 1288 865 1330 gratiis
891 1294 921 1321 et
947 1288 994 1320 in-

253 1343 350 1377 dultis
371 1343 563 1386 (dummodo
583 1348 689 1376 tamen
709 1343 885 1387 praedictis
901 1343 990 1376 Men-

254 1396 429 1430 dicantium
469 1397 621 1431 institutis
658 1402 689 1430 et
722 1396 896 1440 privilegiis
929 1406 992 1429 non

254 1450 477 1495 adversentur)
498 1451 556 1492 uti,
579 1450 657 1493 frui,
674 1450 771 1495 potiri
799 1456 828 1484 et
853 1451 994 1493 gaudere

254 1506 355 1541 libere
380 1513 410 1541 et
434 1507 520 1541 licite
543 1507 668 1551 possint
692 1513 721 1541 et
746 1507 881 1549 valeant,
911 1507 995 1540 dicta

254 1561 444 1595 auctoritate
463 1568 621 1606 perpetuo
635 1561 756 1606 pariter
772 1561 991 1603 concedimus,

255 1615 534 1650 communicamus
552 1622 582 1650 et
602 1616 813 1650 extendimus.

301 1671 317 1712 ξ
338 1668 368 1703 3.
385 1670 564 1704 Districtius
584 1670 616 1704 in
636 1670 752 1704 virtute
772 1676 899 1703 sanctae
920 1669 995 1703 obe-

256 1723 406 1766 dientiae,
427 1735 463 1758 ac
480 1724 541 1758 illis
563 1724 695 1758 arbitrio
716 1730 826 1758 nostro
848 1723 993 1767 infligen-

257 1778 305 1812 dis
322 1779 446 1822 poenis,
462 1778 643 1812 inhibentes
661 1778 826 1827 quibus-vis
847 1778 994 1812 locorum

255 1832 434 1866 Ordinariis
454 1838 485 1866 et
502 1832 571 1866 aliis
591 1832 860 1877 quibuscumque,
884 1843 924 1865 ne
949 1831 996 1865 di-

254 1890 336 1919 ctam
362 1885 662 1929 Congregationem,
684 1886 833 1930 illiusque
859 1885 996 1928 Religio—

253 1949 316 1980 sos,
346 1945 457 1972 contra
485 1949 637 1973 concessa
667 1939 833 1983 privilegia
858 1939 996 1982 desuper

255 2003 387 2038 quoquo
411 1992 508 2026 modo
527 1993 720 2033 molestare,
750 1992 927 2036 inquietare
949 1992 994 2024 vel

255 2047 449 2092 perturbare
469 2047 607 2080 audeant
628 2057 684 2080 seu
704 2051 921 2091 praesumant.

302 2102 318 2144 ξ
339 2100 369 2133 lt.
394 2101 608 2134 Decernentes
633 2111 762 2145 quoque
777 2127 784 2141 ,
812 2105 997 2144 praesentes

257 2153 381 2188 litteras
395 2154 484 2187 nullo
500 2163 654 2198 umquam
673 2160 817 2197 tempore
831 2153 870 2187 de
885 2153 997 2186 subre-

257 2207 388 2252 ptionis,
413 2208 459 2241 vel
481 2207 679 2252 obreptionis
706 2207 792 2248 vitio,
821 2212 872 2240 aut
893 2206 996 2240 inten-

258 2261 354 2295 tionis
375 2267 502 2296 nostrae
523 2263 570 2295 vel
600 2261 752 2306 quopiam
784 2261 845 2294 alio
873 2260 996 2294 defectu

258 2315 363 2349 notari
400 2316 447 2348 vel
477 2315 659 2360 impugnari
693 2315 851 2348 ullatenus
882 2325 996 2359 posse,

258 2369 403 2403 minusve
427 2369 486 2402 sub
508 2368 671 2413 quibusvis
691 2368 844 2401 similium
867 2368 913 2401 vel
936 2367 998 2401 dis-

249 2422 411 2456 similium
433 2422 608 2466 gratiarum
634 2421 902 2463 revocationibus,
923 2431 994 2454 mo-

259 2477 516 2518 dificationibus,
540 2476 796 2517 limitationibus,
822 2476 996 2510 restitutio-

258 2531 353 2565 nibus
373 2537 403 2564 et
424 2531 494 2565 aliis
519 2530 690 2564 contrariis
716 2530 994 2574 dispositionibus,

261 2591 323 2619 tam
346 2596 403 2630 per
419 2595 478 2619 nos
502 2595 598 2630 quam
615 2584 694 2618 alios
710 2584 873 2618 Romanos
893 2585 997 2618 Ponti-

259 2639 336 2673 fices
368 2649 567 2673 successores
598 2645 725 2674 nostros
754 2639 997 2683 quomodolibet

308 2701 387 2730 Bull.
404 2701 488 2730 Rom.
509 2701 568 2730 Vot.
586 2701 636 2729 XI.
836 2701 867 2729 77

1026 443 1083 476 pro
1107 439 1251 476 tempore
1273 432 1362 465 sactis
1377 438 1404 465 et
1424 431 1589 471 faciendis,
1614 440 1769 474 quorum-

1026 497 1165 530 cumque
1187 491 1333 519 tenorum
1356 485 1502 526 existant,
1527 484 1665 524 includi3
1692 484 1765 525 sed,

1026 539 1088 572 illis
1109 549 1174 571 non
1201 538 1420 580 obstantibus,
1441 538 1472 571 in
1504 538 1568 571 suis
1597 537 1714 570 robore
1739 543 1767 570 et

1027 592 1168 626 efficacia
1191 592 1372 636 persistere,
1397 598 1438 632 et,
1456 591 1580 635 quoties
1593 591 1665 623 illae
1683 601 1769 624 ema-

1027 646 1160 686 nabunt‚
1186 645 1277 679 toties
1291 646 1324 678 in
1344 645 1518 689 pristinum
1540 650 1657 678 statum
1678 644 1769 677 resti-

1029 705 1120 739 tutas,
1144 699 1301 742 repositas
1323 705 1352 732 et
1378 698 1521 742 plenarie
1543 697 1764 740 reintegratas,

1027 758 1057 786 et
1077 752 1136 786 sub
1154 752 1226 785 dat-<⁸1
1244 763 1302 796 per
1322 751 1408 796 ipsos
1428 752 1540 784 fratres
1555 750 1768 784 Discalceatos

1027 805 1186 848 eligenda,
1208 805 1247 838 de
1265 815 1348 838 novo
1370 814 1536 838 concessas
1555 814 1632 837 esse.

1072 860 1088 901 ξ
1107 858 1136 891 5.
1160 858 1197 891 Et
1214 858 1257 891 ita
1270 868 1329 902 per
1349 868 1572 902 quoscumque
1597 856 1718 890 iudices
1739 862 1768 891 et

1027 911 1268 945 commissarios
1286 910 1396 955 quavis
1417 910 1609 944 auctoritate
1633 910 1768 953 fungen-

1028 969 1095 1006 tes,
1123 964 1219 998 etiam
1251 974 1421 997 causarum
1449 963 1562 996 Palatii
1592 963 1768 1007 Apostolici

1027 1018 1200 1059 auditores,
1224 1028 1260 1051 ac
1281 1018 1312 1052 S.
1328 1018 1364 1052 R.
1382 1018 1415 1051 E.
1438 1017 1627 1058 cardinales,
1644 1017 1769 1050 sublata

1027 1071 1082 1114 eis,
1106 1076 1180 1112 etc.‚
1204 1070 1364 1105 attentari.

1072 1126 1087 1167 ἓ
1109 1124 1139 1158 6.
1170 1124 1327 1164 Quocirca
1356 1123 1592 1158 venerabilibus
1618 1122 1769 1157 fratribus

1027 1178 1179 1212 Toletano
1201 1184 1231 1212 et
1251 1178 1430 1222 Hispalensi
1451 1177 1713 1222 archiepiscopis,
1731 1187 1767 1211 ac

1028 1231 1146 1265 dilecto
1182 1230 1249 1265 filio
1281 1230 1390 1265 euriae
1419 1241 1589 1264 causarum
1618 1230 1768 1264 Gamerae

1028 1285 1230 1329 Apostolicae
1256 1285 1398 1328 generali
1424 1284 1564 1318 auditori
1589 1294 1648 1328 per
1673 1293 1768 1328 prae-

1028 1344 1134 1372 sentes
1155 1339 1388 1372 committimus
1413 1343 1443 1371 et
1468 1337 1670 1378 mandamus,
1692 1347 1769 1381 qua-

1029 1398 1120 1426 tenus
1140 1393 1210 1438 ipsi,
1236 1393 1281 1427 vel
1296 1393 1371 1435 duo,
1389 1399 1443 1426 aut
1460 1402 1542 1426 unus
1564 1402 1689 1433 eorum,
1712 1402 1770 1435 per

1028 1461 1077 1491 se,
1098 1450 1145 1484 vel
1164 1450 1274 1492 alium,
1298 1460 1353 1484 seu
1371 1450 1462 1491 alios,
1482 1454 1666 1494 praesentes
1685 1448 1768 1482 litte-

1029 1515 1080 1538 ras
1098 1510 1127 1538 et
1148 1505 1180 1538 in
1205 1505 1250 1539 eis
1276 1509 1426 1538 contenta
1451 1515 1686 1549 quaecumque,
1715 1505 1769 1538 ubi

1029 1566 1059 1593 et
1080 1560 1209 1605 quando
1236 1565 1265 1593 et
1292 1559 1418 1604 quoties
1435 1570 1516 1603 opus
1536 1559 1640 1600 suerit,
1662 1565 1692 1593 ct
1711 1570 1769 1604 pro

1028 1620 1119 1658 parte
1150 1614 1253 1647 dietae
1289 1613 1576 1656 Congregationis,
1605 1614 1652 1646 vel
1686 1613 1770 1647 illius

1030 1669 1164 1702 fratrum
1190 1668 1387 1709 huiusmodi,
1412 1674 1466 1702 aut
1486 1667 1620 1702 alieuius
1642 1678 1767 1709 eortn’n,

1029 1723 1148 1757 suerint
1165 1722 1323 1767 requisiti,
1345 1722 1534 1756 solemniter
1554 1722 1766 1766 publicantes,

1030 1777 1139 1821 eisque
1161 1777 1192 1809 in
1210 1776 1394 1820 praemissis
1416 1775 1555 1810 efficacis
1576 1775 1771 1809 defensionis

1030 1830 1191 1875 praesidio
1220 1829 1403 1863 assistentes
1436 1829 1553 1862 saciant
1581 1829 1771 1862 auctoritate

1030 1884 1138 1918 nostra
1163 1894 1228 1925 cos,
1257 1890 1287 1917 et
1312 1893 1424 1917 eorum
1451 1882 1644 1927 quemlibet,
1672 1894 1772 1927 prae-

1031 1938 1134 1972 missis
1156 1937 1307 1971 omnibus
1336 1944 1365 1971 et
1390 1936 1524 1979 singulis
1552 1936 1686 1981 pacifice
1710 1937 1771 1970 srui

1030 1998 1060 2026 et
1074 1992 1226 2035 gaudere,
1243 2001 1308 2024 non
1322 1990 1543 2035 permittentes
1560 2000 1614 2024 eos
1635 1990 1772 2034 desuper

1030 2057 1088 2090 per
1107 2055 1329 2089 quoscumque
1346 2039 1602 2088 'quomodolibet
1630 2043 1771 2078 indebite

1031 2098 1218 2139 molestari,
1251 2097 1455 2142 perturbari,
1488 2102 1542 2130 aut
1580 2097 1770 2141 inquietari,

1031 2152 1284 2187 contradictores
1314 2152 1472 2196 quoslibet
1504 2157 1534 2186 et
1554 2151 1690 2185 rebelles
1715 2162 1772 2195 per

1031 2206 1218 2248 sententias,
1248 2216 1399 2240 censuras
1425 2212 1455 2240 et
1479 2216 1598 2250 poenas
1624 2205 1772 2239 ecclesia-

1031 2260 1146 2301 stieas,
1175 2260 1301 2304 aliaque
1331 2264 1515 2304 opportuna
1540 2258 1618 2293 iuris
1644 2264 1673 2292 ct
1698 2258 1771 2292 sacti

1032 2314 1186 2356 remedia,
1208 2314 1423 2359 appellatione
1442 2312 1630 2358 postposita,
1648 2322 1773 2356 compe-

1032 2368 1204 2413 pescendo,
1228 2368 1446 2411 legitimisque
1467 2377 1563 2411 super
1584 2366 1632 2399 liis
1653 2366 1772 2400 liaben-

1032 2423 1079 2457 dis
1099 2422 1231 2456 servatis
1248 2421 1462 2466 processibus,
1479 2430 1629 2454 censuras
1651 2426 1679 2453 ct
1698 2431 1773 2464 poc-

1032 2488 1087 2510 nas
1117 2477 1198 2521 ipsas
1228 2476 1322 2509 ctiam
1358 2475 1477 2508 iteratis
1508 2474 1627 2507 vicibus
1654 2486 1769 2517 aggra-

1032 2531 1151 2571 vando,
1177 2530 1323 2564 invocato
1349 2529 1444 2562 etiam
1470 2540 1504 2561 ac
1532 2528 1614 2569 boc,
1643 2528 1666 2562 si
1693 2538 1773 2572 opus

1032 2584 1122 2618 suerit
1140 2612 1146 2625 ‚
1175 2583 1292 2617 auxilio
1313 2582 1436 2616 brachii
1458 2582 1640 2615 saecularis.

1078 2640 1093 2682 ξ
1124 2638 1153 2672 7.
1183 2639 1251 2671 Non
1278 2636 1479 2671 obstantibus
1504 2636 1712 2681 praemissis,

1670 211 1734 246 609
1779 222 1829 248 An.
1846 221 1875 248 c.
1899 222 1965 250 1609

1819 859 1916 879 Clausala
1937 865 1968 879 stt-

1784 885 1845 911 taraci,
1854 888 1892 906 etc.

1810 1124 1968 1151 Exequutorum

1785 1152 1902 1178 deputatio.

1739 2648 1744 2654 ¹
1764 2648 1769 2649 ⁷
1859 2627 1972 2651 Dei-vadite

1738 2647 1772 2671 ‘st'
1790 2655 1951 2676 contrariorum.
