2227 3241
61 237 111 264 Aa.
127 236 155 265 C.
179 236 248 264 1603

105 729 240 754 Subncitque

56 756 104 777 duci
111 756 242 777 Sabaudiae.

71 2115 86 2135 Α
96 2115 171 2135 militia
183 2119 233 2135 vero

49 2141 149 2162 &Lazari
157 2142 234 2162 bonest-

49 2168 82 2188 εἰει
90 2168 160 2188 omnia
172 2169 191 2189 in
202 2174 233 2189 re-

50 2195 96 2218 anis
112 2195 232 2220 Hispaniar.

49 2222 161 2243 existentia.
192 2222 233 2243 dis-

880 233 1028 258 CLEMENS
1049 234 1107 258 VIII
1128 235 1179 258 Pr.

259 284 346 318 illam
363 284 595 328 spectantibus,
615 293 852 328 quaecumque,
878 283 1002 327 qualia-

259 348 398 381 cumque
429 343 459 371 et
485 337 681 382 ubicumque
709 337 832 377 forent,
863 335 1003 379 exceptis

258 396 365 424 tamen
385 391 423 425 iis
440 402 524 435 quae
542 391 574 424 in
595 401 695 435 regno
712 395 743 425 et
757 389 909 425 dominiis
927 395 1003 424 tunc

258 444 418 478 existentis
428 444 654 489 Hispaniarum
669 443 753 488 re'gis
767 443 913 477 catholici
927 454 1002 477 eon·

257 497 424 538 sistebant,
449 498 553 532 dictae
578 497 706 533 militiae
726 497 757 531 S.
781 497 919 530 Mauritii
942 497 1001 540 (ita

257 551 345 595 quod
369 551 440 595 ipsa
460 551 610 595 deinceps
627 551 660 584 in
678 556 869 594 perpetuum
890 549 1000 584 militia

257 610 440 639 sanctorum
462 604 599 638 Mauritii
616 610 648 638 et
666 604 773 638 Lazari
797 615 999 648 nuncupare-

257 664 321 700 tur,
340 669 378 692 ac
394 658 577 703 praedictus
593 659 783 692 Emmanuel
796 658 998 700 Philibertus,

256 717 288 745 et
307 721 365 755 pro
391 717 533 756 tempore
553 711 690 746 existens
713 711 891 745 Sabaudiae
917 713 998 752 dux,

256 769 288 798 et
310 764 441 798 militiae
459 764 562 798 sancti
586 764 694 798 Lazari
719 764 903 798 huiusmodi
924 774 992 797 ma-

254 818 356 861 gister
375 823 458 852 esset
471 823 503 852 et
519 818 744 862 appellaretur,
764 828 889 851 necnon
913 817 998 862 prio-

254 877 339 905 ratus
355 898 364 912 ,
395 872 636 916 praeceptoriac
675 877 705 906 ct
743 872 804 905 alia
841 871 998 905 beneficia

254 924 397 959 eiusdem
428 925 564 959 militiae
594 925 695 961 sancti
729 927 850 968 Lazari,
882 932 914 960 et
943 927 996 960 illa

253 977 456 1020 obtinentes,
482 979 601 1023 aliique
625 979 755 1022 milites,
778 980 941 1024 'capellani
966 985 998 1014 et

254 1043 420 1077 personae,
439 1033 717 1078 curae,gubernio
734 1039 766 1067 et
782 1033 995 1068 iurisdictioni

253 1085 353 1130 ipsius
371 1085 462 1120 ducis
481 1092 512 1120 et
529 1086 638 1130 magni
661 1086 817 1131 magistri,
837 1085 870 1120 in
894 1087 997 1120 omni-

253 1140 313 1173 bus
336 1146 368 1174 et
391 1150 448 1184 per
463 1138 573 1174 omnia
589 1140 767 1183 subessent,
786 1147 883 1186 prout
905 1146 997 1175 antea

254 1193 418 1235 suberant,
441 1193 567 1238 sibique
592 1200 755 1239 tamquam
775 1193 922 1228 membra
946 1204 997 1227 ea-

254 1246 311 1290 piti
336 1246 503 1282 obedirent
525 1254 557 1282 et
572 1248 840 1292 obsequerentur)
861 1258 896 1281 ac
919 1247 997 1282 alias

254 1298 313 1334 sub
333 1300 428 1335 certis
448 1301 545 1335 modo
565 1306 596 1335 et
620 1302 734 1342 forma,
756 1306 787 1335 et
809 1312 883 1335 cum
899 1302 996 1335 sacul-

254 1352 372 1386 tatibus
385 1359 462 1387 tunc
474 1355 641 1398 expressis,
654 1365 689 1388 ac
699 1364 798 1388 onere
811 1354 898 1398 quod
911 1354 996 1388 idem

252 1407 408 1441 Emanuel
425 1407 632 1448 philibertus,
648 1413 680 1441 et
696 1418 755 1451 pro
772 1413 915 1452 tempore
931 1408 996 1441 exi-

251 1465 337 1494 stens
361 1460 426 1493 dux
451 1466 482 1495 et
506 1471 644 1504 magnus
668 1461 820 1505 magister
843 1461 923 1495 duas
941 1463 994 1496 tri-

250 1524 353 1548 remes
376 1513 529 1547 militibus
552 1513 725 1558 praedictis
749 1514 922 1549 instructas
937 1526 996 1560 pro

251 1569 385 1603 Romani
405 1569 566 1603 Pontificis
586 1580 644 1614 pro
668 1576 813 1614 tempore
834 1568 995 1603 existentis

250 1622 418 1667 dictaeque
438 1623 528 1657 Sedis
542 1628 652 1658 eontra
665 1622 854 1665 haereticos,
877 1623 995 1668 piratas

250 1682 282 1711 et
304 1676 384 1710 alios
407 1677 493 1711 illius
510 1678 617 1711 hostes
635 1677 819 1712 defensione
838 1677 995 1712 continuo

249 1735 460 1765 manutenere
480 1737 655 1773 teneretur,
675 1742 731 1776 per
743 1732 900 1776 quasdam
917 1732 994 1765 alias

249 1784 310 1818 sub
330 1784 395 1818 dat.
419 1785 541 1818 Romae
565 1785 651 1830 apud
676 1791 822 1819 sanctum
847 1786 990 1827 Petrum,

249 1848 335 1873 anno
354 1838 590 1873 iucarnationis
615 1839 803 1873 Dominieae
821 1840 993 1874 millesimo

249 1893 513 1938 quingentesimo
549 1895 791 1938 septuagesimo
823 1895 989 1936 seeundo,

249 1946 356 1980 idibus
380 1947 577 1989 novembris,
604 1948 813 1992 pontificatus
837 1948 886 1981 sui
907 1959 992 1982 anno

248 2000 368 2044 primo,
394 2007 556 2045 perpetuo
581 2001 742 2043 univerit,
769 2002 938 2036 annexerit
962 2009 993 2036 et

248 2053 519 2098 incorporaverit¹
534 2066 541 2095 ;

293 2110 311 2151 ξ
331 2107 362 2141 8.
387 2110 431 2142 Ac
450 2118 509 2153 per
535 2108 677 2153 reliqua-s
697 2120 770 2143 suas
794 2110 853 2142 sub
879 2110 990 2143 eadem

250 2162 423 2207 posteriori
437 2163 510 2196 dats]
521 2162 682 2195 consectas
696 2162 959 2197 linoras²statum
970 2163 991 2205 ⁸,

249 2216 442 2257 essentiam,
478 2216 748 2260 dependentiam,
783 2222 815 2250 et
845 2217 991 2251 instituta

285 2339 294 2364 1
315 2337 457 2365 Praedicta
472 2337 606 2365 habentur
622 2338 647 2363 in
663 2338 753 2364 Const.
767 2338 825 2365 Pro
839 2339 991 2365 commissa

247 2391 308 2418 sup.
325 2382 370 2410 cit.
387 2383 426 2417 (n.
443 2383 492 2418 T.).

282 2428 299 2454 2
316 2427 443 2463 Reliquae
458 2427 508 2455 liae
525 2428 575 2454 litt.
592 2436 644 2455 non
663 2432 725 2454 sunt
741 2428 766 2454 in
783 2428 855 2456 Ball.
873 2429 910 2461 (n.
929 2428 976 2462 τ.).

282 2474 299 2500 3
319 2473 466 2508 Perperam
478 2477 505 2500 et
516 2477 610 2500 contra
622 2473 755 2499 rationem
771 2476 912 2500 contextus
926 2473 990 2500 edit.

247 2517 330 2545 Main.
347 2517 399 2553 leg.
416 2525 469 2544 non
484 2520 589 2545 statum
606 2517 653 2544 sed
668 2517 785 2545 statuit:
803 2526 829 2544 n.
847 2517 909 2544 lect.
926 2517 989 2545 hab.

247 2563 274 2590 in
296 2563 376 2590 Ball.
403 2562 466 2589 Ord.
489 2562 529 2589 Ss.
551 2561 671 2589 Mauritii
691 2566 718 2589 et
737 2562 854 2595 Lazarii3
877 2565 903 2589 et
922 2562 991 2590 infra

247 2607 261 2642 ἓ
276 2607 305 2634 11
331 2606 428 2634 iterum
443 2609 535 2634 status
551 2611 578 2634 et
592 2607 732 2634 essentiae
752 2606 852 2634 mentio
873 2607 991 2634 occurrit

248 2654 285 2684 (n.
300 2651 350 2686 r.).

333 2706 412 2737 Bull.
429 2706 513 2735 Rom.
530 2722 563 2726 —
583 2707 640 2734 Vol.
658 2707 707 2735 XI.
925 2707 942 2736 5

1705 224 1748 257 33
1794 235 1843 262 An.
1866 236 1893 263 c.
1914 236 1980 264 1603

1038 283 1147 315 onmia
1182 282 1345 326 regularia
1377 282 1454 315 dieti
1484 283 1653 327 hospitalis
1677 284 1891 345 sanctipngteisis*
1919 298 1977 345 “iim

1813 330 1838 344 (ΙΠ
1851 331 1855 345 1
1866 330 1904 345 lcts
1915 330 1940 343 (⁹.ss
1958 332 1979 345 3-

1037 336 1166 377 Lazari,
1206 337 1238 370 in
1268 337 1420 370 omnibus
1451 343 1482 371 et
1517 337 1780 382 quibuscumque
1795 351 1847 371 nom
1861 355 1962 372 τωρωι.

1036 388 1245 432 prioratibus,
1262 390 1515 433 magistratibus,
1531 390 1777 434 praeceptoriis,

1036 443 1260 487 hospitalibus,
1284 443 1427 477 eeclesiis
1443 471 1450 484 ,
1479 443 1612 488 capellis
1626 471 1634 485 ,
1658 449 1690 477 et
1709 444 1781 478 aliis

1036 496 1201 530 benefieiis
1220 497 1437 539 regularibus,
1460 507 1589 531 necnon
1609 498 1777 539 membris,

1035 550 1189 593 grangiis,
1207 555 1238 584 et
1257 550 1337 584 loeis
1361 550 1506 584 eiusdem
1524 551 1659 585 militiae
1679 552 1780 585 saneti

1034 603 1154 645 Lazari,
1173 608 1203 637 et
1220 604 1259 636 ab
1277 606 1315 637 ea
1332 605 1642 649 quomodocumque
1659 605 1780 649 depen-

1036 656 1130 698 tibus,
1147 656 1179 689 in
1193 657 1302 699 regnis
1315 662 1347 690 et
1363 658 1518 691 dominiis
1532 658 1691 702 praedicti
1705 659 1778 692 Phi-

1033 709 1112 754 lippi
1125 710 1209 752 regis
1221 710 1481 752 consistentibus,
1496 717 1526 744 et
1537 712 1577 745 ab
1591 711 1779 746 huiusmodi

1033 763 1164 805 unione⁷
1183 768 1218 796 ut
1230 764 1423 808 praefertur,
1441 765 1593 809 exceptis,
1607 765 1778 810 sineprae-

1033 817 1153 851 iudicio
1174 818 1230 851 illa
1250 818 1479 860 obtinentium,
1501 819 1597 853 etiam
1614 825 1778 864 perpetuo

1032 871 1250 916 suppresserit
1274 877 1305 905 et
1330 872 1512 914 extinxerit,
1536 883 1573 906 ae
1594 873 1634 906 ad
1657 878 1777 906 statum

1031 925 1233 959 saecularem
1265 926 1400 959 omnino
1436 926 1624 968 reduxerit,
1657 927 1778 971 illaque

1032 979 1142 1013 omnia
1166 989 1240 1012 eum
1259 979 1325 1013 suis
1343 979 1468 1021 castris,
1491 979 1586 1021 villis,
1610 980 1774 1022 domibus,

1031 1033 1297 1078 proprietatibus,
1321 1033 1418 1067 rebus
1439 1038 1471 1067 et
1489 1033 1584 1067 bonis
1601 1034 1779 1068 immobili-

1031 1087 1091 1121 bus
1112 1091 1143 1120 et
1159 1086 1412 1129 semoventibus,
1437 1087 1573 1129 iuribus,
1594 1088 1778 1122 actionibus

1031 1146 1062 1174 et
1081 1140 1285 1184 pertinentiis
1305 1140 1476 1183 universis,
1499 1140 1716 1186 ubicumque,
1739 1152 1776 1176 ac

1031 1195 1266 1239 cuiuscumque
1286 1194 1462 1239 qualitatis,
1482 1195 1682 1239 quantitatis,
1705 1206 1778 1240 spe-

1031 1248 1103 1289 ciei,
1120 1254 1256 1282 naturae
1269 1254 1300 1282 et
1312 1248 1412 1282 annui
1424 1248 1541 1282 valoris
1555 1248 1774 1291 existentibus,

1031 1302 1070 1335 ab
1084 1302 1199 1336 eodem
1216 1301 1489 1346 hospitali.saneti
1505 1300 1626 1344 Lazari,
1644 1302 1777 1347 eiusque

1031 1360 1062 1388 et
1085 1355 1225 1388 aliorum
1246 1365 1532 1400 quorumcumque
1560 1355 1661 1400 ipsius
1681 1357 1773 1390 loco-

1030 1418 1102 1441 rum
1113 1409 1341 1452 dependentia,
1354 1409 1568 1451 correctione,
1580 1410 1773 1452 visitatione,

1030 1462 1224 1496 auctoritate
1236 1467 1268 1496 et
1281 1462 1506 1507 dispositione,
1522 1463 1618 1497 etiam
1633 1474 1691 1508 per
1704 1465 1776 1497 sun-

1030 1515 1207 1556 dationem,
1234 1515 1452 1559 privilegium,
1476 1521 1632 1550 statutum
1654 1517 1775 1551 invete-

1030 1574 1148 1609 ratum,
1165 1568 1467 1614 praescriptamque
1491 1570 1774 1611 consuetudinem,

1029 1633 1066 1655 ae
1083 1622 1162 1656 alias
1188 1623 1502 1668 quomodocumque
1526 1623 1773 1668 pertinentium,

1028 1676 1177 1709 similiter
1190 1682 1349 1720 perpetuo
1363 1677 1516 1710 exemerit
1531 1683 1563 1711 et
1576 1677 1773 1720 liberaverit,

1028 1730 1156 1775 sibique
1176 1736 1207 1763 et
1228 1730 1333 1764 dictae
1356 1730 1430 1771 Sedi
1456 1731 1644 1766 immediate
1662 1733 1772 1766 subie-

1028 1785 1120 1826 ecrit,
1141 1785 1322 1829 eademque
1340 1785 1462 1827 omnia,
1482 1785 1508 1819 si
1531 1790 1607 1819 tune
1619 1787 1776 1820 vacabant

1028 1845 1059 1873 et
1078 1839 1349 1883 quotiescumque
1370 1845 1401 1873 et
1418 1839 1617 1884 ubicumque
1647 1840 1678 1873 in
1701 1852 1774 1885 per-

1027 1899 1162 1937 petuum
1180 1900 1342 1935 vacarent,
1365 1902 1443 1928 suae
1461 1900 1491 1928 et
1511 1894 1640 1928 romani
1661 1896 1772 1929 Ponti-

1028 1947 1097 1981 ficis
1116 1958 1176 1991 pro
1194 1952 1343 1992 tempore
1364 1948 1540 1989 existentis,
1564 1959 1601 1982 ac
1626 1949 1771 1983 eiusdem

1027 2001 1116 2035 Sedis
1142 2001 1347 2045 Apostolicae
1373 2002 1579 2046 dispositioni
1605 2003 1772 2036 dumtaxat

1026 2054 1212 2098 specialiter
1232 2059 1263 2087 et
1279 2064 1428 2098 expresse
1445 2055 1665 2096 reservaverim
1690 2055 1772 2088 inbi-

1026 2108 1161 2150 bitione,
1186 2119 1222 2142 ae
1243 2108 1394 2150 irritanti,
1419 2115 1449 2143 et
1462 2109 1534 2143 aliis
1555 2110 1693 2143 decretis
1714 2110 1770 2143 de-

1025 2173 1123 2206 super
1139 2162 1308 2207 appositis,
1332 2169 1431 2207 prout
1447 2164 1479 2197 in
1497 2164 1632 2207 singulis
1657 2163 1771 2197 litteris

1026 2222 1057 2248 et
1076 2216 1307 2250 constitutione
1327 2217 1501 2261 praedictis
1522 2217 1650 2261 plenius
1669 2217 1770 2250 eonti-

1026 2275 1132 2309 netur;

1070 2325 1086 2365 5
1112 2323 1142 2356 9.
1178 2324 1267 2357 Dicta
1300 2329 1408 2357 autem
1435 2324 1550 2358 militia
1582 2329 1766 2357 sanctorum
1784 2352 1795 2371 fi

1024 2376 1159 2409 Mauritii
1182 2383 1213 2410 et
1237 2377 1346 2410 Lazari
1368 2377 1553 2410 huiusmodi
1573 2376 1769 2410 successoris
1785 2380 1797 2398 ¹⁴

1026 2430 1184 2471 regimine
1210 2436 1241 2463 et
1264 2431 1443 2464 directione
1474 2430 1709 2474 multiplicata,
1738 2435 1769 2462 et

1025 2488 1234 2516 strenuorum
1262 2484 1400 2517 militum
1423 2494 1519 2517 cruce
1536 2483 1680 2517 eiusdem
1702 2484 1765 2516 Re-

1025 2536 1204 2580 demptoris
1223 2537 1351 2570 Domini
1371 2537 1470 2570 nostri
1488 2537 1690 2578 signatorum
1709 2547 1769 2569 nu-

1025 2600 1128 2631 mero,
1149 2595 1313 2634 tamquam
1336 2590 1498 2623 foecundo
1517 2591 1615 2630 foetu,
1630 2600 1694 2623 non
1713 2600 1768 2634 pa-

1024 2654 1097 2677 rum
1122 2644 1259 2678 adaucta
1286 2656 1320 2678 ac
1354 2649 1533 2690 propagata
1552 2648 1716 2686 noscatur,
1738 2650 1769 2678 et

1823 2326 1905 2345 Causae
1922 2331 1969 2344 ιωιι7

1800 2352 1879 2371 riumodi
1906 2358 1924 2377 pi
1933 2358 1971 2372 ιη-

1799 2385 1847 2403 Ἕω.
