2227 3241
59 271 109 301 Ᾱη.
123 271 153 300 C.
175 270 243 299 ¹605

1791 262 1843 289 An.
1859 262 1891 290 C.
1907 261 1977 289 1605

683 507 1207 602 PAULUS
1273 508 1352 599 V

879 715 980 749 PAPA
1005 713 1156 750 CCXXXV

817 894 916 927 Anno
943 892 1065 928 Christi
1088 892 1226 927 MDCV.

259 1140 542 1206 Duodevieesimo
564 1172 636 1212 post
657 1166 772 1200 Leonis
792 1165 833 1199 XI
863 1170 1000 1199 mortem

212 1242 219 1249 ·
260 1231 312 1265 die
333 1231 453 1264 electus
482 1235 529 1264 est
558 1229 591 1262 in
620 1240 783 1263 summum
812 1228 1000 1262 Pontificem

260 1294 411 1328 Camillus
436 1298 566 1327 sanetae
586 1293 751 1326 Romanae
771 1292 943 1332 Ecclesiae,
964 1292 1003 1325 ti-

260 1353 318 1387 tuli
340 1354 443 1387 sancti
465 1353 674 1398 Chrysogoni,
702 1353 869 1397 presbyter
893 1352 999 1386 cardi-

259 1416 341 1450 nalis
358 1416 563 1459 Burghesffls,
584 1416 638 1460 qui
657 1416 773 1449 Paulus
791 1416 814 1447 V
832 1416 932 1449 voluit
954 1426 1005 1460 ap-

261 1479 330 1513 lari.
365 1479 461 1513 Sacra
490 1478 660 1512 redimitus
692 1478 795 1512 thiara
823 1478 875 1512 die
907 1488 1003 1512 xxvut

260 1541 347 1583 maii,
362 1541 444 1575 sedit
457 1551 558 1575 annos
571 1552 622 1582 xv,
640 1551 766 1575 menses
779 1551 847 1581 vm,
863 1540 931 1574 dies
948 1550 1004 1574 xm

261 1605 463 1649 temporibus
477 1605 640 1650 Rodulphi
657 1606 682 1639 II
700 1605 917 1650 imperatoris.
935 1605 1004 1638 Vita

261 1668 391 1702 functus
412 1668 462 1702 die
482 1679 581 1703 xxvm
602 1668 740 1702 ianuarii
765 1679 850 1702 anno
871 1678 1001 1709 MDcxxt,

261 1731 405 1775 sepultus
425 1737 472 1765 est
493 1731 533 1765 ad
550 1737 696 1765 sanetum
714 1731 859 1765 Petrum.
884 1731 1006 1775 Corpus

261 1799 373 1838 postea
390 1794 579 1828 translatum
597 1795 655 1828 fuit
672 1795 712 1828 ad
730 1794 897 1828 Basilicam
914 1794 1006 1828 Libe-

262 1856 399 1898 rianam,
416 1853 649 1901 conditumque
661 1857 693 1890 in
714 1857 844 1898 sacello,
861 1856 948 1900 quod
962 1856 1007 1889 vi-

262 1929 338 1953 vens
355 1925 511 1954 erexerat.
535 1919 665 1953 vacavit
686 1919 784 1954 Sedes
805 1919 873 1953 dies
894 1929 935 1952 x1.

612 2134 652 2168 1¹.

263 2239 407 2274 Litterae
431 2241 466 2273 ιή
491 2240 597 2282 forma
623 2239 819 2273 Provisionis
847 2240 980 2273 Nostrae
996 2267 1003 2281 ,

309 2293 424 2337 quibus
438 2294 678 2336 confirmantur
693 2294 781 2327 aliae
797 2293 919 2327 similes
936 2293 1006 2327 Cle-

308 2348 423 2381 mentis
449 2347 530 2380 VIII
546 2358 641 2390 super
657 2347 812 2390 facultate
828 2347 1007 2391 metropoli-

311 2405 361 2434 tcte
374 2401 592 2435 Rutltenorttm
607 2402 754 2435 concessa
776 2402 968 2434 [restituendi
981 2406 1007 2434 et

309 2455 522 2489 consecrandi
547 2456 707 2499 episcopos
731 2465 808 2488 suae
831 2454 1004 2488 nationis?

302 2544 314 2570 1
337 2543 374 2570 Ex
394 2543 500 2579 ttegest.
522 2544 549 2570 in
568 2543 671 2571 Secret.
693 2543 770 2570 Brev.

301 2587 318 2614 2
337 2587 460 2616 Facultas
475 2589 666 2624 metropolitae
678 2588 865 2615 Ruthenorum
881 2596 1008 2615 concessa

266 2631 364 2667 legitur
383 2632 408 2659 in
430 2637 501 2661 tomo
516 2633 655 2670 praece‹l.,
672 2641 733 2669 pag.
749 2633 811 2667 250,
828 2636 852 2660 et
869 2632 944 2660 Brevi
956 2632 1007 2659 ini-

268 2677 332 2704 tium
349 2682 402 2705 est:
426 2678 519 2706 Decet.

1247 1165 1358 1192 Paulus
1382 1164 1566 1199 Episcopus,

1214 1225 1321 1245 servus
1351 1225 1506 1246 servorum
1535 1217 1603 1249 Dei,

1180 1272 1216 1299 ad
1236 1272 1368 1299 futuram
1387 1271 1431 1299 rei
1451 1270 1633 1299 memoriam.

1082 1379 1276 1412 Provisionis
1312 1385 1440 1412 nostrae
1479 1379 1575 1412 debet
1611 1378 1782 1422 provenire
1824 1384 1946 1406 Exordium.

1038 1433 1198 1474 subsidio,
1226 1439 1261 1466 ut
1287 1433 1335 1467 ius
1360 1443 1454 1466 suum
1484 1432 1616 1466 cuilibet
1646 1442 1779 1465 conser-

1039 1492 1139 1520 vetur.

1084 1542 1100 1583 g
1122 1540 1152 1573 ¹1.
1177 1540 1256 1573 Hine
1277 1545 1334 1580 est,
1358 1540 1445 1583 quod
1465 1550 1524 1573 nos
1543 1545 1688 1573 tenorem
1704 1549 1783 1583 qua·
1825 1546 1982 1572 losevhmetro-

1798 1574 1863 1600 polita
1873 1573 1983 1593 transcribi

1039 1595 1188 1628 rumdam
1218 1595 1396 1628 litterarum
1426 1594 1528 1627 felicis
1548 1593 1782 1627 recordationis
1799 1600 1984 1648 cffonfirqilqrvlqltge-

1039 1648 1214 1682 Clementis
1234 1648 1338 1692 Papae
1355 1647 1420 1681 VIII
1440 1647 1698 1692 praedecessoris
1719 1658 1780 1680 no-
1798 1633 1911 1680 rassffif
1935 1633 1941 1646 ⁴
1962 1632 1972 1647 e

1039 1702 1094 1735 stri
1122 1702 1154 1735 in
1182 1701 1319 1745 registro
1340 1701 1440 1745 ipsius
1457 1701 1714 1745 praedecessoris
1735 1711 1784 1734 re-

1039 1761 1179 1800 pertum,
1201 1766 1260 1800 pro
1281 1765 1319 1789 eo
1341 1755 1438 1799 quod⁷
1465 1755 1547 1789 sieut
1568 1754 1708 1788 exhibita
1728 1765 1786 1787 no-

1040 1810 1089 1843 bis
1118 1820 1223 1853 nuper
1254 1819 1313 1853 pro
1346 1814 1436 1853 parte
1462 1808 1654 1842 venerabilis
1680 1808 1786 1841 fratris

1040 1864 1141 1897 nostri
1159 1863 1285 1907 losephi
1304 1862 1452 1896 moderni
1471 1862 1706 1906 archiepiscopi
1724 1871 1787 1895 me-

1041 1917 1212 1961 tropolitae
1230 1915 1407 1950 Kioviensis
1425 1921 1455 1949 et
1474 1914 1664 1948 Haliciensis
1684 1925 1721 1947 ae
1739 1920 1787 1947 to-

1042 1971 1104 2004 tius
1124 1970 1256 2003 Russiae
1281 1969 1394 2014 petitio
1415 1968 1614 2009 continebat,
1637 1968 1704 2012 ipse
1728 1967 1785 2001 ha-

1040 2035 1113 2057 rum
1135 2029 1281 2057 tenorem
1295 2050 1302 2064 ,
1332 2028 1363 2056 et
1386 2033 1423 2056 ex
1443 2022 1538 2056 certis
1559 2022 1681 2063 causis,
1704 2021 1787 2055 sieut

1041 2078 1164 2118 asserit,
1189 2077 1313 2120 indiget
1333 2077 1372 2110 de
1393 2077 1530 2119 registro
1549 2076 1618 2120 ipso
1632 2077 1671 2109 de
1687 2075 1785 2109 verbo

1041 2133 1081 2166 ad
1095 2133 1229 2166 verbum
1245 2131 1425 2172 transcribi,
1440 2136 1471 2164 et
1488 2131 1528 2164 ad
1546 2130 1646 2174 ipsius
1658 2129 1785 2174 Iosephi

1040 2186 1276 2231 archiepiscopi
1297 2186 1391 2220 nobis
1410 2191 1583 2230 propterea
1603 2184 1786 2229 supplican-

1041 2240 1079 2273 tis
1100 2241 1295 2280 instantiam,
1316 2239 1541 2284 praesentibus
1562 2238 1710 2272 annotari
1737 2238 1785 2271 se-

1041 2293 1155 2335 cimus,
1180 2293 1234 2337 qui
1256 2299 1303 2326 est
1317 2293 1405 2326 tatis:
1433 2292 1579 2326 Clemens
1600 2291 1781 2336 episcopus,

1041 2358 1151 2381 servus
1175 2358 1341 2381 servorum
1362 2347 1435 2387 Dei,
1460 2347 1500 2380 ad
1524 2351 1714 2390 perpetuam
1740 2345 1785 2378 rei

1043 2400 1246 2434 memoriam.
1261 2401 1367 2440 Decet,
1386 2406 1446 2433 etc.
1467 2400 1617 2443 (Caetera
1630 2399 1785 2431 omittun-

1042 2460 1116 2494 tur;
1141 2454 1242 2497 tessere
1262 2455 1350 2487 enim
1375 2458 1419 2486 est
1445 2453 1511 2485 loco
1535 2453 1630 2485 citato
1651 2452 1686 2484 in
1710 2451 1785 2485 nota

1041 2508 1082 2541 ad
1104 2508 1297 2550 rubricam).

1086 2563 1102 2603 ξ
1123 2563 1156 2594 2.
1178 2561 1364 2601 Caeterum,
1393 2566 1428 2593 ut
1449 2559 1635 2593 earumdem
1665 2558 1785 2591 littera·
1853 2568 1939 2597 tmesis
1955 2572 1985 2604 sss

1041 2625 1112 2648 rum
1133 2620 1224 2648 tenor
1249 2614 1434 2658 praedictus
1458 2613 1502 2646 sic
1524 2613 1661 2646 insertus
1681 2612 1785 2645 omni·
1800 2595 1986 2642 Sililifflffilfiffif

1043 2669 1170 2701 modam
1200 2668 1242 2701 rei
1265 2679 1300 2700 ιιι·
1323 2667 1395 2701 sacti
1421 2666 1648 2700 «fortitudinem
1679 2666 1782 2707 iaciat,
