2227 3241
228 277 276 305 Λη.
299 277 326 304 c.
352 277 417 305 1608
463 267 527 302 530

254 499 345 524 Singuli>
365 500 409 517 doe-

227 525 265 545 tiu>
282 532 300 545 ιιι
311 526 409 545 boui-rrm

227 552 264 571 Dei
276 558 315 572 nou
332 552 410 572 seriatis

226 579 361 602 1>l'¹t¹·r¹lrli¹li⁴

251 764 408 790 maeoniusque

225 792 244 809 vl
260 790 313 811 alins
329 798 340 811 «ι
357 792 410 811 iura·

224 819 293 837 ment„
301 818 410 837 atuotxmi-

223 844 246 864 ὼ
270 844 296 863 ad
313 844 409 865 ellectum

224 871 307 895 agendi.

247 1192 408 1213 commissione<

223 1225 336 1240 causarum
347 1225 408 1246 prae-

223 1246 343 1267 judicantes
377 1246 408 1266 ‹lt-

223 1275 270 1293 ctae
281 1274 407 1295 iurisdictio-

222 1305 243 1319 nt
263 1305 276 1320 a
290 1302 335 1322 solo
350 1301 408 1326 Papa

222 1329 288 1349 citato
299 1328 408 1353 archipre-

223 1355 407 1382 sbyterusiguatae

222 1383 300 1403 ult-ut.

246 2421 403 2442 Clausal-iebu-

219 2449 251 2468 ius
273 2449 404 2469 constituri.)-

219 2481 251 2494 nls
275 2481 402 2499 βῐᾶὓὲἓῐΐό-

219 2503 282 2522 tuae.

427 324 627 369 praedictum
647 324 695 357 vel
713 324 848 357 alterum
870 329 1011 357 vestrum
1038 324 1163 358 iudica-

428 385 492 412 tum
514 378 626 419 suerit,
647 378 847 421 exequendi3
871 378 1042 422 expensas⁴
1065 389 1163 422 quas-

426 441 564 474 cumque
583 431 710 464 taxandi
732 435 763 464 et
784 431 988 471 moderandi,

471 486 486 525 ξ
507 484 536 516 Ji.
562 485 605 517 Ac
626 484 657 516 in
678 484 780 518 causis
798 484 948 518 omnibus
979 490 1010 518 et
1034 484 1167 528 singulis

425 536 628 581 praemissis,
654 537 700 570 vel
722 548 832 571 earum
852 537 995 581 qualibet
1012 549 1067 572 seu
1087 549 1166 582 quo-

426 591 503 625 libet
522 591 795 635 praemissorum,
821 592 916 625 etiam
941 592 1075 635 singulis
1101 593 1167 626 die-

425 644 484 677 bus
510 650 540 677 et
568 644 678 685 horis,
703 650 929 689 praeterquam
950 645 982 678 in
1009 645 1165 679 bonorem

424 697 479 730 Dei
497 697 617 731 seriatis
629 725 636 738 ,
660 698 869 741 pi·ocedendi;

470 753 486 793 g
507 750 537 784 5.
561 751 691 784 Necnon
706 751 893 795 capitulum,
911 751 1094 792 canonicos,
1112 752 1165 786 be-

425 803 747 845 neficiatos,cle1·ieos
766 810 796 837 et
816 805 1022 848 cappellanos
1038 805 1165 849 praedi-

425 863 503 898 ctos,
520 869 576 891 seu
594 868 706 892 eorum
725 858 912 902 quemlibet,
933 870 951 892 a
968 859 1095 892 vinculo
1115 859 1164 892 iu-

425 911 562 944 ramenti
581 938 588 952 ,
617 911 655 944 ad
682 911 831 945 effectum
857 912 995 955 agendi,
1027 912 1165 956 ‘aliisque

425 964 568 998 censuris
589 971 619 998 et
639 965 763 1008 poenis,
787 971 946 1009 quatenus
972 966 1161 1009 oportuerit,

425 1018 630 1059 absolvendi3
652 1019 827 1063 omniaque
846 1025 877 1052 et
900 1019 1026 1062 singula
1042 1019 1103 1053 alia
1121 1020 1164 1053 sa-

425 1072 542 1113 ciendi,
566 1072 710 1115 gerendi,
733 1073 901 1107 exercendi
928 1073 960 1106 in
981 1074 1164 1118 praemissis

423 1127 616 1167 necessaria,
633 1138 688 1160 seu
707 1128 950 1171 quomodolibet
968 1134 1163 1172 opportuna,

469 1180 483 1223 ξ
510 1180 540 1212 t'».
574 1180 619 1213 Ac
646 1180 778 1224 insuper
799 1181 848 1223 (si
875 1181 906 1213 in
929 1181 1163 1225 praeiudicium

425 1233 635 1274 auctoritatis,
660 1233 901 1275 iurisdictionis,
925 1241 956 1268 et
978 1235 1164 1268 facultatum

423 1287 638 1330 praefatarum
655 1288 819 1330 contingat
833 1299 943 1322 causas
957 1289 1015 1322 sub
1034 1289 1166 1322 diversis

422 1340 640 1384 praetextibus
658 1351 674 1374 a
697 1347 741 1381 te,
760 1352 815 1374 seu
837 1341 922 1375 dicto
943 1342 1073 1384 vicario,
1093 1353 1166 1376 avo-

423 1394 500 1435 cari,
525 1404 561 1427 ae
579 1393 649 1427 aliis
671 1393 831 1428 iudicibus
855 1395 1029 1437 committi)
1055 1406 1167 1429 omnes

423 1453 686 1492 etquaseumque
701 1448 955 1491 commissiones,
971 1454 1033 1482 tam
1046 1449 1166 1492 gratiae

430 1512 527 1545 quam
555 1501 716 1543 iustitiae,
747 1502 900 1536 interesse
926 1502 1078 1536 ecclesiae
1108 1504 1165 1537 La-

424 1555 610 1595 teranensis,
625 1555 755 1599 capituli
778 1560 809 1589 et
826 1566 1038 1599 personarum
1056 1556 1166 1590 huius-

422 1608 508 1640 modi
530 1608 772 1651 quomodolibet
796 1615 1048 1650 concernentes,
1073 1610 1166 1644 aliter

422 1671 516 1704 quam
539 1671 636 1694 manu
655 1664 764 1695 nostra
789 1667 819 1695 et
843 1672 902 1706 pro
924 1668 1067 1707 tempore
1088 1664 1166 1697 exis-

422 1714 517 1748 tentis
534 1715 669 1748 Romani
688 1716 849 1749 Pontilicis
864 1717 906 1760 (te
928 1716 967 1749 ad
986 1717 1017 1750 id
1040 1718 1165 1759 vocato)

421 1768 570 1811 signatas,
595 1775 625 1801 et
650 1769 858 1803 inhibitiones
874 1781 983 1803 earum
999 1777 1165 1814 praetextu

421 1822 638 1863 emanandas,
672 1833 908 1867 processusque
945 1834 1003 1867 per
1035 1825 1163 1858 eosdem

421 1874 596 1917 habendos,
617 1882 648 1909 et
671 1876 745 1910 inde
769 1882 904 1920 sequuta
919 1888 1161 1922 quaecumque,

420 1928 540 1962 nullius
558 1929 685 1962 roboris
707 1930 754 1963 vel
776 1930 930 1963 momenti
950 1941 1029 1972 esse,
1047 1936 1088 1972 et,
1104 1932 1166 1965 illis

420 1993 485 2015 non
505 1983 716 2024 obstantibus,
740 1989 768 2016 te
795 1983 981 2028 dictumque
995 1985 1161 2026 vicarium,

420 2042 454 2069 ut
475 2037 513 2070 ad
540 2036 693 2070 ulteriora
718 2037 748 2069 in
771 2037 875 2071 causis
888 2038 1074 2072 huiusmodi
1089 2050 1163 2082 pro-

420 2090 534 2123 cedere
551 2090 653 2134 possis
665 2089 687 2131 ²,
704 2096 798 2135 atque
820 2091 858 2124 ad
878 2092 1059 2135 parendum
1074 2103 1164 2126 com-

420 2143 625 2177 missionibus
645 2144 840 2187 praedictis,
867 2155 1042 2190 earumque
1071 2157 1163 2190 prae-

419 2203 504 2231 textu
540 2197 696 2231 emanatis
731 2198 999 2239 inhibitionibus,
1032 2199 1164 2234 minime

419 2250 532 2291 teneri,
556 2261 603 2291 ac,
627 2251 668 2284 ob
690 2261 754 2284 non
780 2252 986 2295 paritionem,
1010 2263 1163 2287 censuras

418 2309 470 2337 aut
481 2314 600 2348 poenas
607 2304 1043 2347 aliquasmfflimeinerurere
1057 2317 1160 2350 posse,

418 2358 631 2391 declaramus:

463 2412 480 2454 g
496 2410 524 2444 7.
546 2412 757 2445 Deeernentes
775 2412 903 2445 easdem
920 2419 1106 2456 praesentes
1123 2415 1162 2448 ad

420 2464 464 2498 tui
484 2465 591 2506 vitam,
611 2477 667 2499 seu
687 2465 843 2509 quamdiu
865 2466 1162 2512 archipresbytera-

457 2556 466 2580 l
491 2553 561 2581 Edit.
578 2553 657 2581 Main.
675 2554 757 2581 habet
771 2562 893 2589 e-rpeusa
909 2555 946 2589 (a.
969 2556 1016 2589 r),

454 2600 470 2624 2
490 2598 610 2633 Syntaxis
626 2602 682 2626 est:
707 2601 732 2625 te
743 2597 852 2626 dictum
866 2599 1011 2627 Vinarz'tcm
1030 2600 1159 2628 declara-

420 2651 482 2669 mus
499 2646 527 2669 ιιι
543 2643 580 2669 ad
595 2643 738 2672 ulteriora
749 2643 779 2672 in
789 2644 882 2671 causis
890 2644 1043 2679 procedere
1056 2645 1159 2680 possis,

420 2690 504 2722 alque
516 2688 637 2717 minime
655 2689 748 2718 ceneri
763 2689 800 2717 ad
811 2689 987 2724 parendum,
1003 2692 1053 2717 etc.
1071 2689 1160 2725 (mr).

978 255 980 257 Ι
1003 277 1099 302 BELLA
1107 276 1182 301 mmt
1208 278 1360 303 ROMAMM

1201 330 1267 358 tum
1293 325 1479 361 huiusmodi
1508 327 1706 371 obtinueris,
1733 335 1797 364 tam
1824 331 1942 366 nostris

1201 389 1297 423 quam
1323 380 1544 413 Romanorum
1579 382 1772 416 Pontificum
1801 385 1938 428 praede-

1201 432 1384 466 cessorum¹
1403 438 1590 467 nostrorum
1619 435 1819 479 temporibus
1843 437 1940 471 dura-

1202 496 1254 526 re,
1278 496 1435 530 suamque
1457 487 1518 519 vim
1548 492 1580 521 et
1609 488 1735 522 roboris
1755 483 1941 524 firmitatem

1201 538 1358 581 obtinere,
1373 550 1432 574 nec
1450 541 1577 574 easdem
1595 547 1779 585 praesentes
1795 543 1854 578 sub
1872 544 1942 587 qui-

1200 591 1306 625 busvis
1326 592 1479 626 similium
1506 594 1554 627 vel
1584 593 1786 628 dissimilium
1807 595 1942 630 faculta-

1201 651 1267 678 tum
1288 651 1316 679 et
1334 646 1511 688 gratiarum
1537 648 1802 691 derogationibus
1816 675 1824 690 ,
1851 659 1942 683 revo-

1200 698 1392 739 cationibus,
1408 705 1462 732 aut
1475 699 1546 733 aliis
1566 700 1739 734 contrariis
1760 701 1942 745 dispositio-

1200 750 1313 791 nibus,
1340 761 1399 795 per
1423 763 1481 785 nos
1513 754 1559 787 vel
1585 754 1747 787 Romanos
1770 754 1942 789 Pontifices

1199 815 1399 838 successores
1417 811 1545 839 nostros
1558 807 1720 851 praefatos
1738 807 1834 841 etiam
1852 813 1943 842 motu

1199 857 1294 890 simili
1316 863 1346 892 et
1366 869 1401 892 ex
1422 863 1506 893 certa
1538 862 1647 893 nostra
1679 860 1812 894 seientia
1845 871 1882 895 ac
1902 862 1942 896 de

1199 911 1400 955 Apostolicae
1409 912 1574 956 potestatis
1584 912 1785 957 plenitudine
1799 914 1943 957 edendis,

1199 965 1442 1009 comprehendi,
1463 976 1522 999 nec
1538 977 1596 1010 per
1610 966 1851 1008 easimmuiari,
1872 979 1942 1002 sus-

1198 1018 1307 1061 pendi,
1324 1018 1467 1060 limitmi,
1489 1020 1661 1062 moderari,
1686 1026 1741 1054 aut
1772 1021 1813 1054 ad
1834 1021 1940 1055 termi-

1953 283 2004 312 An.
2020 283 2050 312 G.
2072 277 2157 314 16οΒ-

1198 1082 1257 1105 nos
1279 1072 1355 1106 iuris
1376 1072 1487 1106 reduci
1508 1083 1613 1117 posse,
1634 1075 1690 1108 sed
1711 1085 1764 1108 eas
1784 1071 1957 1119 perpetuo>

1199 1125 1318 1159 validas
1339 1131 1369 1159 et
1389 1125 1536 1160 efficaces
1556 1128 1635 1168 sore,
1653 1136 1711 1170 ac,
1735 1128 1863 1172 quoties
1883 1129 1943 1164 hu-

1201 1179 1338 1213 iusmodi
1360 1180 1522 1213 contraria
1543 1181 1749 1224 emanabunt,
1766 1183 1860 1216 toties
1873 1182 1942 1218 illas

1200 1233 1231 1266 in
1250 1233 1422 1276 pristinum
1441 1239 1472 1267 et
1492 1244 1577 1276 eum,
1595 1235 1627 1268 in
1645 1246 1709 1280 quo
1727 1241 1821 1280 antea
1841 1243 1941 1280 erant,

1200 1292 1316 1320 statum
1343 1287 1515 1328 restitutas,
1539 1294 1569 1321 et
1586 1288 1644 1322 sub
1666 1289 1837 1333 posteriori
1856 1290 1939 1332 daia,

1200 1350 1258 1384 per
1277 1346 1305 1373 te
1326 1351 1382 1374 seu
1404 1341 1526 1374 dictum
1544 1341 1706 1375 Vicarium
1727 1343 1887 1393 eligenda,
1900 1344 1943 1387 ,de

1201 1404 1284 1427 novo
1305 1404 1472 1428 concessas
1493 1396 1628 1437 censeri,
1652 1401 1682 1430 et
1700 1397 1856 1441 quiequid
1873 1397 1943 1432 illa-

1202 1460 1274 1481 rum
1296 1449 1406 1491 vigore
1431 1447 1508 1482 alias
1528 1449 1587 1483 rite
1608 1455 1731 1493 gestum
1746 1478 1753 1492 ‚
1773 1456 1950 1494 statutum,-

1202 1501 1333 1543 sactum,
1355 1503 1554 1544 mandatum,
1576 1503 1737 1537 indultum
1756 1511 1787 1538 et
1805 1515 1944 1549 exequu-

1203 1560 1269 1588 tum
1294 1555 1411 1596 suerit,
1434 1561 1624 1600 perpetuam
1656 1556 1719 1590 vim
1751 1563 1782 1591 et
1815 1558 1943 1593 roboris

1202 1609 1386 1642 firmitatem
1410 1609 1556 1643 obtinere
1573 1638 1579 1651 ,
1600 1621 1637 1643 ac
1657 1611 1696 1644 de
1723 1611 1943 1656 subreptionis

1202 1662 1288 1704 vitio,
1301 1674 1357 1696 seu
1372 1663 1557 1698 intentionis
1571 1671 1700 1698 nostrae
1726 1665 1773 1698 vel
1787 1666 1942 1710 quopiam

1201 1716 1264 1750 alio
1283 1717 1407 1750 delectu
1420 1718 1537 1759 notari,
1553 1718 1750 1762 impugnari,
1765 1720 1812 1753 vel
1826 1720 1866 1754 ad
1885 1725 1943 1754 ter-

1201 1770 1305 1804 minos
1323 1770 1411 1811 iuris,
1428 1782 1484 1804 seu
1498 1771 1529 1804 in
1551 1771 1600 1805 ius
1625 1772 1672 1805 vel
1690 1774 1942 1808 controversiam

1202 1824 1343 1858 revocari
1361 1835 1426 1858 non
1446 1835 1552 1868 posse,
1909 1833 1913 1837 ’

1245 1879 1261 1919 ξ
1282 1877 1312 1911 8.
1337 1877 1452 1922 Sicque
1472 1889 1529 1922 per
1549 1889 1773 1924 quoscumque
1797 1880 1920 1916 iudices
1934 1910 1941 1923 ,

1201 1936 1232 1964 et
1252 1941 1422 1964 causarum
1440 1932 1552 1965 Palatii
1573 1933 1749 1977 Apostolici
1766 1934 1939 1977 auditores,

1200 1995 1237 2018 ae
1256 1985 1285 2019 S.
1310 1986 1345 2019 R.
1370 1985 1403 2018 E.
1428 1985 1608 2020 cardinales
1626 1987 1763 2030 (sublata
1784 1988 1828 2022 eis
1846 1994 1876 2022 et
1890 1999 1943 2023 eo-

1201 2050 1272 2072 rum
1301 2039 1433 2073 cuilibet
1465 2040 1574 2083 quavis
1603 2041 1697 2074 aliter
1729 2041 1892 2076 iudicandi
1913 2049 1944 2077 et

1201 2093 1433 2137 interpretandi
1459 2094 1629 2137 facultate)
1650 2094 1681 2127 in
1711 2095 1821 2139 quavis
1847 2099 1942 2130 causa

1201 2152 1230 2179 et
1249 2146 1399 2180 instantia
1429 2146 1564 2180 iudicari
1586 2153 1616 2181 et
1636 2147 1770 2181 diffiniri
1799 2149 1938 2192 debere,

1200 2211 1326 2234 necnon
1348 2200 1474 2233 irritum
1501 2206 1530 2234 et
1554 2200 1667 2242 inane,
1688 2201 1713 2235 si
1734 2212 1825 2236 secus
1844 2213 1942 2248 super

1200 2253 1248 2287 his
1269 2265 1286 2286 a
1300 2264 1476 2298 quoquam,
1493 2254 1603 2298 quavis
1618 2255 1821 2296 auctoritate,
1838 2255 1940 2290 scien-

1201 2312 1248 2340 ter
1268 2307 1530 2350 velignoranter,
1548 2307 1718 2351 contigerit
1738 2309 1899 2342 attentari.

1244 2363 1260 2404 g
1281 2361 1311 2394 9.
1335 2361 1405 2394 Non
1426 2361 1626 2396 obstantibus
1655 2363 1940 2399 constitutionibus

1199 2421 1229 2447 et
1250 2414 1510 2448 ordinationibus
1531 2416 1726 2459 apostolicis,
1743 2427 1780 2450 ac
1793 2417 1939 2452 conciliis

1198 2467 1294 2501 etiam
1319 2468 1524 2510 generalibus
1549 2468 1662 2510 editis,
1692 2469 1772 2514 stylo
1803 2469 1936 2512 Palatii,

1199 2521 1309 2563 regula
1339 2521 1555 2555 Cancellariae
1583 2522 1786 2566 Apostolicae
1821 2522 1935 2567 prohi-

1198 2574 1313 2616 bente,
1339 2575 1489 2609 mandata
1514 2575 1704 2619 exequutiva
1733 2575 1811 2610 alias
1839 2587 1937 2621 quam

1234 2647 1242 2672 l
1265 2645 1312 2672 Vix
1336 2649 1489 2682 temperare
1514 2654 1624 2682 possum
1650 2647 1795 2684 quominus
1819 2647 1938 2676 scribam

1193 2697 1387 2718 successorum
1405 2691 1444 2725 (a.
1462 2690 1510 2726 τ.).

1967 2365 2082 2397 Dorogatio
2089 2365 2155 2388 eon-‘³
2208 2380 2210 2393 η,

1954 2395 2074 2414 tranomm.
2095 2400 2097 2402 ·

2142 3190 2179 3199 .....
