2227 3241
43 242 92 269 An.
113 239 143 267 C.
160 237 227 267 1603

59 1103 139 1128 Quibus
147 1103 172 1124 de
181 1108 230 1124 cau-

47 1131 76 1151 sis
86 1129 229 1152 tantummodo

46 1157 125 1179 licitum
147 1157 176 1178 sit
189 1156 229 1177 fra-

47 1183 113 1205 tribus
122 1183 151 1205 ad
159 1189 230 1204 mona-

47 1210 111 1231 steria
151 1210 230 1231 monia-

48 1237 96 1258 lium
107 1237 218 1258 accedere.

139 2445 242 2466 Mantalos

61 2473 172 2494 occasione
201 2473 242 2494 tiu-

62 2499 118 2520 iusce
125 2500 243 2521 transtatio-

61 2525 92 2546 nin
98 2526 203 2547 molestari
210 2533 244 2547 ne-

61 2555 140 2582 queunt
147 2552 173 2574 ab
183 2552 243 2575 Ordi-

63 2583 133 2601 natus.

867 237 1008 261 ctnitnxs
1029 237 1085 261 vni
1107 237 1157 261 pp,

240 286 409 321 dominicis
422 291 452 320 et
470 286 601 327 festivis;
618 290 649 320 et
662 285 694 319 in
709 285 928 325 monasteriis,
950 284 981 317 in
998 288 1000 291 “

240 341 358 385 quibus
388 341 494 375 minor
525 339 759 386 quinquaginta
790 339 981 372 monialium
998 340 999 354 ¹

239 404 396 429 numerus
410 394 532 436 existat,
557 394 653 428 missa
672 404 737 427 una
756 393 787 426 in
803 393 916 426 diebus
938 393 983 426 se-

241 448 350 490 riatis,
382 449 464 482 duae
492 458 567 482 vero
597 447 768 481 dominicis
789 453 819 480 et
847 446 978 487 festivis,

240 512 299 546 per
319 502 433 536 fratres
448 501 592 536 eiusdem
611 501 738 535 Ordinis
756 500 913 534 celebrari
929 500 983 533 de·
998 522 999 526 ,

241 555 357 597 beant;
384 555 526 600 reliquas
553 565 628 589 vero
649 554 761 588 missas
782 565 820 588 ex
838 554 979 598 disposi-

241 662 489 707 quomodolibet
516 662 759 702 incumbentes,
788 661 820 694 in
841 660 983 694 ecclesiis

242 715 377 750 fratrum
412 716 445 749 in
480 716 643 757 futurum,
667 714 835 759 perpetuis
867 715 984 748 futuris

244 770 455 814 temporibus,
468 769 626 813 assignata
637 775 669 803 et
682 769 811 810 tradita,
824 774 859 802 ut
871 779 980 813 supra,

242 822 319 868 ipsis
353 823 507 857 fratribus
539 823 647 857 debita
675 823 896 867 eleemosyna,
927 832 985 866 per

243 877 373 912 eosdem
395 877 553 911 celebrari
574 877 722 910 volumus
737 904 744 918 ‚
768 886 833 910 non
854 876 984 910 obstan-

244 932 327 966 tibus
348 937 547 973 testatorum,
565 931 741 974 legantium
761 937 815 965 aut
829 930 906 964 alias
920 931 984 965 dis-

245 1039 392 1074 effectum
413 1039 598 1084 specialiter
615 1044 864 1073 commutamus.

289 1095 306 1137 ξ
327 1092 357 1127 5.
381 1093 618 1138 Praecipientes
639 1093 851 1126 nibilominus
864 1092 985 1127 eisdem

246 1147 410 1188 fratribus,
433 1147 492 1181 sub
509 1147 698 1192 privationis
716 1147 801 1180 vocis
821 1146 943 1180 activae
958 1152 988 1180 et

245 1201 388 1246 passivae
396 1206 638 1246 perpetuaeque
652 1200 861 1234 inhabilitatis
873 1203 988 1245 poena,

245 1265 286 1288 ne
317 1255 356 1288 ad
378 1254 573 1289 monasteria
595 1254 785 1288 monialium
813 1256 984 1298 (praeter-
1004 1265 1005 1275 ¹

246 1319 343 1353 quam
364 1308 404 1342 ad
425 1309 635 1342 celebrandas
656 1308 768 1342 missas
793 1308 984 1353 praedictas,

246 1362 285 1396 de
302 1363 508 1407 superiorum
530 1363 671 1404 licentia,
696 1369 727 1397 et
746 1363 779 1396 in
810 1363 924 1396 diebus
945 1363 989 1395 se-

245 1416 419 1450 stivitatum
435 1417 706 1451 monasteriorum
725 1416 923 1457 huiusmodi,
940 1416 987 1449 vel

247 1474 392 1514 tempore
412 1470 607 1515 receptionis
628 1475 659 1504 et
679 1470 887 1514 professionis
901 1469 988 1503 novi-

247 1523 377 1565 tiarum,
401 1525 466 1558 sive
486 1525 592 1558 obitus
610 1524 745 1558 alicuius
763 1523 912 1557 monialis
929 1533 988 1567 pro

249 1578 360 1613 funere
378 1584 409 1612 et
425 1577 588 1620 officio,ut
602 1578 701 1612 moris
714 1584 771 1618 est,
788 1578 988 1622 peragendo)

248 1632 314 1666 ullo
336 1633 433 1667 modo
463 1638 494 1666 et
519 1632 578 1666 sub
611 1632 723 1677 quovis
751 1637 920 1676 praetextu
940 1631 987 1664 vel

249 1687 358 1721 colore
372 1687 525 1721 accedere
543 1687 693 1727 audeant,
710 1686 775 1720 sive
788 1691 985 1730 presumant,

248 1740 523 1785 prohibentesque
542 1740 690 1774 ministro
711 1740 854 1783 generali
872 1745 902 1773 et
919 1739 989 1773 aliis

249 1804 363 1828 eorum
392 1794 632 1839 superioribus,
666 1805 706 1827 ne
733 1793 921 1827 huiusmodi
946 1794 985 1825 li-

249 1847 370 1881 centias
390 1848 568 1882 concedere
594 1847 732 1892 possint,
755 1847 816 1880 nisi
844 1847 884 1880 ad
909 1847 986 1880 effe-

250 1907 336 1935 ctum
357 1902 558 1946 praedictum
574 1930 582 1943 ,
609 1907 640 1935 et
670 1902 701 1935 in
724 1901 863 1937 ‚caeteris
895 1901 989 1934 firmo

250 1961 436 1989 remanente
450 1956 580 1989 decreto
593 1955 853 1999 congregationis
863 1955 892 1989 S.
907 1955 942 1988 R.
953 1955 986 1987 E.

251 2008 462 2042 cardinalium
489 2020 585 2054 super
616 2008 759 2052 negociis
791 2008 988 2051 regularium

250 2062 466 2106 praepositae,
489 2073 553 2106 quo
567 2060 760 2107 prohibetur
774 2072 814 2095 ne
827 2062 991 2104 regulares

251 2117 404 2150 accedant
426 2117 466 2150 ad
487 2117 683 2151 monasteria
710 2116 899 2150 monialium
924 2115 991 2149 sine

250 2170 383 2215 speciali
403 2171 531 2205 licentia
552 2171 696 2205 eiusdem
718 2170 988 2213 congregationis,

252 2231 282 2258 et
302 2224 422 2258 eisdem
445 2225 540 2258 etiam
559 2225 781 2269 superioribus
803 2224 991 2257 mandantes

253 2289 305 2320 ne,
330 2279 370 2312 ad
396 2279 508 2313 missas
534 2279 744 2312 celebrandas
765 2285 793 2311 et
812 2278 873 2312 alia
898 2289 991 2322 prac-

254 2332 338 2366 dicta
355 2332 573 2377 adimplenda,
597 2332 656 2365 nisi
680 2334 794 2365 fratres
823 2337 991 2375 provectae

254 2386 367 2420 aetatis
388 2392 418 2420 et
437 2386 592 2430 probatae
613 2386 695 2419 vitae
713 2385 851 2418 mittant.

302 2441 318 2483 S
343 2439 373 2474 6.
401 2441 615 2474 Decernentcs
637 2439 830 2473 monasteria
864 2438 990 2471 monia-

258 2493 347 2534 lium,
382 2494 548 2538 praedicta
577 2493 746 2527 occasione
778 2491 994 2525 translationis

259 2545 443 2581 huiusmodi
466 2548 648 2589 missarum,
666 2558 723 2591 per
743 2547 889 2580 locorum
905 2545 995 2579 Ordi-

259 2600 377 2643 narios,
401 2607 455 2635 aut
475 2601 554 2636 alios
574 2611 807 2646 quoscumque,
833 2599 995 2634 molestari

259 2653 306 2687 vel
332 2655 511 2697 perturbari
532 2656 714 2690 nullatenus
736 2664 837 2698 posse.

1684 225 1727 259 59

1061 288 1076 327 ξ
1103 285 1132 318 7.
1160 285 1413 330 Praesentesque
1440 284 1582 325 litteraS,
1602 289 1633 318 et
1658 284 1691 317 in
1712 284 1757 318 eis

1016 344 1167 372 contenta
1201 350 1446 384 quaecumque,
1479 339 1569 373 nullo
1602 349 1757 383 umquam

1017 399 1163 437 tempore
1184 394 1223 427 de
1247 394 1465 438 subreptionis
1486 394 1532 427 rel
1559 393 1758 437 obreptionis

1017 446 1103 487 vitio,
1118 457 1175 480 seu
1189 447 1301 492 quovis
1315 448 1377 480 alio
1393 448 1519 481 defectu
1533 446 1636 480 notari
1650 456 1756 490 possm

1016 500 1126 544 sicque
1153 511 1211 544 per
1232 511 1454 545 quoscumque
1483 501 1605 535 iudices
1631 500 1761 534 ordina-

999 577 1000 594 ,
1017 553 1082 587 rios
1101 560 1130 587 et
1144 554 1319 597 delegatos,
1337 556 1432 589 ctiam
1455 566 1625 588 causarum
1647 553 1760 587 Palatii

242 609 383 643 tionibus
403 615 434 642 et
453 608 565 651 legatis
592 607 765 652 praedictis
788 607 1000 641 monialibus

1018 607 1193 651 Apostolici
1211 608 1385 649 auditores,
1400 609 1525 642 sublata
1539 609 1584 642 eis
1599 613 1629 641 et
1647 618 1761 641 eorum

1018 660 1150 694 cuilibet
1174 661 1286 704 quavis
1311 661 1403 695 aliter
1431 661 1595 694 iudicandi
1617 667 1648 694 et
1665 660 1763 694 inter-

1018 715 1166 759 pretandi
1188 715 1338 749 facultate
1353 721 1381 748 et
1396 716 1600 756 auctoritate,
1627 714 1763 748 iudicari

1019 774 1049 802 ct
1073 768 1201 802 definiri
1226 769 1344 803 debere
1360 797 1367 810 ,
1402 780 1439 802 ac
1467 769 1595 802 irritum
1617 775 1646 803 et
1667 768 1763 802 inane

1019 822 1175 867 quicquid
1200 833 1291 856 secus
1319 834 1417 867 super
1451 823 1499 856 liis
1529 834 1546 856 a
1571 832 1759 867 quoquam,

1019 877 1132 921 quavis
1167 877 1380 917 auctoritate,
1420 876 1559 910 scienter
1588 877 1635 910 vel
1665 876 1760 918 igno-

1001 936 1140 974 ‚rantetg
1165 930 1335 973 contigerit
1356 931 1519 964 attentari.

243 986 433 1031 ponentium
465 985 702 1027 voluntatibus,
730 995 810 1029 quas
835 985 875 1018 ad
900 985 1003 1024 hunc1

1065 986 1080 1029 ἓ
1100 984 1130 1018 8.
1159 983 1316 1024 Quocirca
1336 985 1462 1018 dilectis
1479 984 1551 1017 filiis
1566 984 1674 1018 euriae
1690 995 1764 1017 cau-

1002 1049 1129 1073 ¹sarum
1150 1038 1301 1072 Gamerae
1322 1038 1525 1082 Apostolicae
1546 1038 1688 1080 generali
1710 1048 1764 1070 au-

1021 1092 1131 1132 ditori,
1167 1103 1203 1125 ac
1230 1092 1376 1125 locorum
1398 1091 1576 1125 Ordinariis
1594 1102 1651 1135 per
1671 1102 1764 1135 prac-

1021 1152 1127 1180 sentes
1140 1145 1283 1179 districte
1297 1145 1516 1190 praecipimus
1530 1152 1560 1179 et
1574 1145 1766 1178 mandamus

1021 1206 1054 1234 ut
1077 1200 1148 1244 ipsi,
1166 1200 1212 1233 vel
1228 1200 1309 1233 alter
1323 1210 1435 1233 eorum
1450 1211 1509 1244 per
1521 1210 1566 1241 se,
1584 1200 1630 1233 vel
1651 1199 1762 1237 alium,

1021 1265 1078 1288 seu
1099 1254 1189 1295 alios,
1213 1253 1268 1287 ubi
1289 1260 1320 1287 et
1345 1254 1477 1297 quando
1499 1264 1579 1297 opus
1601 1253 1712 1293 suerit,
1736 1259 1767 1285 et

1022 1307 1148 1352 quoties
1173 1318 1232 1351 pro
1261 1313 1352 1351 parte
1381 1308 1543 1341 dictorum
1566 1307 1699 1340 fratrum
1717 1307 1766 1339 vel

1022 1361 1159 1395 alicuius
1173 1371 1285 1394 eorum
1301 1361 1419 1394 suerint
1438 1360 1597 1405 requisiti,
1614 1369 1768 1404 praesen-

1024 1422 1069 1449 tes
1082 1416 1206 1449 litteras
1225 1421 1255 1449 et
1275 1416 1305 1448 in
1321 1415 1365 1449 eis
1378 1421 1530 1449 contenta
1542 1424 1768 1459 quaecumque

1022 1469 1211 1503 solemniter
1241 1469 1455 1513 publicantes,
1480 1469 1590 1513 eisque
1612 1469 1643 1501 in
1668 1478 1766 1512 prac-

1024 1523 1128 1557 missis
1149 1523 1291 1556 efficacis
1318 1523 1516 1556 defensionis
1536 1522 1698 1566 praesidio
1719 1532 1769 1555 as-

1022 1577 1181 1619 sistentes,
1206 1577 1324 1611 faciant
1352 1576 1543 1610 auctoritate
1568 1578 1679 1610 nostr-31
1700 1586 1768 1609 eos-

1024 1632 1096 1665 dem
1126 1631 1239 1664 fratres
1269 1630 1525 1674 praemissorum
1557 1629 1705 1663 omnium
1738 1634 1769 1662 et

1023 1685 1228 1728 singulorum
1247 1684 1363 1718 effectu
1381 1683 1516 1727 pacifice
1537 1683 1599 1716 frui
1630 1689 1660 1716 et
1691 1693 1768 1726 gau-

1024 1740 1111 1779 dere,
1144 1749 1210 1773 non
1242 1738 1466 1782 permittentes
1498 1747 1552 1770 eos
1586 1737 1725 1780 desuper
1750 1747 1767 1769 a

1774 234 1823 262 An.
1841 233 1872 262 C.
1890 233 1957 262 1603

1799 296 1919 318 clausulae.

1819 992 1965 1015 qunntjtes

1779 1019 1851 1045 ‹lt-sign
1858 1022 1890 1039 111v

1024 1803 1189 1836 quoquam
1215 1792 1325 1836 quavis
1358 1791 1549 1825 auctoritate
1585 1790 1768 1834 quomodo·
1791 1804 1794 1807 ’

1024 1847 1101 1880 libet
1126 1845 1269 1880 indebite
1300 1845 1485 1879 molestari:
1516 1843 1768 1878 contradictores

1025 1910 1248 1945 quoscumque
1265 1909 1323 1944 per
1348 1909 1501 1932 censuras
1521 1904 1551 1932 et
1572 1908 1693 1943 poenas
1711 1908 1766 1931 ec-

1026 1954 1242 1993 clesiasticas,
1271 1953 1399 1997 aliaque
1426 1958 1609 1996 opportuna
1631 1951 1708 1985 iuris
1740 1957 1767 1983 et

1026 2007 1097 2040 facti
1117 2007 1262 2040 remedia
1276 2034 1283 2048 ,
1314 2006 1533 2050 appellatione
1565 2005 1766 2050 postposita,

1026 2061 1275 2105 obtupescendo,
1305 2060 1451 2093 invocato
1477 2059 1573 2093 etiam
1595 2060 1635 2104 ad
1655 2058 1727 2097 hoc,
1744 2058 1768 2089 si

1025 2126 1106 2159 opus
1124 2115 1230 2155 fuerit,
1254 2114 1373 2148 auxilio
1394 2113 1518 2146 brachii
1536 2112 1721 2146 saecularis.

1071 2171 1087 2212 ξ
1113 2168 1143 2201 9.
1172 2169 1241 2202 Non
1259 2168 1463 2202 obstantibus
1486 2165 1769 2199 constitutionibus

1027 2228 1057 2256 et
1077 2221 1402 2256 determinationiluts
1422 2219 1618 2264 apostolicis,
1640 2225 1670 2252 et
1690 2229 1769 2262 quo-

1028 2276 1147 2309 rumvis
1165 2275 1435 2310 monasteriorum
1451 2274 1649 2313 huiusmodi,
1673 2273 1768 2306 ctiam

1029 2331 1221 2371 iuramento,
1246 2330 1495 2363 confirmatione
1517 2328 1704 2373 apostolis-2⁸1,
1721 2327 1768 2359 vel

1028 2384 1138 2429 quavis
1159 2384 1311 2418 firmitate
1326 2384 1386 2417 alia
1408 2383 1579 2421 roboratis,
1596 2380 1722 2414 statutis
1741 2386 1770 2413 et

1028 2438 1326 2479 consuetudinibus,
1358 2437 1533 2482 privilegiis
1554 2446 1699 2480 quoque,
1724 2435 1769 2467 in-

1029 2492 1125 2525 dultis
1150 2498 1179 2525 et
1205 2491 1318 2525 litteris
1338 2490 1535 2535 apostolicis,
1557 2489 1677 2522 eisdem
1700 2498 1770 2522 mo-

1029 2546 1188 2585 nasteriis,
1213 2552 1243 2579 et
1265 2546 1394 2578 illorum
1410 2544 1582 2577 Ordinibus
1598 2543 1628 2575 in
1643 2548 1770 2575 contra-

1031 2598 1114 2631 rium
1139 2598 1393 2643 praemissorum
1419 2595 1665 2641 quomodolibet
1688 2605 1767 2628 con-

1031 2652 1137 2694 cessis,
1161 2653 1359 2687 confirmatis
1378 2657 1407 2684 ct
1429 2649 1626 2695 approbatis.
1651 2649 1771 2688 Quibus

1836 2169 1969 2189 tttxztaimum

1785 2195 1902 2221 derogatum
