2227 3241
249 280 300 306 An.
315 279 341 305 tx.
367 278 434 306 moa
479 269 521 302 92

446 327 559 359 sedulo
573 325 666 358 nobis
686 323 897 357 insistendum
911 350 918 363 ,
943 329 989 362 et,
1012 328 1046 355 ut
1066 328 1187 366 quanto

447 379 540 412 citius
560 378 758 423 perficiatur,
776 377 932 410 indefesso
955 376 1061 409 studio
1075 375 1184 409 elabo-

446 433 594 471 randum,
613 431 723 474 illique
738 431 776 463 de
792 430 985 474 opportunis
998 429 1183 463 reddituum

446 492 475 517 et
503 489 716 528 proventuum
740 493 923 516 annuorum
938 482 1100 524 subsidiis,
1114 483 1185 526 qui-

447 538 504 570 hus
519 538 585 571 cius
599 536 787 581 quotidiana
801 547 899 570 onera
913 536 1035 570 facilius
1049 536 1182 580 perferri

446 591 578 635 possint,
592 590 825 634 providendum
840 601 908 624 esse
921 590 1181 629 existimavimus3

449 644 751 685 sore‚conf1dentes,
766 644 868 688 utqui
882 644 974 677 nobis
989 643 1020 676 in
1035 653 1072 677 eo
1086 644 1186 677 susci—

446 698 565 741 piendo
579 697 866 741 promovendoque
884 702 996 730 auctor
1014 698 1184 740 fautorque

448 751 559 792 extitit,
576 751 661 784 idem
680 751 711 783 in
727 761 764 784 eo
779 751 977 794 perficiendo
998 761 1186 784 conservan-

448 805 555 848 doque
576 804 735 848 propitius
753 805 881 838 adiutor
902 815 970 838 esse
990 805 1115 837 debeat.

493 860 510 900 ξ
530 858 560 890 ⁶2.
584 858 647 891 Nos
664 857 761 900 igitur
781 857 856 902 (qui
879 857 1001 890 (ludum
1024 857 1107 890 inter
1124 856 1186 890 alia

249 902 253 913 ¹
280 902 305 914 '¹¹'
315 903 323 910 i
343 901 352 913 ⁹
362 900 390 913 “
406 903 433 943 ’·’,
448 911 618 952 voluimus,
632 911 801 944 statuimus
815 916 844 944 et
857 910 1087 951 ordinavimus,
1099 910 1185 954 quod

368 953 431 1019 ‘21'2'22‘
448 974 577 1008 semper
593 964 624 996 in
639 964 814 997 unionibus
835 963 1019 997 commissio
1040 963 1131 996 fieret
1147 963 1185 996 ad

398 1015 402 1023 '
448 1023 574 1062 partes,
598 1017 718 1051 vocatis
743 1027 880 1061 quorum
908 1017 1096 1059 interesset)
1118 1027 1186 1049 orn-

447 1071 537 1104 nium
560 1076 591 1104 et
607 1070 808 1113 singulorum
831 1070 1122 1113 chirographorum
1141 1070 1188 1102 in-

447 1129 701 1157 strumentorum
716 1123 969 1168 praedictorum,
986 1133 1022 1156 ac
1036 1134 1188 1167 quarum-

447 1187 587 1220 cumque
604 1176 785 1210 litterarum
798 1176 846 1209 vel
865 1176 1001 1209 aliarum
1015 1176 1188 1220 scriptura-

447 1240 519 1262 rum
543 1240 641 1274 super
660 1229 844 1273 praemissis
865 1235 895 1262 et
912 1239 1022 1262 earum
1040 1229 1184 1271 singulis,

447 1283 577 1326 publice
596 1283 644 1315 vel
658 1282 818 1326 privatim,
841 1287 896 1315 aut
914 1282 991 1315 alias
1009 1282 1189 1326 quomodo-

449 1337 526 1369 libet
546 1337 764 1370 consectarum
785 1342 816 1369 et
837 1341 1056 1369 emanatarum
1069 1363 1079 1377 ,
1102 1346 1139 1369 ac
1156 1336 1188 1369 in

449 1390 494 1422 eis
508 1395 734 1424 contentorum
754 1395 784 1423 et
798 1389 871 1423 inde
884 1395 1094 1433 sequutorum
1110 1401 1190 1434 quo-

449 1454 665 1488 rumcumque
678 1449 818 1484 tenores,
830 1454 866 1476 ac
879 1443 988 1487 palatii
1003 1443 1187 1477 huiusmodi

449 1496 590 1530 veriores
610 1497 810 1537 situationes,
834 1497 994 1536 confines,
1018 1497 1185 1537 vocabula,

450 1550 743 1591 denominationes,
764 1550 932 1594 qualitates
946 1577 953 1590 ,
978 1550 1189 1584 circumstan-

450 1603 528 1643 tias,
553 1604 759 1648 quantitates,
777 1608 808 1636 et
827 1614 918 1637 veros
944 1603 1039 1636 etiam
1064 1614 1189 1637 annuos

450 1658 574 1691 valores
587 1657 811 1702 praesentibus
824 1668 884 1701 pro
898 1658 1053 1701 expressis
1065 1657 1187 1691 haben-

450 1717 507 1753 tes,
529 1712 718 1745 donationes
732 1711 913 1755 praedictas
927 1716 955 1744 et
977 1711 1189 1745 instrumenta

450 1765 742 1809 desuperconsecta
756 1770 787 1798 et
799 1765 909 1798 omnia
920 1764 952 1797 in
967 1765 1012 1798 cis
1026 1770 1185 1807 contenta,

450 1825 608 1862 perpetuo
633 1818 849 1862 approbantes
874 1824 905 1851 et
935 1818 1185 1860 confirmantes,

449 1877 593 1916 rataque,
602 1877 691 1914 grata
704 1877 735 1905 et
747 1877 877 1915 accepta
891 1871 1105 1913 habentes,et,
1115 1883 1190 1916 qua-

451 1930 543 1959 tenus
563 1935 644 1969 opus
661 1925 712 1965 sit,
733 1925 931 1966 innovantes,
953 1935 1064 1958 omnes
1082 1930 1113 1958 et
1126 1926 1190 1958 sin-

450 1979 543 2021 gulos
557 1979 635 2012 iuris
649 1979 762 2012 etfacit
776 1989 813 2012 ac
826 1979 1077 2017 solemnitatum,
1088 1990 1187 2023 quan-

451 2032 567 2065 tumvis
587 2031 859 2073 substantialium,
874 2032 1018 2075 aliosque
1033 2032 1185 2074 defectus,

451 2086 475 2118 si
501 2085 556 2129 qui
583 2084 814 2118 intervenerint
839 2085 871 2117 in
897 2085 1016 2118 eisdem
1044 2085 1188 2129 (etiamsi

451 2139 535 2173 tales.
545 2138 609 2171 sint
624 2138 670 2171 vel
693 2137 821 2178 suerint,
842 2138 897 2181 qui
912 2137 943 2170 in
964 2138 1106 2180 generali
1125 2149 1190 2172 ser-

450 2202 546 2226 mone
566 2202 631 2226 non
653 2191 982 2235 comprehendantur,
1000 2192 1055 2224 sed
1069 2195 1143 2225 nota
1160 2198 1190 2226 et

450 2245 664 2290 explicatione
684 2244 814 2288 speciali
835 2244 1020 2287 indigeant)
1038 2246 1190 2289 supplen-

449 2305 506 2340 tes,
530 2309 566 2332 ac
583 2299 760 2341 singulares
785 2309 938 2342 personas
955 2299 1186 2341 Congregatio-

448 2352 498 2385 nis
516 2351 699 2385 huiusmodi
715 2362 732 2384 a
746 2351 911 2395 quibusvis
932 2352 1190 2384 excommunica-

450 2405 556 2447 tionis,
573 2404 794 2449 suspensionis
814 2410 845 2437 et
865 2404 1038 2445 interdicti,
1055 2405 1189 2449 aliisque

450 2459 672 2493 ecclesiasticis
693 2458 869 2499 sententiiS,
893 2458 1036 2492 censuris
1056 2464 1087 2492 et
1106 2470 1186 2502 poe-

450 2513 510 2553 nis,
520 2523 538 2546 a
552 2513 621 2546 iure
632 2512 679 2545 vel
694 2512 733 2545 ab
746 2511 889 2553 homine,
901 2511 1011 2556 quavis
1021 2512 1190 2546 occasione

451 2566 499 2599 vel
521 2568 615 2599 rausa
640 2565 711 2599 latis
726 2593 733 2606 ,
756 2565 782 2598 si
804 2564 921 2608 quibus
946 2565 1191 2608 quomodolibet

453 2619 625 2652 innodatae
645 2618 798 2660 existunt,
816 2618 855 2651 ad
871 2617 1018 2651 effectum
1040 2628 1190 2661 praesen-

453 2672 530 2704 tium
563 2674 724 2706 dumtaxat
759 2672 1021 2715 consequendum
1039 2699 1045 2711 ,
1074 2673 1186 2705 harum

1028 274 1211 299 BULLARIUM
1230 274 1383 300 ROMANUM

1221 323 1304 355 serie
1326 322 1527 355 absolventes
1552 327 1582 355 et
1605 321 1769 354 absolutos
1793 321 1860 354 fore
1881 330 1958 354 cen-

1221 381 1348 416 sentes,
1374 380 1461 408 motu
1487 374 1620 418 proprio
1636 402 1644 416 ,
1671 384 1736 407 non
1761 374 1801 407 ad
1826 373 1962 407 alicuius

1221 428 1360 472 desuper
1379 427 1472 460 nohis
1495 427 1623 460 oblatae
1647 426 1812 470 petitionis
1838 426 1961 459 instan-

1221 482 1309 522 tiam,
1334 482 1387 515 sed
1410 481 1449 514 de
1470 483 1556 514 certa
1577 480 1710 514 scientia
1731 483 1887 525 meraque
1908 480 1962 514 de-

1221 535 1411 568 liberatione
1426 534 1554 575 nostris,
1575 544 1612 567 ac
1632 534 1671 567 de
1691 534 1886 578 apostolicae
1905 543 1964 578 po-

1221 589 1339 622 testatis
1350 588 1561 632 plenitudine,
1573 587 1604 621 in
1619 588 1753 622 aedibus
1766 587 1841 621 dicti
1852 586 1962 631 palatii

1220 653 1320 676 unum
1353 641 1544 684 Collegium,
1574 641 1808 676 Clementinum
1838 651 1964 675 nuncu-

1219 697 1373 741 pandum,
1385 705 1456 729 cum
1471 695 1604 739 capella,
1615 695 1767 736 oratorio,
1777 695 1960 736 refectorio,

1220 752 1330 784 mensa
1352 749 1528 790 communi,
1544 748 1662 792 sigillo,
1681 748 1890 789 bibliotheca,
1911 758 1962 782 ar-

1221 804 1337 844 chivio,
1357 803 1557 847 caeterisque
1575 801 1798 845 collegialibus
1816 801 1963 844 insigniis

1221 868 1258 891 ac
1282 856 1436 890 membris
1466 862 1497 889 et
1521 855 1660 889 officinis
1687 854 1878 889 necessariis
1902 865 1962 899 pro

1222 911 1384 954 perpetuis
1405 909 1608 953 receptione,
1628 919 1688 942 usu
1712 914 1743 942 et
1761 908 1962 941 habitatione

1222 973 1506 1007 quorumcumque
1523 972 1700 1006 puerorum
1722 967 1753 995 et
1773 961 1961 995 adolescen-

1224 1017 1301 1050 tium
1316 1017 1492 1058 nobilium,
1503 1027 1559 1050 seu
1577 1017 1617 1050 de
1633 1016 1734 1049 nobili
1749 1025 1866 1059 genere
1885 1025 1962 1059 pro-

1224 1076 1419 1111 creatorum,
1443 1075 1507 1103 tam
1526 1080 1561 1103 ex
1582 1070 1667 1103 Urbe
1692 1075 1723 1102 et
1747 1071 1813 1102 tota
1836 1067 1962 1112 reliqua

1223 1123 1311 1157 Italia
1326 1151 1333 1164 ‚
1361 1134 1457 1168 quam
1483 1134 1519 1157 ex
1544 1123 1678 1157 caeteris
1702 1121 1963 1167 quibuscumque

1224 1176 1388 1209 christiani
1414 1176 1502 1210 orbis
1527 1176 1714 1219 regionibus
1738 1181 1769 1209 et
1787 1174 1963 1220 provinciis

1224 1229 1451 1271 oriundorum,
1468 1230 1546 1262 inibi
1564 1229 1704 1274 propriis
1724 1239 1837 1262 eorum
1851 1238 1965 1273 expen-

1224 1284 1277 1324 sis,
1292 1284 1396 1317 soluta
1414 1284 1559 1328 quolibet
1578 1294 1688 1317 mense
1705 1288 1777 1317 octo
1798 1287 1962 1317 scutorum

1224 1343 1278 1370 aut
1298 1337 1406 1381 aliqua
1426 1337 1487 1370 alia
1507 1347 1568 1381 pro
1597 1347 1706 1370 rerum
1729 1342 1759 1370 et
1780 1341 1963 1381 temporum

1224 1391 1378 1434 qualitate
1406 1390 1600 1434 competenti
1621 1390 1787 1435 pensione,
1818 1390 1961 1423 educan-

1224 1445 1339 1478 dorum
1354 1472 1361 1485 ,
1390 1445 1448 1478 sub
1474 1444 1638 1488 perpetuis
1663 1446 1739 1477 cura
1753 1471 1760 1485 ‚
1782 1443 1960 1487 disciplina,

1223 1498 1380 1540 gubernio
1394 1503 1425 1531 et
1438 1497 1716 1531 administratione
1729 1497 1889 1531 dictorum
1901 1495 1965 1531 Cle-

1223 1551 1377 1592 ricorum,
1399 1557 1427 1584 et
1447 1551 1583 1584 aliorum
1602 1560 1884 1595 quorumcumque
1896 1559 1964 1583 sae-

1223 1605 1379 1638 cularium
1393 1605 1439 1638 vel
1456 1605 1663 1648 regularium,
1677 1615 1735 1648 per
1747 1609 1962 1648 protectorem

1224 1658 1322 1702 ipsius
1336 1658 1462 1701 collegii
1473 1669 1533 1702 pro
1544 1664 1689 1702 tempore
1704 1658 1890 1691 existentem
1904 1667 1964 1702 pro

1224 1712 1327 1746 libero
1348 1717 1379 1746 et
1396 1712 1542 1745 absoluto
1563 1712 1662 1756 ipsius
1682 1711 1854 1745 voluntatis
1871 1711 1961 1745 arbi-

1224 1766 1286 1798 trio
1302 1766 1528 1809 ponendorum
1551 1771 1582 1799 et
1611 1765 1885 1806 amovendorum,
1908 1764 1963 1808 qui

1224 1819 1408 1861 collegiales
1429 1818 1573 1852 eiusdem
1588 1819 1714 1862 collegii
1729 1829 1793 1851 non
1807 1818 1910 1852 solum
1930 1817 1963 1850 in

1224 1872 1317 1905 bonis
1331 1872 1477 1906 moribus
1490 1878 1521 1905 et
1536 1872 1662 1916 pietatis
1683 1872 1876 1905 christianae
1896 1876 1962 1905 stu-

1224 1925 1284 1959 diis
1305 1926 1476 1966 insu-uere,
1500 1926 1554 1959 sed
1580 1926 1676 1959 etiam
1702 1925 1960 1968 grammaticam,

1224 1979 1438 2020 rethoricam,
1464 1979 1613 2022 logicam,
1634 1979 1798 2024 physicam
1821 1979 1964 2024 aliasque

1224 2032 1431 2065 humaniores
1445 2038 1475 2066 et
1486 2032 1636 2066 liberales
1650 2032 1835 2076 disciplinas
1847 2034 1964 2067 docere

1224 2086 1361 2119 debeant
1387 2092 1416 2119 et
1442 2091 1621 2127 teneantur,
1650 2086 1735 2119 dicta
1759 2087 1960 2129 auctoritate,

1226 2145 1336 2173 tenore
1360 2140 1599 2184 praesentium,
1627 2145 1784 2184 perpetuo
1809 2140 1964 2184 erigimus

1224 2198 1254 2225 et
1271 2192 1486 2234 instituimus3
1507 2193 1619 2238 illique
1639 2193 1684 2226 sic
1698 2198 1805 2227 erecto
1825 2199 1857 2227 et
1876 2193 1964 2227 insti-

1226 2251 1304 2286 tuto,
1315 2256 1374 2290 pro
1386 2246 1550 2290 perpetuis
1563 2246 1705 2280 eiusdem
1720 2246 1846 2289 collegii
1860 2252 1964 2280 recto-

1225 2299 1267 2331 ris
1288 2304 1318 2332 et
1339 2300 1555 2342 collegialium
1580 2310 1712 2333 suorum
1737 2310 1797 2344 pro
1818 2304 1963 2343 tempore

1224 2352 1427 2385 existentium
1443 2353 1627 2394 residentia,
1643 2364 1700 2386 usu
1711 2352 1960 2394 ethabitatione,

1224 2405 1344 2438 dictum
1366 2406 1520 2450 palatium
1541 2416 1614 2440 cum
1633 2406 1782 2439 omnihus
1803 2411 1834 2440 et
1852 2406 1962 2449 singu-

1224 2458 1262 2491 lis
1275 2458 1360 2492 illius
1371 2459 1537 2500 aedificiis,
1551 2459 1730 2501 structuris,
1742 2459 1815 2500 situ,
1829 2459 1962 2500 ambitu,

1224 2511 1359 2553 iuribus,
1382 2512 1585 2556 pertinentiis
1602 2518 1633 2546 et
1650 2513 1872 2557 dependentiis
1892 2512 1963 2557 qui-

1223 2565 1436 2609 buscumque,
1455 2566 1539 2599 ultra
1553 2566 1641 2600 mille
1659 2571 1750 2600 scuta
1766 2567 1806 2600 ad
1827 2566 1963 2610 emptio-

1224 2629 1297 2651 nem
1318 2619 1589 2663 suppellectilium
1607 2630 1625 2652 a
1645 2619 1749 2661 nobis,
1765 2624 1801 2653 ut
1820 2620 1963 2664 praeser-

1224 2679 1286 2712 tur,
1310 2674 1439 2713 donata,
1455 2684 1509 2707 seu
1524 2673 1592 2717 ipsa
1606 2673 1885 2717 suppellectilia‘et
1899 2673 1961 2707 alia

1982 271 2032 298 An.
2045 270 2075 298 C.
2096 267 2162 299 teob
2194 246 2198 254 ι

2005 1502 2029 1523 ΕΙ
2038 1501 2125 1523 Clericin
2135 1500 2174 1530 de».

1979 1529 2096 1559 δραι-350113
2106 1533 2161 1549 com·
2204 1539 2205 1542 =

1979 1558 2048 1581 mittit,
