2227 3241
56 241 72 256 ⁰
115 233 206 264 A'n.C.
233 233 303 263 1603

152 829 195 850 Nec
206 828 303 855 compelli

118 861 180 886 posse
188 856 214 876 nd
220 861 304 882 procos-

119 888 196 904 mones.

152 1257 272 1277 (lintistino,

152 1786 244 1814 Deputat
262 1793 309 1809 exe·

125 1817 233 1841 quulot·es.

925 232 1071 257 CLEMENS
1095 232 1153 273 VIII
1178 233 1228 257 PP-

316 293 411 317 cursu
437 282 601 328 temporis,
633 287 688 317 aut
712 281 773 316 alio
798 280 1062 326 praescriptionis

315 337 424 379 modo,
440 338 546 371 locum
560 342 590 371 et
601 335 885 381 praeeminentiam
901 339 955 368 aut
967 334 1060 368 aliani

314 390 570 436 praerogativam
588 389 700 424 Ordini
718 389 961 424 Cat-melitarum
975 398 1060 422 com-

315 450 477 487 petentem
497 443 652 489 perdere,
679 444 712 476 in
733 448 800 476 toto
826 452 887 476 nec
907 442 939 474 in
960 447 1061 486 parte,

315 507 421 541 neque
448 507 590 541 unquam
616 497 648 530 in
677 495 813 530 dubium
839 495 999 536 revocari,
1019 494 1062 527 ita

316 557 351 585 ut
375 551 520 596 quoties,
552 561 634 595 quae
657 561 714 594 per
734 549 950 583 humilitatem
971 558 1062 592 prae-

317 605 510 645 termittunt,
532 604 573 638 ob
590 603 729 637 iustitiae
753 602 899 637 ordinem
918 608 1062 646 repetere

316 657 496 698 voluerint,
521 657 651 701 propria
674 655 865 690 auctoritate
884 655 1006 699 possint
1032 660 1060 688 et

317 712 454 753 valeant,
477 711 667 745 auctoritate
691 715 722 744 et
745 715 857 744 tenore
877 709 1061 754 praedictis,

318 770 473 809 perpetuo
483 764 816 804 statuimus,volumus
827 769 857 797 et
866 763 1062 797 ordinamus.

363 819 378 862 ἓ
401 818 435 851 4.
457 819 620 852 Praeterea
644 818 715 851 illos
745 817 834 861 (licet
855 816 896 851 ob
914 816 1064 850 aedifica-

318 873 438 906 tionem
453 872 609 913 fidelium,
624 872 761 906 maxime
778 872 902 906 noviter
915 871 954 904 ad
969 870 1063 903 fidem

320 926 534 970 venientium,
558 926 705 971 propriae
722 925 821 970 quimi
840 924 1001 966 cedentes,
1025 924 1063 957 ad

320 981 537 1025 processiones
555 985 619 1014 tam
638 980 776 1024 privatas
791 990 886 1024 quam
902 978 1065 1023 generales

321 1033 455 1067 exierint
471 1034 520 1068 vel
533 1040 657 1074 exeant,
673 1044 745 1067 euin
763 1034 795 1066 in
813 1032 964 1067 strictiori
980 1032 1066 1066 clau-

321 1089 394 1121 sura
407 1094 573 1132 perpetuo,
589 1088 674 1122 iuxta
688 1087 843 1131 regulam,
860 1097 956 1130 quain
971 1086 1066 1131 profi-

323 1147 430 1175 tentur
450 1141 583 1186 degant)
605 1142 643 1175 ad
663 1141 883 1185 processiones
901 1140 1066 1184 generales

323 1195 470 1239 compelli
491 1205 669 1239 numquam
692 1205 797 1238 posse.

367 1247 433 1291 ξῦ.
465 1248 581 1292 Sicque
612 1258 669 1292 per
696 1258 921 1292 quoscumque
946 1247 1068 1281 iudices

323 1301 502 1335 ordinarios
527 1308 558 1335 et
582 1301 757 1345 delegatos,
778 1301 873 1334 etiam
899 1311 1066 1334 causarum

324 1353 436 1387 Palatii
459 1354 631 1397 Apostolici
649 1354 824 1394 auditores,
839 1354 965 1387 sublata
980 1353 1024 1387 eis
1038 1359 1069 1387 et

322 1417 432 1440 eorum
459 1407 591 1441 cuilibet
615 1408 726 1450 quavis
748 1407 839 1440 aliter
857 1407 1020 1440 iudicandi
1039 1412 1069 1440 et

321 1459 551 1503 interpretandi
571 1460 721 1493 facultate
743 1465 775 1492 et
792 1459 994 1500 auctoritate,
1020 1459 1068 1492 iu-

322 1512 422 1546 dicari
450 1519 482 1547 ot
508 1512 634 1546 definiri
659 1511 794 1553 debere,
828 1523 864 1546 ac
892 1512 1017 1545 irritum
1037 1518 1068 1545 et

322 1566 417 1600 inane
444 1566 601 1610 quidquid
631 1576 724 1600 secus
752 1576 848 1610 super
875 1566 925 1599 his
946 1576 963 1599 a
986 1576 1067 1610 quo-

323 1631 419 1665 quam
436 1648 443 1662 ,
475 1619 588 1664 quavis
615 1620 806 1655 auctoritate
821 1649 828 1662 ,
859 1620 1002 1654 scienter
1022 1619 1068 1653 vel

323 1673 508 1718 ignoranter
520 1701 527 1714 ,
549 1674 720 1718 contigerit
737 1674 898 1716 attentari,
924 1673 1068 1708 decerni-

324 1738 407 1761 mus.

368 1780 431 1825 ἓὸ.
452 1781 610 1821 Quocirca
639 1782 809 1816 venerabili
836 1781 924 1816 fratri
948 1781 1070 1815 arehie-

325 1833 457 1878 piscopo
474 1834 698 1876 tttexicanensi,
714 1845 838 1869 necnon
856 1834 979 1869 dilectis
996 1834 1069 1868 filiis

325 1887 447 1922 decano
471 1894 502 1922 ct
521 1888 748 1923 archidiacono
768 1889 920 1923 ecclesiae
937 1888 1070 1923 Mexica-

325 1941 433 1975 nensis
442 1952 499 1986 per
508 1947 690 1985 praesentes
700 1942 930 1976 committimus
942 1948 972 1976 et
981 1952 1070 1975 man-

325 1995 452 2036 damus,
478 2001 636 2039 quatenus
657 1996 729 2040 ipsi,
748 1996 796 2030 vel
813 1997 894 2036 duo,
915 2002 969 2030 aut
985 2007 1069 2030 unus

325 2058 436 2082 eorum
458 2059 515 2093 per
532 2060 577 2091 se,
596 2049 644 2083 vel
663 2050 773 2092 alium,
793 2060 849 2084 seu
871 2050 960 2091 alios,
980 2061 1070 2094 prae-

326 2108 432 2135 sentes
460 2103 593 2144 litteras,
620 2109 650 2137 et
675 2104 705 2136 in
733 2103 778 2137 eis
796 2109 944 2138 contenta
965 2115 1067 2147 quae-

326 2166 486 2200 cumque,
511 2156 565 2190 ubi
599 2162 629 2190 ct
648 2157 778 2200 quando
802 2167 883 2201 opus
909 2156 1014 2198 suerit,
1041 2164 1071 2192 et

326 2209 452 2252 quoties
472 2220 529 2253 pro
552 2215 642 2253 parte
657 2209 815 2243 dictorum
837 2209 1069 2253 Religiosoruin

327 2263 447 2296 suerint
471 2264 630 2308 requisiti,
657 2264 843 2297 solemniter
858 2264 1068 2308 publicantes,

328 2315 453 2360 illisque
468 2316 498 2350 in
515 2317 697 2361 praemissis
718 2317 856 2351 efficacis
877 2317 1071 2351 defensionis

328 2369 488 2412 praesidio
515 2370 717 2410 assistentes,
742 2370 857 2404 saciant
883 2371 1072 2404 auctoritate

329 2426 437 2457 nostrii
459 2424 529 2457 illos
544 2424 792 2468 praemissorum
808 2424 951 2457 omnium
965 2431 995 2458 et
1010 2424 1072 2457 sin-

329 2477 477 2520 gulorum
502 2478 616 2512 ellectu
640 2478 771 2522 pacifice
791 2478 851 2511 srui
873 2483 903 2511 et
920 2478 1070 2521 gaudere,

329 2542 394 2565 non
408 2532 626 2575 permittentes
640 2542 694 2565 eos
709 2531 848 2575 desuper
861 2542 877 2563 a
896 2542 1071 2575 quoquam,

329 2585 440 2628 quavis
453 2585 654 2624 auctoritate,
665 2583 922 2628 quomodolibet,
937 2584 1075 2618 indebite

332 2638 490 2672 molestari
503 2651 510 2679 ;
527 2639 775 2672 contradictores
790 2648 1010 2681 ‹plescutnque
1022 2649 1076 2681 pet·

1765 220 1806 254 29

1095 290 1248 315 censuras
1265 286 1295 314 et
1310 289 1429 324 poenas
1450 278 1693 319 ecclesiasticas,
1714 277 1840 322 aliaque

1095 340 1276 378 opportuna
1294 333 1372 368 iuris
1390 339 1420 367 et
1437 332 1510 367 sacti
1528 332 1680 374 remedia,
1700 333 1840 376 appella-

1095 387 1183 421 tione
1206 387 1397 432 postposita‚
1421 386 1672 432 compescendo,
1692 386 1840 420 invocato

1094 442 1190 476 etiam
1211 441 1249 474 ad
1270 442 1343 482 hoc,
1363 441 1389 475 si
1413 452 1494 486 opus
1511 440 1618 481 fuerit,
1633 441 1750 474 auxilio
1767 441 1841 474 bra-

1096 495 1158 529 chii
1184 495 1367 529 saecularis.

1140 549 1155 592 ξ
1182 547 1213 581 7.
1241 549 1309 581 Non
1335 548 1537 582 obstantibus
1565 548 1665 582 felicis
1690 548 1840 583 reeorda-

1096 601 1191 635 tionis
1205 601 1358 635 Bonisacii
1378 602 1482 645 Papae
1502 601 1568 635 VIII
1586 601 1841 646 praedecessoris

1096 656 1197 689 nostri
1215 655 1254 689 de
1271 657 1389 696 una,et
1402 656 1435 689 in
1448 656 1584 690 coneilio
1601 656 1741 700 generali
1755 656 1841 690 edita

1097 711 1136 744 de
1167 709 1293 743 duabus
1322 709 1432 751 dietiS,
1460 710 1637 744 dummodo
1668 711 1750 744 ultra
1780 716 1842 744 tres

1098 764 1198 798 dictas
1224 763 1340 808 aliquis
1365 764 1554 798 auctoritate
1571 765 1785 808 praesentium
1804 763 1843 797 ad

1098 817 1255 851 iudicium
1273 828 1338 851 non
1360 819 1515 860 trahatur,
1536 818 1670 862 aliisque
1691 818 1844 853 constitu-

1099 873 1239 907 tionibus
1260 878 1291 906 et
1310 872 1568 907 ordinationibus
1588 873 1786 917 apostolicis,
1808 883 1845 907 ae

1099 927 1241 962 eiusdem
1256 926 1395 968 Ordinis,
1412 926 1507 960 etiam
1522 926 1714 967 iuramento,
1729 927 1846 960 confir-

1100 981 1239 1014 matione
1268 980 1453 1025 apostolica,
1485 980 1532 1013 vel
1557 980 1667 1024 quavis
1694 980 1845 1014 firmitate

1100 1035 1160 1069 alia
1178 1034 1348 1074 roboratis,
1358 1034 1485 1068 statutis
1500 1040 1530 1068 et
1543 1033 1843 1075 consuetudinibus,

1101 1088 1274 1132 privilegiis
1287 1098 1427 1132 quoque,
1444 1087 1577 1121 indultis
1594 1094 1625 1122 et
1642 1088 1754 1122 litteris
1771 1099 1846 1132 apo-

1101 1142 1219 1175 stolicis
1243 1142 1347 1176 eidem
1373 1141 1499 1182 Ordini‚
1523 1142 1656 1185 eiusque
1673 1142 1847 1186 superiori-

1101 1195 1172 1237 bus,
1192 1195 1352 1239 religiosis
1367 1201 1397 1228 ct
1414 1195 1580 1239 quibusvis
1600 1195 1669 1229 aliis
1686 1195 1844 1240 personis,

1102 1250 1160 1283 sub
1174 1249 1434 1293 quibuscumque
1448 1249 1615 1283 tenoribus
1628 1255 1659 1283 et
1677 1250 1799 1290 formis,
1811 1261 1847 1283 ac

1103 1313 1174 1337 cum
1193 1303 1360 1347 quibusvis
1383 1303 1478 1336 etiam
1500 1303 1776 1346 derogatoriarum
1793 1303 1847 1336 de-

1102 1358 1272 1401 rogatoriis
1292 1357 1425 1401 aliisque
1439 1357 1672 1390 efficacioribus
1688 1363 1718 1391 et
1738 1357 1848 1390 insoli-

1102 1413 1142 1445 tis
1167 1411 1317 1444 clausulis
1341 1422 1377 1444 ac
1400 1410 1618 1451 irritantibus,
1641 1416 1673 1444 et
1699 1410 1769 1444 aliis
1793 1411 1848 1444 de·

1102 1464 1209 1505 cretis,
1225 1464 1257 1497 in
1278 1474 1395 1507 genere
1416 1464 1464 1496 vel
1484 1464 1516 1496 in
1541 1464 1656 1508 specie,
1676 1474 1713 1497 ac
1733 1464 1802 1497 aliis
1816 1465 1847 1497 in

1102 1517 1300 1551 contrarium
1320 1517 1569 1561 praemissorum
1603 1516 1848 1560 quomodolibet

1102 1571 1272 1612 concessis,
1299 1571 1497 1605 confirmatis
1511 1577 1542 1604 et
1555 1570 1750 1615 approbatis.
1774 1570 1849 1610 Qui-

1102 1624 1162 1659 bus
1187 1625 1337 1659 omnibus
1364 1630 1395 1659 et
1422 1625 1568 1668 singulis,
1588 1634 1700 1658 eorum
1721 1630 1849 1660 tenores

1103 1679 1326 1722 praesentibus
1351 1689 1409 1723 pro
1434 1678 1590 1723 expressis
1606 1678 1772 1720 habentes,
1791 1680 1850 1713 hac

1102 1733 1170 1768 vice
1191 1732 1357 1767 dumtaxat
1373 1733 1555 1777 specialiter
1570 1738 1601 1767 et
1625 1742 1771 1777 expresse
1788 1733 1847 1767 de-

1104 1797 1274 1831 rogamus,
1301 1787 1499 1831 caeterisque
1522 1787 1688 1822 contrariis
1710 1787 1846 1832 quibus-

1104 1850 1255 1884 cumque.

1148 1894 1163 1938 ἓ
1191 1893 1221 1928 8.
1254 1895 1408 1928 Volumus
1436 1900 1544 1929 autem
1569 1900 1604 1928 ut
1631 1893 1849 1939 praesentium

1105 1948 1326 1991 transumptis,
1349 1947 1445 1982 etiam
1466 1947 1642 1993 impressis,
1670 1957 1768 1981 manu
1785 1947 1846 1980 ali-

1105 2002 1195 2036 euius
1219 2001 1337 2036 notarii
1361 2001 1483 2046 publici
1514 2001 1716 2046 subscriptis,
1748 2006 1779 2035 et
1803 2001 1847 2034 si-

1104 2056 1180 2100 gillo
1205 2065 1361 2100 personae
1384 2055 1417 2088 in
1446 2055 1601 2099 dignitate
1631 2054 1850 2089 ecclesiastica

1106 2110 1298 2144 constitutae
1323 2109 1467 2149 munitiS,
1486 2110 1598 2143 eadem
1619 2119 1750 2153 prorsus
1772 2107 1850 2141 fides

1106 2163 1272 2205 habeatur,
1289 2174 1371 2207 quae
1388 2163 1464 2207 ipsis
1481 2163 1701 2207 praesentibus
1720 2162 1851 2196 habere-

1107 2223 1169 2258 tur,
1196 2217 1222 2250 si
1242 2218 1345 2250 forent
1361 2216 1517 2250 exhibitae
1535 2217 1582 2249 vel
1603 2222 1758 2250 ostensae.

1150 2271 1265 2304 Datum
1288 2271 1407 2304 Rornae
1430 2270 1513 2314 apud
1532 2275 1676 2303 sanetum
1695 2270 1847 2309 Marcum,

1106 2324 1165 2357 sub
1183 2324 1302 2358 annulo
1313 2324 1495 2365 Piscatoris,
1513 2323 1563 2357 die
1575 2333 1612 2356 xx
1627 2322 1765 2366 augusti,
1781 2322 1849 2354 inil-

1107 2377 1218 2411 lesitno
1246 2378 1474 2412 sexcentesimo
1503 2376 1613 2417 tertio,
1646 2374 1849 2419 pontificatus

1109 2432 1207 2465 nostri
1225 2442 1307 2466 anno
1325 2442 1382 2465 xii.

1145 2485 1199 2512 Dat.
1217 2485 1260 2512 die
1275 2486 1310 2512 ⁶20
1323 2486 1428 2520 augusti
1446 2484 1522 2519 1603,
1540 2483 1633 2519 pontil'.
1651 2491 1693 2510 au.
1713 2490 1758 2509 xit.

1854 230 1904 256 Λη.
1924 229 1953 257 C.
1971 228 2043 257 1603·

1855 558 1994 606 meontrarta
2002 558 2041 579 tul-

1865 592 1869 606 ι
1883 602 1887 607 .

1903 1894 2049 1920 Transumplis

1865 1922 1923 1943 credi
1932 1922 1998 1942 iubet.
