2227 3241
243 276 295 302 An.
308 274 341 302 c.
367 274 431 303 1607
479 265 543 299 384

270 1497 381 1518 contraria
393 1498 431 1518 tot-

247 1523 324 1545 luatur.

443 323 577 363 clesiae,
605 322 805 365 caeterisque
836 322 876 354 ad
906 330 986 364 quos
1020 321 1181 354 fructuum

443 385 567 408 necnon
587 374 850 408 distributionum
870 374 1072 417 aliorumque
1093 383 1183 417 prae-

445 428 613 461 missorum
642 427 825 461 distributio
856 437 912 460 seu
942 426 1071 460 traditio
1098 436 1182 459 nunc

443 478 687 522 quomodolibet
724 483 867 522 spectat,
907 482 937 510 et
971 477 1002 509 in
1040 477 1183 510 futurum

1030 272 1211 297 nULLAan
1233 272 1385 296 ROMANL'M

1215 329 1385 363 rogamus,
1408 318 1607 363 caeterisque
1627 319 1796 352 contrariis
1815 319 1950 363 quibus-

1218 382 1368 416 eumque.

1259 426 1372 459 Datum
1398 426 1518 459 Romae
1543 426 1627 469 apud
1652 430 1798 459 sanctum
1824 425 1952 458 Petrum

1216 479 1275 512 sub
1306 477 1426 512 annulo
1456 478 1650 519 piscatoris,
1689 478 1741 511 die
1773 488 1817 511 vn
1850 477 1953 510 martii

443 531 611 574 spectabit,
636 531 666 563 in
685 530 800 564 virtute
818 536 946 564 sanetae
966 529 1181 570 obedientiae,
1218 542 1338 573 mevit,
1354 531 1561 576 pontificatus
1580 531 1681 564 nostri
1698 541 1784 564 anno
1804 540 1837 564 11.

443 589 478 616 ut
501 583 620 621 statim,
655 583 728 617 visis
753 583 986 627 praesentibus,
1021 582 1130 616 omnia
1155 588 1185 615 et

445 637 570 679 singula
608 637 750 677 fructus,
790 636 955 676 redditus,
990 641 1185 680 proventus,

445 689 532 730 iura,
561 689 770 723 obventiones
803 695 833 723 et
858 689 1098 729 emolumenta,
1126 697 1185 721 nec

445 752 507 776 non
526 742 770 776 distributiones
788 742 992 786 quotidianas
1009 741 1084 775 solis
1097 751 1187 785 prae-

444 795 588 829 sentibus
609 801 640 828 et
660 795 774 829 divinis
795 795 919 835 officiis,
940 800 974 828 ut
994 794 1182 838 praefertur,

445 849 707 883 interessentibus
728 849 795 883 dari
822 855 852 882 et
876 859 934 893 per
955 859 1009 882 eos
1033 847 1184 881 lucrifieri

445 902 563 943 solitas,
580 912 786 946 quocumque
799 901 930 935 nomine
944 906 1183 945 nuncupentur,

445 954 533 988 omni
552 956 640 988 mora
659 961 689 988 et
703 955 857 988 dilatione
876 954 1072 998 postpositis,
1094 964 1184 998 prae-

445 1007 539 1041 dictis
570 1007 733 1041 canonicis
767 1017 853 1041 nunc
884 1014 914 1041 et
949 1017 1008 1051 pro
1042 1012 1186 1050 tempore

445 1060 485 1094 ad
498 1060 661 1094 servitium
682 1066 811 1095 sanctae
832 1059 1052 1104 inquisitionis
1069 1058 1182 1092 huius-

445 1113 534 1148 modi
555 1111 727 1158 de'putatis,
755 1124 791 1147 ac
816 1103 1057 1147 consultofibus
1082 1108 1185 1146 etos-

446 1166 605 1200 ficialibus
622 1167 806 1211 praedietis,
826 1177 881 1200 seu
902 1175 1012 1200 eorum
1034 1164 1186 1208 legitimis

446 1219 723 1264 procuratoribus,
747 1220 917 1253 occasione
937 1228 1069 1252 suorum
1091 1227 1186 1266 cano-

446 1273 610 1307 nicatuum
637 1279 667 1307 et
695 1273 953 1317 praebendarum
980 1272 1065 1305 iuxta
1094 1282 1187 1315 prae-

447 1327 585 1362 sentium
612 1333 755 1361 tenorem
784 1327 911 1360 tradant
932 1332 961 1360 et
987 1326 1186 1368 consignent,

447 1392 502 1415 seu
528 1382 567 1415 ab
593 1381 663 1415 aliis
690 1381 769 1415 tradi
802 1387 830 1414 et
864 1380 1046 1423 consignari
1074 1385 1185 1413 curent

447 1441 478 1468 et
498 1435 617 1468 saciant
633 1435 762 1469 realiter
787 1441 817 1469 ct
842 1445 915 1468 eum
941 1434 1067 1468 effectu.

491 1490 507 1531 ξ
529 1488 559 1522 3.
581 1490 649 1523 Non
671 1489 872 1523 obstantibus
897 1488 1081 1533 apostolicis
1101 1499 1137 1522 ac
1155 1488 1185 1521 in

447 1542 691 1583 universalibus,
722 1542 1054 1586 provincialibusque,
1078 1548 1108 1575 et
1132 1553 1183 1587 sy-

446 1596 615 1630 nodalibus
634 1595 779 1634 conciliis
796 1595 899 1635 editis,
920 1595 1124 1637 generalibus
1140 1595 1187 1628 vel

446 1649 650 1694 specialibus,
672 1649 956 1683 constitutionibus
968 1654 999 1682 et
1012 1648 1188 1682 ordinatio-

446 1703 560 1744 nibus,
587 1714 624 1736 ac
649 1703 790 1736 eiusdem
813 1701 967 1736 ecclesiae
991 1701 1184 1742 Goanensis,

447 1756 541 1790 etiam
564 1756 758 1796 iuramento,
783 1754 1029 1788 confirmatione
1053 1760 1184 1798 aposto-

446 1809 518 1850 lica,
541 1810 590 1843 vel
610 1808 721 1853 quavis
741 1808 892 1841 firmitate
913 1807 975 1841 alia
1006 1807 1186 1848 roboratis,

447 1863 573 1896 statutis
607 1868 638 1896 et
670 1861 980 1899 consuetudinibus.
1014 1860 1189 1905 privilegiis

1253 595 1313 622 Dat.
1331 593 1374 622 die
1390 595 1405 621 7
1422 593 1509 621 martii
1526 593 1603 628 1607,
1619 592 1714 628 pontif.
1731 601 1775 620 an.
1792 600 1822 621 n.

1519 778 1652 812 LXVlll.

1220 902 1395 946 Svspensio
1419 901 1592 935 cuiusdam
1622 900 1739 934 statuti
1768 909 1866 945 super
1895 900 1957 933 ele-

1263 956 1366 989 ctione
1389 955 1626 998 archiepiscopi
1654 953 1915 997 Salisbttrqensis
1937 963 1959 986 α

1263 1009 1407 1052 capitulo
1431 1012 1460 1042 et
1490 1007 1655 1040 canonicis
1679 1006 1784 1040 dictae
1809 1005 1959 1040 ecclesiae

1262 1061 1372 1104 facti¹.

1231 1166 1356 1195 Dilectie
1370 1166 1442 1194 filiis
1458 1165 1581 1199 decano,
1597 1164 1728 1200 capituto
1744 1168 1775 1194 et.
1790 1165 1944 1194 canonicis

1387 1219 1534 1248 ecclesiae
1551 1217 1789 1253 salisburgensis

1459 1291 1567 1318 Paulus
1588 1290 1666 1325 Papa
1686 1290 1717 1317 V.

1501 1389 1608 1418 Dilecti
1627 1389 1693 1422 filii,

1266 1445 1395 1472 salutem
1411 1447 1442 1472 et
1457 1443 1653 1478 apostolicam
1667 1442 1914 1472 benedictionem.

1265 1541 1422 1582 Quoniam
1457 1541 1613 1575 novitates
1650 1547 1762 1575 contra
1792 1551 1958 1576 sacrorum
2000 1541 2130 1575 exoratum(
2195 1556 2204 1585 -3

1221 1606 1381 1630 canonum
1400 1595 1530 1629 decreta
1547 1601 1577 1628 et
1595 1605 1669 1628 usus
1686 1595 1832 1637 longaevi
1851 1601 1961 1629 aucto-

1222 1650 1348 1683 ritatem
1381 1649 1412 1681 in
1444 1648 1594 1681 eeclesias
1622 1647 1783 1681 introduci
1816 1658 1881 1682 non
1907 1649 1961 1682 de-

1222 1702 1308 1743 bent,
1329 1701 1423 1744 exigit
1444 1701 1543 1734 oflicii
1564 1701 1664 1734 nostri
1683 1701 1775 1742 ratio,
1800 1707 1843 1742 ut,
1860 1701 1885 1735 si
1905 1701 1962 1735 ali-

1222 1765 1304 1799 quae
1320 1764 1456 1798 usquam
1477 1754 1647 1797 pullulant‚
1671 1753 1823 1797 pastorali
1845 1754 1963 1788 sollici-

1224 1807 1344 1849 tudine,
1361 1817 1456 1851 quam
1473 1806 1624 1840 omnibus
1637 1805 1778 1840 ecclesiis
1792 1806 1958 1848 debemus,
2007 1850 2009 1852 Ι

1223 1860 1318 1895 celeri
1336 1860 1482 1894 remedio
1503 1865 1701 1893 occurratur.

1967 269 2058 297 An.C.

1267 1915 1283 1956 ἓ
1300 1913 1330 1947 t.
1351 1913 1433 1947 Sane
1446 1913 1486 1946 ad
1500 1913 1697 1956 apostolatus
1713 1913 1815 1946 nostri
1833 1913 1962 1947 audien·
1998 1923 2119 1953 ‚capitutum
2132 1906 2155 1960 ᾗ
2192 1911 2201 1953 {4

1223 1968 1315 2008 tiam,
1346 1977 1406 2001 nec
1433 1967 1501 2000 sine
1533 1966 1631 2000 animi
1663 1967 1764 2000 nostri
1792 1967 1957 2008 molestia,
1975 1950 2106 1998 3222*
2190 1978 2201 2008 -g

1223 2021 1383 2066 pervenit,
1407 2021 1494 2064 quod
1519 2030 1574 2053 vos
1602 2020 1642 2053 ad
1669 2025 1828 2064 perpetuo
1849 2020 1959 2054 exclu-
1976 2007 2137 2050 ἷῗνῗῗιῖῧῗιῖἱῖὲ

448 1926 598 1960 quoque,
627 1915 759 1949 indultis
788 1919 819 1948 et
842 1914 956 1948 litteris
980 1914 1185 1958 apostolicis,

448 1969 551 2004 eidem
585 1969 738 2003 ecclesiae
770 1969 902 2012 eiusque
934 1968 1095 2012 praesuli,
1131 1978 1188 2000 nec

449 2033 512 2056 non
532 2022 685 2066 capitulo,
707 2022 870 2055 canonicis
891 2027 922 2055 et
939 2021 1103 2066 quibusvis
1120 2021 1190 2055 aliis

1977 2057 2025 2077 dam
2035 2055 2104 2078 exclan
2127 2064 2146 2085 ··,,
2174 2068 2179 2074 -

449 2076 618 2120 personis,
646 2076 704 2108 sub
737 2075 994 2119 quibuscumque
1025 2074 1190 2108 tenoribus

449 2136 481 2163 et
505 2129 627 2169 formis,
652 2134 681 2162 et
700 2139 770 2162 cum
793 2128 957 2172 quibusvis
978 2127 1072 2161 etiam
1095 2128 1189 2161 dero-

450 2183 648 2225 gatoriarum
671 2181 895 2223 derogatoriis,
924 2180 1058 2224 aliisque
1084 2180 1191 2214 effica-

451 2235 591 2269 cioribus
609 2240 640 2268 et
664 2235 800 2268 insolitis
821 2234 984 2274 clausulis,
1009 2244 1045 2267 ae
1062 2233 1191 2267 irritan-

451 2290 536 2322 tibus
561 2295 592 2322 et
622 2288 692 2321 aliis
713 2287 862 2328 decretis,
890 2287 922 2320 in
947 2297 1064 2330 genere
1085 2287 1134 2320 vel
1159 2287 1191 2320 in

451 2342 558 2387 specie
572 2369 579 2382 ,
604 2352 641 2375 ac
660 2341 738 2375 alias
759 2341 789 2374 in
816 2340 1015 2374 contrarium
1036 2340 1192 2384 praemis-

451 2406 561 2429 sorum
582 2394 830 2438 quomodolibet
858 2393 1040 2434 concessis,
1075 2393 1192 2427 confir-

452 2448 546 2482 matis
566 2454 597 2481 et
621 2447 819 2492 approbatis.
847 2447 969 2486 Quibus
993 2446 1143 2480 omnibus
1163 2452 1194 2480 et

453 2501 599 2544 singulis,
616 2511 728 2535 eorum
748 2505 875 2534 tenores
892 2500 1117 2544 praesentibus
1134 2510 1193 2544 pro

454 2554 611 2598 expressis
628 2559 660 2587 et
676 2554 715 2587 ad
732 2553 865 2587 verbum
885 2553 1012 2587 insertis
1028 2553 1193 2594 habentes,

454 2606 517 2640 illis
536 2606 614 2640 alias
626 2606 658 2640 in
671 2616 730 2640 suo
745 2605 863 2640 robore
883 2604 1115 2649 permansuris,
1135 2605 1194 2638 hac

455 2659 524 2693 vice
545 2659 709 2694 dumtaxat
727 2658 911 2704 specialiter
928 2664 957 2693 et
979 2655 1127 2704 expresse
1145 2658 1195 2693 de-

1223 2075 1377 2116 dendum,
1401 2074 1497 2107 certis
1527 2073 1704 2118 praetensis
1726 2074 1765 2107 de
1785 2073 1900 2114 causis,
1923 2072 1963 2107 ab

1224 2128 1377 2162 ecclesiae
1390 2127 1641 2170 Salisburgensis
1654 2127 1811 2170 regimine
1825 2127 1965 2161 Austria-

1225 2191 1280 2215 cae
1298 2187 1328 2214 et
1344 2180 1512 2214 Bavarieae
1532 2179 1726 2213 familiarum
1744 2190 1965 2224 quascumque

1225 2244 1388 2279 personas,
1408 2233 1540 2277 propria
1554 2233 1744 2266 auctoritate
1757 2237 1899 2267 statuere
1912 2237 1967 2266 aut

1225 2289 1400 2322 decernere
1418 2297 1485 2321 non
1505 2286 1674 2321 dubitastis
1685 2291 1721 2320 ut
1734 2286 1842 2320 nullus
1859 2296 1897 2320 ex
1915 2285 1966 2319 his

1225 2341 1381 2374 ambabus
1399 2339 1528 2373 familiis
1548 2339 1588 2373 ad
1615 2339 1889 2382 Salisburgensem
1915 2349 1966 2373 ar-

1226 2393 1499 2437 chiepiscopatum
1514 2392 1545 2425 in
1559 2397 1751 2436 perpetuum
1766 2391 1904 2434 eligatur
1915 2393 1966 2426 vel

1226 2446 1423 2490 postuletur3
1447 2445 1478 2478 id
1498 2445 1585 2489 quod
1604 2449 1715 2478 contra
1732 2444 1965 2479 ecclesiasticas

1227 2499 1354 2541 regulas
1374 2498 1581 2532 commissum
1610 2497 1706 2531 fuisse
1730 2498 1825 2541 plane
1853 2497 1965 2541 digno-

1227 2557 1336 2586 scitur.

1266 2667 1275 2694 1
1298 2666 1336 2695 Ex
1355 2666 1464 2702 Regest.
1484 2665 1512 2694 in
1531 2666 1635 2694 Secret.
1655 2665 1734 2694 Brev.
