2227 3241
249 301 338 328 Aue.
361 299 429 328 1608
473 291 538 325 [474
1027 298 1210 323 ιιυιιΑιιιυιιι
1231 297 1384 322 nomnen

449 349 535 381 illinc
560 358 632 380 cum
655 357 762 380 rernm
790 346 944 387 dignitate
971 346 1086 379 versari
1119 356 1190 389 pos-
1224 346 1299 377 dum
1319 350 1346 377 et
1369 343 1609 386 exercendninl,
1630 344 1817 378 auctoritate
1835 349 1961 387 aposto-

449 401 512 434 sint
528 406 558 434 et
578 399 687 433 velint.
1225 398 1296 437 lica,
1321 403 1431 430 tenore
1449 396 1676 440 praesentium,
1698 402 1854 440 perpetuo
1875 407 1959 430 com-

494 455 510 495 ξ
532 453 561 485 ’1.
587 452 680 494 Quod
702 452 851 496 prudenti
881 451 1015 485 consilio
1041 461 1058 484 a
1090 451 1190 484 felicis
1226 451 1382 484 mittimus
1400 456 1429 483 et
1447 450 1696 491 mandamus-,ac
1709 449 1803 483 etiam
1819 450 1963 484 concedi-

451 505 684 539 recordationis
708 505 869 539 Clemente
895 505 980 548 Papa
1001 504 1063 537 vttl
1091 514 1188 547 prae·
1227 515 1297 537 mus
1326 509 1357 537 et
1380 503 1592 546 assignamus;
1622 503 1772 547 ipsosque
1797 502 1964 545 religiosos

451 560 618 592 decessore
643 563 753 592 nostro
779 559 897 592 sactum
923 557 990 591 fuit.
1014 558 1091 591 Nam
1118 568 1190 590 cum
1226 557 1264 590 ad
1286 567 1377 600 opus,
1401 566 1528 594 munus,
1552 561 1582 589 et
1603 555 1745 589 officium
1764 554 1961 596 huiusmodi,

450 612 558 646 animo
573 612 760 646 destinasset
781 612 820 645 ad
835 622 916 656 opus
936 621 1060 644 sacrum
1075 621 1193 654 aquus-
1226 609 1264 642 ab
1279 609 1340 642 illis
1355 610 1452 643 modo
1477 614 1506 642 et
1523 609 1626 642 forma
1643 607 1826 652 praemissis
1843 607 1965 641 obeun-

1978 292 2027 320 Λη.
2039 292 2067 320 G.
2087 291 2156 323 16⁰8

278 468 373 488 eremi-ns
389 466 434 487 x’ttt

250 495 328 519 delegit
351 495 387 514 lm<
403 499 434 513 re·

250 522 337 545 limosos
359 520 386 540 ml
408 519 435 538 si·

250 547 352 570 citandum
361 549 380 569 in
387 551 435 566 cera

251 575 328 599 Agntnn
345 576 390 599 nei,
404 574 434 601 (05

250 603 271 619 tt»
286 602 380 627 temporo
402 604 433 619 snt

251 628 393 649 rnnnneatus.

303 1108 343 1133 tpst
359 1108 437 1128 dictum

254 1141 327 1155 numus
335 1135 395 1160 plene
402 1135 438 1155 ini-

254 1163 370 1187 pteverunt.

291 1269 334 1288 Leo
350 1268 398 1288 ideo
414 1268 439 1288 Xl

254 1294 333 1315 eisdem
362 1294 440 1314 dietum

255 1327 328 1342 ...unus
366 1322 440 1342 comn-
456 1306 594 1339 Leonem
605 1305 724 1348 Papam
736 1305 786 1345 xl,
805 1305 899 1337 etiam
913 1304 1194 1347 praedecessorem

255 1349 326 1369 malit.

257 1481 441 1529 l'onlit‘i21xict·i¹:iiie¹iii
499 1519 504 1524 -
541 1520 546 1524 ·
692 1519 697 1524 -
841 1518 846 1524 ι
867 1519 880 1533 .·
976 1518 981 1524 -
1118 1530 1122 1531 V
1136 1519 1157 1532 .-

256 1535 365 1587 iissi'ssffiffi
393 1535 442 1582 “thid
459 1525 676 1553 existimantes
692 1529 776 1562 ipsos
791 1519 957 1559 religiosos
976 1529 1004 1550 m
1033 1519 1197 1562 praedicto

257 1588 349 1609 mandat.

452 665 504 698 dei
533 665 565 698 in
591 667 665 698 cera
689 665 848 707 signandi,
876 670 907 698 et
931 665 1066 698 fractum
1092 674 1189 697 reno-

450 718 556 759 vandi,
580 724 682 752 certas
711 723 741 752 et
765 718 897 751 idoneas
917 727 1071 761 personas
1092 717 1193 761 depu-

452 777 529 812 tare,
547 782 628 815 quae
653 771 693 805 ad
713 771 775 805 hoe
792 771 881 815 pium
901 776 932 804 et
952 771 1101 804 devotum
1124 781 1194 803 mu-

450 835 510 858 nus
528 824 757 867 deligerentur,
770 824 948 867 Religiosos
966 823 1193 866 Congregatio-

450 877 499 910 nis
530 877 645 919 Beatae
680 877 796 910 Mariae
827 876 983 910 Fuliensis
1017 876 1131 919 dignos
1164 882 1195 909 et

451 930 585 964 idoncos
610 929 776 971 iudicavit,
810 941 846 963 ae
872 930 966 963 etiam
993 940 1052 973 pro
1077 929 1193 971 insigni

452 986 510 1016 sua
531 983 648 1027 pietate
666 987 733 1017 toto
753 993 811 1016 suo
829 982 1036 1027 pontificatus
1050 988 1194 1026 tempore

455 1037 583 1079 delegit.

499 1094 514 1134 Q
534 1092 564 1124 Ξ).
587 1091 737 1134 Religiosi
755 1097 862 1124 autem
885 1091 943 1134 ipsi
963 1091 1104 1123 delatum
1127 1100 1196 1122 mu-

454 1156 514 1178 nus
528 1145 680 1188 aggressi,
697 1145 907 1188 expectationi
929 1145 1004 1177 dieti
1026 1144 1196 1178 Clementis

455 1198 711 1243 praedecessoris
733 1198 860 1231 abunde
881 1198 1125 1241 respoinlerunt.

501 1254 516 1294 Q
546 1252 576 1285 3.
607 1252 699 1291 Quod
727 1252 884 1295 permovit
916 1251 986 1295 piae
1020 1251 1196 1285 memoriae

456 1364 617 1399 nostrum,
641 1363 673 1391 ut
705 1358 790 1402 ipsos
810 1357 978 1399 religiosos
1007 1357 1038 1390 in
1065 1367 1102 1390 eo
1129 1368 1196 1390 mu-

456 1423 534 1446 nere
554 1412 773 1446 confirmaret.

502 1468 518 1505 Q
538 1466 568 1499 si.
593 1465 687 1500 Cuius
704 1465 844 1507 vestigiis
860 1475 918 1498 nos
932 1465 1147 1505 inhaerentes,
1161 1476 1197 1498 ac

425 1568 442 1581 ‘'
460 1585 593 1608 munere
626 1574 833 1613 retinendos,
861 1584 897 1606 ac
924 1573 1053 1617 speciali
1088 1573 1196 1616 aliquo

458 1627 547 1661 Sedis
576 1627 777 1670 Apostolicae
807 1626 975 1671 privilegio
1006 1632 1032 1659 et
1068 1627 1196 1659 decreto

458 1682 489 1714 in
504 1691 573 1715 eam
592 1679 802 1714 sententiam¹
818 1680 1086 1719 cohonestandos‚
1107 1686 1194 1713 motu

456 1734 614 1779 proprio,
645 1744 708 1766 non
735 1734 775 1767 ad
801 1734 943 1777 ipsorum
971 1734 1194 1776 religiosorum

457 1788 504 1822 rel
525 1787 660 1821 alieuius
677 1787 808 1820 alterius
827 1786 920 1820 nobis
933 1796 991 1830 pro
1008 1786 1052 1819 eis
1070 1787 1196 1819 oblatae

457 1841 619 1886 petitionis
641 1841 836 1879 instantiam,
858 1841 913 1873 sed
935 1851 970 1873 ex
991 1842 1078 1873 certa
1095 1840 1197 1873 seien-

459 1895 511 1935 tizl,
536 1897 688 1938 meraque
714 1893 946 1927 deliberatione
971 1896 1140 1931 nostt·;⁴1,ae
1158 1894 1197 1926 de

455 1947 653 1991 apostolieae
679 1946 847 1991 potestatis
867 1946 1068 1990 plenitudine
1094 1946 1197 1979 dictae

457 2000 703 2044 Congregationi
740 2000 890 2043 illiusque
923 1999 1081 2043 religiosis
1112 2011 1196 2033 nunc

458 2061 488 2088 et
511 2065 571 2098 pro
604 2060 747 2098 tempore
780 2054 986 2087 existentibus
1019 2065 1136 2087 munus
1168 2060 1198 2087 et

458 2108 598 2142 officium
634 2117 760 2141 sacrum
794 2107 954 2149 (tylizusdei
986 2107 1017 2140 in
1051 2109 1121 2141 cera
1155 2107 1197 2141 si-

459 2162 589 2204 gnandi,
619 2167 648 2194 et
669 2162 805 2194 fractum
827 2161 1001 2194 renovandi
1025 2161 1069 2204 [in
1091 2171 1199 2194 mona-

458 2216 555 2250 sterio
580 2220 708 2249 sanciae
734 2215 953 2248 Pudentianae
980 2221 1011 2248 et
1039 2215 1198 2258 prioratus

458 2269 559 2302 saneti
580 2268 734 2302 Bernardi
762 2269 800 2301 de
821 2268 906 2302 Urbe
932 2268 1034 2301 dietae
1055 2268 1195 2309 Congre-

459 2322 596 2366 gationis
611 2349 619 2361 ,

459 2376 497 2419 (si
525 2376 567 2408 ita
599 2374 692 2408 nobis
729 2379 759 2407 et
794 2374 939 2407 Romano
968 2374 1114 2407 Pontifici
1141 2385 1199 2417 pro

461 2435 608 2472 tempore
625 2427 768 2461 existenti
790 2427 892 2459 visum
920 2427 1028 2470 suerit)
1048 2438 1105 2471 per
1126 2427 1199 2460 reli-

460 2483 577 2525 giosos,
599 2482 639 2515 ad
657 2481 688 2515 id
709 2491 726 2514 a
744 2481 900 2514 moderno
922 2487 952 2513 et
969 2491 1028 2524 pro
1054 2487 1200 2524 tempore

461 2535 614 2569 existente
625 2534 768 2568 eiusdem
781 2533 1045 2592 Cosngregationis
1059 2533 1199 2575 generali

460 2588 685 2633 deputandos,
709 2587 825 2620 debitis
854 2586 1052 2630 temporibus
1076 2587 1200 2620 obeun-

497 2661 507 2685 l
533 2659 577 2686 Sic
596 2659 696 2693 legitur
715 2658 741 2684 in
768 2658 824 2685 edit
843 2666 925 2690 rom.;
947 2665 982 2684 an
1002 2660 1092 2692 recte,
1113 2657 1201 2684 videat

461 2702 584 2738 prudens
603 2703 690 2730 lector
703 2704 742 2737 (R.
759 2703 810 2737 T.).

644 2332 680 2354 ac
706 2321 851 2365 quolibet
875 2331 999 2362 eorum,
1027 2321 1073 2354 vel
1100 2321 1212 2359 alini,-

1227 664 1303 697 dum
1326 669 1353 697 et
1377 663 1603 704 exercendum,
1620 672 1692 695 cum
1714 662 1820 706 plen-a,
1848 661 1961 703 libera,

1227 723 1257 750 et
1277 717 1463 751 omnimoda
1484 716 1633 750 facultate
1647 715 1877 749 etauctoritate
1896 725 1965 749 om-

1229 770 1280 803 nia
1301 777 1331 803 et
1360 770 1486 813 singula
1510 770 1593 803 eirea
1619 769 1698 802 illud
1725 768 1905 802 necessaria
1922 769 1966 802 sa-

1227 823 1332 856 ciendi
1352 829 1383 856 et
1400 823 1589 867 exequendi,
1613 827 1769 866 perpetuo
1797 821 1964 856 eonstitui-

1229 887 1300 910 mus
1321 882 1352 909 et
1373 877 1575 920 deputamus.

1273 929 1287 973 ἓ
1307 929 1524 963 5.Districtius
1547 933 1718 973 propterea
1732 927 1964 972 praecipientes
2030 936 2171 967 *canisque-

1229 988 1259 1016 et
1279 982 1460 1016 inhibentes
1481 982 1631 1016 omnibus
1651 987 1682 1015 et
1708 980 1855 1024 singulis,
1885 991 1965 1024 quo·
1979 963 2077 1012 ιῗίἷῗῗήως
2093 963 2163 990 ‘'¹⁰¹¹''

1230 1045 1442 1079 rumeumque
1467 1035 1634 1075 Ordhmm,
1663 1034 1963 1077 congregationum,

1229 1089 1431 1130 societatum,
1445 1095 1472 1122 et
1484 1089 1703 1133 hospitalium,
1718 1087 1894 1128 monachis,
1910 1087 1968 1121 sra-

1232 1143 1333 1175 trihus
1361 1148 1391 1175 et
1427 1142 1583 1185 religiosis
1598 1169 1605 1181 ‚
1641 1153 1678 1175 ae
1711 1141 1968 1185 quibuscumque

1231 1196 1300 1229 aliis
1328 1195 1483 1239 personisy
1514 1201 1576 1228 tam
1610 1194 1843 1235 ecclesiasticis,
1871 1204 1967 1238 quam

1231 1249 1459 1291 saecularibus,
1475 1249 1707 1292 ruiuseumque
1721 1248 1969 1290 status,gradus,

1231 1303 1363 1343 ordinis,
1392 1303 1598 1343 conditionis,
1626 1308 1655 1336 et
1681 1301 1880 1336 auctoritatis
1904 1301 1970 1334 sue-

1231 1358 1304 1397 rint,
1323 1358 1352 1390 in
1375 1357 1491 1390 virtute
1505 1362 1631 1390 sanctae
1650 1355 1863 1396 obedientiae,
1882 1365 1923 1388 ne
1937 1355 1969 1388 in

1231 1422 1341 1455 opere,
1363 1420 1506 1450 inuuere,
1528 1415 1558 1443 et
1578 1409 1686 1443 officio
1700 1409 1896 1450 huiusmodi,
1913 1418 1971 1452 per

1231 1477 1275 1503 se,
1299 1465 1347 1498 vel
1365 1465 1474 1504 alium,
1498 1474 1554 1497 seu
1575 1463 1664 1503 alios,
1688 1473 1720 1496 se
1742 1462 1899 1504 ingerere,
1922 1463 1971 1496 vel

1233 1519 1424 1556 immiscere,
1444 1527 1498 1551 seu
1522 1516 1687 1559 religiosos
1707 1516 1810 1549 dictae
1835 1515 1972 1558 Congre-

1232 1572 1368 1615 gationis
1386 1570 1541 1605 Fuliensis
1559 1571 1697 1613 desuper
1721 1578 1853 1612 quoquo
1873 1579 1968 1613 prae-

1233 1631 1316 1659 textu
1337 1625 1381 1658 rel
1401 1626 1495 1657 causa
1511 1622 1901 1666 molestare,perturbare,
1915 1632 1970 1656 seu

1233 1679 1410 1722 inquietare
1422 1677 1533 1721 quovis
1548 1677 1645 1709 modo
1658 1676 1796 1709 audeant
1814 1686 1870 1709 seu
1884 1685 1971 1719 prae-

1231 1736 1370 1764 sumant.
1719 1756 1722 1759 Δ

1276 1788 1292 1826 Q
1314 1785 1344 1817 o.
1369 1785 1412 1817 Ae
1434 1774 1788 1816 irritumdecernentes
1805 1787 1836 1815 et
1853 1782 1948 1816 inane
1962 1809 1970 1824 ,
2014 1812 2124 1833 neemiam
2142 1811 2179 1833 ir
2216 1791 2218 1810 2

1232 1837 1386 1881 quicquid
1403 1847 1493 1870 secus
1507 1835 1661 1880 superbis
1675 1846 1692 1868 a
1706 1845 1881 1879 quoquam,
1897 1846 1973 1879 qua·
1987 1839 2059 1860 rita-¹³·

1232 1893 1276 1925 vis
1304 1891 1510 1930 auctoritate,
1533 1889 1670 1923 scienter
1704 1890 1750 1922 vel
1772 1889 1968 1931 ignoranter,

1233 1944 1403 1985 contigerit
1421 1943 1580 1977 attentari.

1278 2000 1293 2041 Q
1320 1998 1348 2030 7.
1377 1998 1446 2031 Non
1481 1996 1681 2030 obstantibus
1708 1995 1914 2040 praemissis,
1941 2001 1974 2029 et
2000 2028 2115 2055 nmmo
2141 2037 2155 2045 Η

1233 2051 1396 2095 quibusvis
1413 2049 1695 2083 constitutionibus
1715 2055 1746 2082 et
1762 2049 1973 2082 ordinationi·
1987 2056 2107 2077 mitorum-

1234 2106 1292 2138 hus
1329 2104 1513 2149 apostolicis
1529 2132 1536 2145 ,
1567 2103 1766 2147 caeterisque
1803 2102 1973 2136 contrariis
2014 2132 2021 2140 ,

1233 2159 1502 2202 quibuscumque.

1277 2212 1389 2245 Datum
1411 2212 1530 2244 Romae
1551 2210 1635 2253 apud
1669 2209 1698 2243 S.
1733 2210 1860 2242 Petrum
1876 2236 1884 2248 ,
1913 2208 1972 2242 sub

1234 2266 1353 2299 annulo
1367 2264 1597 2298 Piscator-isdie
1610 2272 1708 2297 xxvm
1723 2262 1826 2295 martii
1841 2271 1974 2303 nncvui,

1235 2318 1439 2362 pontificatus
1459 2317 1560 2350 nostri
1579 2326 1664 2349 anno
1685 2325 1730 2349 ιιι.

1271 2381 1328 2408 Dat.
1350 2381 1392 2407 die
1411 2380 1444 2408 28
1461 2379 1550 2407 martii
1572 2379 1650 2412 1608,
1673 2378 1767 2414 pontif.
1784 2386 1827 2404 an.
1843 2383 1882 2404 itt.

1592 2503 1622 2537 C.

1236 2585 1403 2619 [avocatio
1414 2577 1610 2628 prom‘sionis
1620 2583 1724 2625 sactae
1739 2581 1776 2615 de
1790 2581 1975 2615 baiulivacu

1283 2637 1499 2681 Turoopileriet
1523 2646 1596 2669 eum
1625 2636 1708 2669 nomi
1730 2635 1826 2668 illius
1855 2635 1976 2668 unione

1280 2690 1472 2735 mayislerio
1497 2688 1672 2733 hospitalis
1699 2688 1807 2722 sancti
1838 2688 1976 2722 Ioannis
