2227 3241
27 237 75 264 An.
93 235 123 262 C.
142 233 209 261 1604

67 1094 211 1122 Exequutores

28 1121 120 1149 deputat.

66 2597 174 2620 contraria
184 2600 220 2620 tol-

41 2625 71 2647 tn.

832 235 970 259 CLEMENS

997 236 1052 260 x'ltt
1079 237 1123 259 PP.

223 282 591 328 etsuffragare‚perinde
603 283 674 318 acsi
685 283 967 327 constitutioprae-
999 295 1062 317 non
1081 285 1223 318 tollendo
1238 285 1305 318 iure
1323 285 1480 329 quaesito,
1496 295 1530 318 ac
1545 284 1739 319 Lateranen-

224 337 310 370 d'icta
330 338 378 371 vel
399 338 461 371 alia
481 338 643 372 contraria
667 338 798 372 minime
820 348 966 371 emanas·
999 339 1040 371 sis,
1071 344 1099 371 et
1132 340 1268 374 aliorum
1298 341 1497 383 generalium
1525 340 1738 374 conciliorum

224 396 282 431 set,
302 402 359 425 seu
377 391 463 425 iuxta
483 392 628 426 eamdem
650 391 911 426 constitutionem
933 391 965 424 in

224 444 308 478 dicta
328 445 460 479 Camera
480 452 715 490 praesentatae,
736 445 915 479 insinuatae
936 451 964 478 et

224 499 412 541 registratae
427 500 576 540 fuissent3
595 500 705 543 sicque
719 510 777 543 per
794 509 966 543 quoscum-

225 562 287 595 que
301 552 422 586 iudices
438 553 621 586 ordinarios
635 559 663 586 et
679 553 852 595 delegatos,
869 552 964 585 etiam

225 616 393 640 causarum
411 607 521 640 Palatii
542 606 717 651 Apostolici
738 606 913 647 auditores,
931 617 967 639 ac

225 659 371 693 eiusdem
395 660 425 694 S.
454 660 490 694 R.
519 660 553 693 E.
584 660 785 701 cardinales,
810 660 904 693 etiam
928 660 966 692 de

225 712 324 747 latere
341 714 465 757 legatos
478 714 616 758 (sublata
635 714 679 748 eis
698 719 728 748 et
748 724 859 747 eorum
877 713 967 746 cuili-

225 767 278 801 bet
291 768 402 812 quavis
411 768 504 801 aliter
517 767 679 801 iudicandi
691 773 719 801 et
735 766 967 811 interpretandi

225 821 376 855 facultate
390 827 420 855 et
433 821 637 865 auctoritate)
649 821 783 855 iudicari
797 827 827 854 et
840 820 966 854 definiri

225 875 365 915 debere;
383 875 511 909 irritum
526 886 655 920 quoque
670 879 699 909 et
720 875 813 908 inane
833 874 857 908 si
876 885 968 908 secus

225 939 321 973 super
339 929 389 963 his
409 940 427 962 a
447 940 622 974 quoquam,
640 929 750 974 quavis
764 929 965 970 auctoritate,

226 982 364 1016 scienter
380 983 427 1016 vel
449 982 647 1026 ignoranter,
671 982 842 1026 contigerit
859 986 965 1016 atten-

229 1036 300 1069 tari.

273 1091 290 1132 ξ
311 1088 362 1123 10.
380 1089 535 1130 Quocirca
555 1090 795 1124 venerabilibus
816 1089 968 1124 fratribus

227 1144 345 1177 nostris
369 1143 516 1186 Ostiensi,
541 1151 571 1178 et
600 1145 769 1179 Portuensi
795 1144 964 1189 episcopis,

226 1207 262 1230 ac
279 1197 395 1232 dilecto
413 1197 479 1232 filio
500 1209 668 1232 causarum
692 1198 800 1231 curiae
817 1198 968 1231 Gamerae

224 1251 425 1295 Apostolicae
446 1252 587 1295 generali
602 1252 741 1286 auditori
762 1262 820 1296 per
840 1257 968 1296 aposto-

225 1305 286 1338 lica
303 1305 421 1350 scripta
441 1311 529 1339 motu
550 1305 646 1338 simili
661 1305 863 1346 mandamus,
888 1316 968 1350 qua-

227 1364 318 1393 tenus
338 1359 408 1403 ipsi,
428 1359 476 1392 vel
498 1359 574 1399 duo,
599 1365 652 1392 aut
675 1369 756 1392 unus
777 1369 887 1392 eorum
910 1370 968 1402 per

225 1423 269 1451 se,
287 1412 335 1445 vel
349 1412 460 1453 alium,
475 1423 531 1446 seu
546 1412 636 1453 alios,
648 1418 833 1456 praesentes
845 1413 964 1454 literas,

226 1467 280 1499 ubi
302 1472 333 1500 et
352 1467 483 1511 quando
502 1477 582 1511 opus
596 1467 701 1507 suerit,
718 1477 754 1500 ac
769 1467 895 1511 quoties
908 1478 967 1511 pro

226 1526 317 1565 parte
333 1521 538 1565 protectoris,
559 1521 693 1554 rectoris
707 1527 737 1554 et
751 1521 966 1564 collegialium

226 1574 478 1618 praedictorum,
498 1580 551 1607 aut
573 1574 709 1608 aliorum
733 1574 763 1607 in
784 1575 969 1618 praemissis

228 1627 382 1661 interesse
414 1628 614 1669 habentium,
642 1628 762 1661 suerint.
799 1628 965 1672 requisiti,

227 1683 416 1716 solemniter
436 1683 654 1726 publicantes,
678 1683 788 1726 eisque
817 1683 848 1715 in
878 1694 971 1727 prae-

227 1735 331 1769 missis
352 1736 490 1769 efficacis
509 1736 704 1769 defensionis
718 1736 880 1780 pracsidio
894 1738 970 1769 assi-

227 1795 355 1830 stentes,
372 1788 491 1822 saciant
507 1789 699 1822 auctoritate
717 1791 826 1822 nostra
840 1791 968 1823 easdem

227 1847 413 1886 praesentes
425 1842 558 1883 litteras,
569 1847 597 1875 et
612 1842 641 1874 in
654 1842 698 1875 eis
709 1849 859 1876 contenta
873 1854 971 1887 quae-

229 1906 369 1940 cumque
390 1896 528 1929 firmiter
548 1896 723 1936 observari,
744 1907 780 1929 ac
796 1897 867 1930 illos
880 1908 971 1941 prae-

229 1950 333 1984 missis
358 1950 509 1983 omnibus
534 1960 570 1983 ac
595 1950 728 1993 singulis
753 1951 886 1994 pacifice
910 1952 972 1984 frui

229 2009 259 2036 et
279 2004 432 2046 gaudere.
456 2004 524 2037 Non
554 2004 777 2048 permittentes
797 2015 851 2038 eos
877 2006 970 2038 desn-

229 2067 287 2101 per
303 2068 362 2101 per
382 2068 604 2102 quoscumque
622 2058 867 2101 quomodolibet
883 2059 972 2091 inde-

230 2110 296 2143 bite
322 2111 504 2144 molestari:
530 2111 786 2144 contradictores
813 2111 974 2155 quoslibet

231 2168 259 2195 et
286 2163 423 2196 rebelles
455 2174 513 2207 per
543 2164 736 2205 sententias,
772 2176 923 2198 censuras
943 2171 974 2198 et

230 2226 350 2260 poenas
371 2218 616 2255 ecclesiasticas,
638 2219 764 2262 aliaque
789 2225 973 2263 opportuna

232 2269 308 2303 iuris
322 2274 352 2304 et
367 2271 439 2304 sacti
455 2271 606 2313 remedia,
617 2272 833 2315 appellatione
848 2278 975 2316 postpo-

233 2323 302 2364 sita,
319 2325 564 2368 compescendo,
583 2325 797 2369 legitimisque
812 2336 909 2369 snper
925 2326 974 2359 his

234 2375 390 2410 habendis
404 2378 536 2411 serratis
556 2378 770 2422 processibus,
788 2379 971 2419 sententias,

235 2440 385 2464 censuras
399 2437 427 2463 ct
443 2441 563 2475 poenas
579 2431 662 2475 ipsas
680 2431 775 2464 etiam
795 2431 916 2464 itt—ratis
930 2432 975 2464 vi-

235 2483 326 2516 cibus
340 2485 555 2526 aggravando,
571 2486 718 2518 invocato
733 2485 880 2517 etiamad
899 2486 971 2525 lior,

235 2536 259 2568 si
282 2548 361 2580 opus
380 2538 485 2578 fucrit,
503 2539 619 2572 anxilio
635 2538 754 2570 brachii
770 2539 955 2571 saecularis.

281 2592 297 2631 ξ
318 2590 370 2623 tt.
395 2591 463 2624 Non
481 2591 682 2625 obstantibus
700 2592 799 2635 priori
814 2591 974 2625 voluntate

238 2653 272 2675 ac
293 2644 494 2689 ordinatione
516 2645 716 2681 huiusmodi.
739 2656 773 2677 ar
800 2647 907 2677 nostrii
937 2646 974 2676 de

1000 392 1171 425 novissime
1193 394 1429 427 celebratorum
1458 394 1594 427 uniones
1619 405 1736 438 perpe—

999 451 1070 479 tuas
1084 447 1157 489 (nisi
1173 447 1204 479 in
1219 448 1344 481 casibus
1358 459 1374 481 a
1389 448 1457 481 iure
1471 448 1648 492 permissis)
1662 447 1741 484 fieri,

1001 505 1031 532 et
1051 500 1209 533 beneficia
1229 501 1323 534 unius
1341 502 1498 535 dioecesis
1512 513 1583 535 cum
1600 502 1669 535 aliis
1687 502 1741 534 be-

1000 553 1133 594 neficiis,
1151 554 1306 595 ccelesiis,
1331 555 1473 597 collegiis
1493 557 1540 589 vel
1562 556 1640 589 locis
1661 556 1741 588 alte-

1000 607 1065 640 rius
1078 607 1232 640 dioecesis
1242 608 1325 641 uniri
1336 608 1588 652 prohibentium,
1603 620 1639 642 ac
1649 619 1742 652 prae-

1001 658 1077 692 dicti
1102 659 1148 691 Pii
1174 659 1432 703 praedecessoris
1457 661 1495 693 de
1527 660 1638 703 gratiis
1664 660 1742 693 inte-

1002 723 1087 745 resse
1107 712 1257 746 Camerae
1274 713 1456 756 praedictae
1475 713 1742 747 concernentibus

1002 766 1083 799 intra
1105 772 1227 799 certum
1252 772 1327 799 tunc
1348 777 1532 810 expressum
1564 772 1690 811 tempus
1712 766 1743 799 in

1002 820 1086 853 dicta
1106 820 1237 853 Camerti
1258 820 1485 862 registrandis,
1516 831 1552 853 ac
1573 820 1673 853 felicis
1691 831 1742 853 re-

1002 874 1197 908 cordationis
1232 874 1387 907 Bonifaeii
1419 875 1522 918 Papae
1552 874 1617 908 Vlll
1647 874 1743 907 etiam

1002 928 1259 972 praedecessoris
1286 928 1407 970 nostri,
1430 939 1493 972 qua
1511 934 1674 969 cavetur,
1704 939 1744 961 ne

1003 982 1074 1026 quis
1094 988 1182 1015 extra
1202 992 1292 1015 suam
1311 981 1471 1015 civitatem
1496 982 1544 1015 vel
1570 982 1744 1015 dioecesim

1002 1036 1062 1069 nisi
1081 1036 1112 1069 in
1133 1036 1228 1069 certis
1249 1036 1388 1080 exceptis
1409 1036 1555 1075 casibus,
1579 1041 1607 1068 et
1630 1035 1661 1068 in
1684 1036 1744 1068 illis

1003 1090 1087 1123 ultra
1104 1100 1201 1123 unam
1220 1090 1339 1123 dietam
1361 1101 1379 1122 a
1400 1090 1463 1123 fine
1484 1100 1561 1123 suae
1589 1089 1745 1122 dioecesis

1003 1143 1041 1176 ad
1061 1143 1215 1176 iudicium
1238 1149 1400 1183 evocetur,
1428 1154 1484 1176 seu
1504 1153 1544 1175 ne
1567 1142 1700 1183 iudices,
1727 1154 1745 1175 a

993 1195 1084 1230 *Sede
1107 1197 1271 1241 praedicta
1297 1196 1452 1240 deputati,
1477 1202 1564 1230 extra
1585 1197 1744 1230 civitatem

1002 1251 1049 1284 vel
1063 1251 1248 1292 dioecesim,
1266 1251 1295 1283 in
1311 1250 1428 1294 quibus
1448 1250 1589 1294 deputati
1612 1251 1743 1291 fuerint,

1003 1310 1115 1338 contra
1135 1315 1358 1348 quoscumque
1383 1304 1580 1347 procedere,
1604 1310 1657 1338 ant
1678 1304 1743 1345 atii,

1002 1359 1049 1391 vel
1069 1358 1138 1391 aliis
1158 1358 1242 1391 vices
1263 1369 1336 1391 suas
1357 1358 1594 1391 commmittere
1615 1368 1758 1402 quoquor
1785 1353 1793 1360 ”

1004 1412 1100 1445 modo
1133 1413 1271 1446 audeant
1304 1422 1360 1445 seu
1389 1417 1619 1455 praesumant,
1647 1417 1679 1445 et
1708 1412 1746 1444 de

1003 1466 1127 1499 duabus
1148 1465 1241 1499 dietis
1259 1465 1289 1497 in
1309 1465 1446 1498 concilio
1471 1465 1615 1507 generali
1641 1465 1743 1505 edita,

1003 1519 1182 1553 dummodo
1204 1519 1289 1552 ultra
1307 1525 1369 1552 tres
1391 1518 1494 1551 dietas
1509 1518 1624 1562 aliquis
1639 1525 1748 1552 aucto-

1004 1573 1097 1606 ritate
1117 1573 1333 1617 praesentium
1357 1572 1395 1605 atl
1422 1572 1576 1604 iudicium
1603 1582 1667 1604 non
1687 1578 1748 1605 tra-

1003 1627 1109 1666 hatur,
1133 1627 1268 1670 aliisque
1290 1626 1457 1670 quibusvis
1489 1626 1690 1669 apostolicis,
1712 1637 1748 1658 ac

1005 1681 1036 1714 in
1057 1681 1308 1725 provincialibus
1322 1686 1351 1713 ct
1369 1679 1568 1713 sinodalibus
1585 1680 1749 1713 universa-

1004 1735 1153 1779 libnsqne
1183 1734 1327 1767 conciliis
1355 1734 1694 1777 editis‚'speeialibus
1720 1738 1747 1767 et

1005 1788 1210 1831 generalibus
1231 1787 1513 1821 constitutionibus
1529 1794 1558 1819 ct
1572 1787 1747 1820 ordinatio-

1005 1844 1110 1884 nibus,
1125 1853 1252 1875 necnon
1265 1842 1427 1877 Gamerae,
1444 1842 1550 1881 Urbis,
1568 1841 1745 1880 civitatum,

1005 1896 1256 1941 provinciarium
1273 1923 1280 1935 ,
1313 1896 1458 1928 locorum
1476 1922 1482 1931 ,
1515 1895 1722 1927 ecclesiarum
1741 1922 1747 1933 ,

1006 1950 1276 1983 monasteriorum
1300 1954 1327 1981 et
1349 1948 1474 1982 Ordinis
1494 1949 1746 1992 praedictorum,

1006 2004 1101 2037 etiam
1124 2005 1319 2041 iuramento,
1349 2002 1595 2035 confirmatione
1623 2008 1751 2045 aposto-

1006 2057 1087 2097 lica,
1115 2057 1163 2089 vel
1185 2058 1299 2100 quavis
1320 2056 1472 2088 firmitate
1492 2056 1553 2089 aliti
1575 2056 1747 2094 roboratis,

1007 2110 1132 2144 statutis
1153 2116 1184 2143 et
1204 2109 1502 2147 consuetudinibus,
1524 2110 1618 2143 etiam
1639 2110 1751 2142 innne-

1009 2163 1244 2201 moraliililnis,
1272 2164 1396 2205 legibus
1422 2163 1516 2196 etiam
1547 2163 1751 2206 municipali-

1008 2219 1077 2258 bus,
1095 2218 1270 2261 privilegiis
1284 2228 1424 2261 quoquc,
1440 2217 1581 2254 indultis,
1595 2221 1622 2250 et
1637 2217 1751 2249 litteris

1008 2271 1202 2315 apostolicis,
1228 2271 1304 2312 illis,
1329 2282 1453 2303 necnon
1484 2271 1586 2303 sancti
1607 2271 1751 2302 Caesarei

1009 2326 1144 2358 dias-ono
1157 2336 1211 2358 seu
1224 2325 1412 2369 prcsliytero
1428 2325 1583 2357 cardinali
1598 2334 1656 2367 pro
1673 2330 1751 2356 tcm-

1011 2389 1088 2423 pore
1110 2379 1267 2418 existenti,
1285 2388 1320 2411 ac
1340 2379 1464 2420 legatis,
1486 2377 1747 2420 archiepiscopis,

1009 2431 1187 2476 episeopis,
1208 2432 1401 2471 ordinariis,
1427 2431 1641 2470 ricc-legantis,
1668 2431 1752 2463 tocn-

1011 2486 1204 2522 tencntilnis,
1229 2485 1374 2522 vicariis,
1402 2484 1608 2519 ot'ticialilnis,
1633 2483 1748 2516 indici-

1008 2539 1079 2573 bus.
1097 2538 1286 2576 ‹·atnerari‹›,
1304 2537 1522 2576 gubernatori,
1540 2536 1690 2574 auditori,
1705 2548 1752 2567 ss·-

1010 2592 1110 2624 11310ιῆ
1125 2619 1131 2629 ,
1153 2591 1452 2624 conseri-utura»ns‚
1478 2590 1751 2632 praesidi-nntius,

990 2646 1143 2678 ,etei-iric,
1175 2645 1401 2677 thesaurariis.
1426 2643 1669 2677 commissaliis,
1695 2654 1750 2688 ap-

1663 226 1703 259 99
1750 236 1799 263 An.
1817 235 1845 263 c.
1869 236 1936 264 1602
