2227 3241
249 297 298 324 Λη.
312 296 338 324 c.
364 296 431 324 1604
477 286 541 321 146

278 518 307 539 Ad
324 516 438 538 consessio-

251 551 289 565 nes
305 544 437 564 subditorum

250 570 439 596 excipiendam-nn-

252 597 351 618 fossario«
375 596 439 621 dcpu·

252 625 296 644 tent.
309 628 437 649 superiores.

279 1272 358 1301 Quibus
368 1272 388 1292 in
399 1277 442 1292 mo-

255 1300 354 1320 nasteriis
369 1299 442 1320 novitii

256 1325 382 1352 recipiendi.

271 1649 396 1671 Praesentia
405 1651 446 1670 sta-

259 1679 304 1697 tuta
312 1676 338 1697 ab
350 1676 445 1696 omnibus

260 1703 400 1724 observantia.

279 2345 394 2370 Derogatio
403 2350 450 2365 con·

267 2374 384 2392 trariorutu.

452 349 635 383 vescantur,
658 351 763 386 neque
788 339 952 383 singulare
969 339 1103 383 aliquid,
1126 349 1191 383 quo

453 397 601 442 privatim
620 396 757 439 quisque
778 393 938 433 comedat,
954 392 1020 426 ullo
1035 392 1133 426 modo
1147 392 1191 425 as—

455 451 529 485 serri
547 449 655 494 possit:

499 504 514 547 ξ
539 502 590 536 18.
618 502 687 536 Non
708 501 803 534 liceat
823 499 1058 544 superioribus,
1082 503 1191 532 sancto

454 555 608 590 Paschate
631 553 889 588 Resurrectionis
910 557 1053 596 excepto,
1082 551 1192 584 subdi-

456 615 561 642 torum
587 607 806 640 consessiones
830 606 955 646 audire,
983 605 1042 638 nisi
1065 604 1193 649 ipsimet

453 660 573 694 subditi
594 665 709 704 sponte
730 664 761 692 et
779 659 913 704 proprio
932 664 1021 692 motu
1039 658 1070 691 id
1088 658 1127 690 ab
1148 657 1193 690 eis

453 712 615 758 petierint,
636 712 691 746 sed
712 712 743 745 in
764 711 898 754 singulis
916 711 1119 744 monasteriis
1140 711 1193 744 de-

454 771 566 812 putent
584 766 664 799 duos
683 765 730 798 vel
749 771 812 798 tres
830 770 884 798 aut
904 765 1011 808 plures
1028 764 1190 797 consessa-

455 819 531 860 rios,
555 829 614 864 pro
634 818 839 852 subditorum
859 828 997 851 numero
1011 816 1125 850 maiori
1146 816 1193 849 vel

455 872 584 914 minori,
602 872 689 916 iique
706 871 770 905 sint
789 871 886 912 docti,
910 872 1087 915 prudentes
1100 875 1132 903 et
1144 880 1194 903 re—

455 926 575 970 gularis
594 925 817 959 observantiae
837 931 1009 965 amatores,
1033 935 1069 957 ac
1090 923 1193 957 cbari-

455 986 520 1013 tate
544 979 694 1024 praediti,
718 978 773 1022 qui
794 978 1028 1011 monachorum
1051 976 1195 1010 subdito—

455 1045 527 1068 rum
553 1033 784 1074 consessiones,
816 1033 911 1066 etiam
940 1032 1049 1075 vigore
1069 1031 1196 1076 privile-

456 1090 583 1132 giorum
605 1088 781 1129 Cruciatae,
798 1087 880 1121 sieut
901 1086 1029 1121 Ordinis
1049 1086 1146 1119 decus
1167 1091 1197 1118 et

457 1142 646 1187 disciplinae
668 1141 864 1175 monasticae
890 1151 1007 1174 nervus
1035 1138 1193 1183 exposcit,

457 1196 570 1230 audire
590 1195 713 1240 possint
730 1200 761 1228 ct
779 1195 927 1228 debeant:

503 1252 519 1292 ἓ
545 1249 597 1282 19.
621 1248 755 1288 Novitii,
780 1248 835 1292 qui
856 1246 1047 1280 auctoritate
1065 1245 1197 1289 capituli

458 1313 518 1349 pro
541 1308 688 1346 tempore
707 1301 808 1345 recipi
826 1300 957 1341 dehent,
982 1299 1014 1332 in
1035 1299 1085 1332 his
1103 1299 1197 1332 dum-

457 1362 541 1391 taxat
562 1355 778 1396 monasteriis,
802 1354 834 1387 in
856 1354 974 1398 quibus
1000 1353 1084 1396 viget
1102 1363 1197 1395 regu—

458 1410 534 1444 laris
552 1409 767 1450 observantia,
787 1419 824 1441 ac
843 1417 999 1441 numerus
1022 1407 1198 1440 monacho-

458 1475 528 1498 rum
561 1465 601 1498 ad
631 1463 721 1498 chori
753 1473 848 1496 usum
881 1461 1100 1506 praescriptus
1128 1465 1175 1494 est
1189 1487 1196 1501 ,

459 1519 670 1564 imposterum
691 1517 901 1562 recipiantur,
925 1516 1052 1549 alantur
1072 1520 1103 1549 et
1121 1515 1199 1548 edu-

460 1578 584 1607 centur.

505 1624 557 1659 20.
581 1624 738 1665 Quocirca
758 1622 884 1656 dilectis
901 1622 976 1655 filiis
996 1620 1200 1655 reformatori

461 1679 613 1723 generali,
628 1677 763 1721 aliisque
775 1676 955 1718 abbatibus,
966 1675 1200 1718 definitoribus,

461 1731 684 1777 superioribus
705 1736 735 1764 et
756 1729 923 1763 monachis
940 1728 1098 1762 universis
1116 1728 1200 1762 eius-

461 1787 534 1820 dem
556 1784 831 1828 Congregationis‚
861 1784 920 1816 sub
948 1783 1060 1827 poenis
1088 1783 1196 1826 priva-

462 1840 558 1874 tionis
575 1839 768 1882 dignitatum
789 1843 820 1871 et
841 1837 1022 1871 officiorum
1045 1847 1128 1881 quae
1146 1837 1200 1870 ob-

464 1893 568 1927 tinent
588 1903 624 1925 ac
645 1892 730 1925 vocis
757 1891 879 1924 activae
909 1896 939 1924 et
966 1891 1120 1935 passivae,
1144 1901 1203 1924 nec

461 1957 526 1981 non
541 1952 716 1991 perpetuae
738 1944 949 1978 inhabilitatis
962 1945 1002 1978 ad
1021 1944 1075 1977 illa
1095 1950 1124 1977 et
1142 1944 1203 1978 alia

462 2001 674 2045 imposterum
695 1999 933 2043 consequenda,
953 1998 1095 2031 districte
1108 2008 1203 2042 prae-

463 2053 617 2098 cipientes
639 2053 848 2092 mandamus,
879 2058 913 2085 ut
945 2052 1074 2085 decreta
1094 2057 1203 2085 nostra

463 2113 493 2142 et
511 2107 732 2141 ordinationes
749 2105 953 2150 supradictae
967 2105 1204 2138 reformationis

464 2160 495 2194 in
525 2161 636 2194 eadem
667 2159 924 2202 Congregatione
953 2158 1041 2191 acin
1070 2158 1204 2201 singulis

465 2214 550 2248 illius
563 2212 765 2246 monasteriis
779 2211 954 2255 respective
969 2211 1136 2254 recipiant,
1150 2211 1204 2244 ad-

465 2268 642 2301 mittantae
656 2272 812 2310 perpetuo
833 2264 995 2298 observari
1017 2270 1200 2308 procurent.

511 2323 527 2363 g
553 2320 604 2353 21.
633 2320 702 2353 Non
723 2318 923 2352 obstantibus
944 2317 1109 2361 quibusvis
1130 2328 1205 2351 con-

466 2373 686 2408 stitutionibus
697 2378 727 2405 et
740 2371 998 2405 ordinationibus
1011 2370 1204 2414 apostolicis,

467 2427 563 2461 etiam
583 2437 639 2470 per
652 2436 721 2465 nos,
736 2425 784 2458 vel
798 2424 1065 2469 praedecessores
1078 2428 1206 2457 nostros

467 2481 629 2514 Romanos
658 2478 827 2515 Pontifices
852 2477 883 2510 in
905 2476 1102 2510 contrarium
1131 2487 1207 2509 con-

469 2533 576 2572 cessis,
591 2543 628 2565 ac
640 2531 768 2566 Ordinis
787 2537 817 2564 et
829 2529 1097 2572 Congregationis
1114 2540 1207 2572 prae-

471 2588 621 2626 fatorum,
638 2586 733 2619 ctiam
756 2585 949 2623 iuramento,
963 2583 1207 2616 confirmatione

470 2640 655 2684 apostolica,
671 2639 719 2672 vel
738 2637 848 2682 quavis
866 2637 1016 2670 firmitate
1034 2636 1094 2669 alia
1112 2636 1208 2669 robo-

471 2694 558 2734 ratis,
575 2693 699 2727 statutis
720 2698 751 2726 et
771 2691 1066 2732 consuetudinibus,
1080 2690 1209 2736 privile-

1032 290 1216 315 BULLARIUM
1237 290 1320 314 ROMA
1327 290 1390 314 NUM

1976 285 2068 314 Amc.
2091 286 2155 316 ¹606

1224 338 1283 382 giis
1303 347 1445 382 quoque,
1462 336 1594 370 indultis
1608 341 1639 369 et
1650 335 1766 369 litteris
1777 335 1961 380 apostolicis

1225 391 1328 424 eidem
1358 388 1604 432 Congregationi
1634 388 1877 433 Hispaniarum,
1900 398 1958 422 eo-

1225 442 1379 488 rumque¹
1401 441 1639 487 superioribus,
1657 441 1823 480 monachis
1842 446 1874 475 et
1892 440 1962 474 aliis

1225 497 1390 542 personis,
1419 497 1478 530 sub
1505 496 1765 541 quibuscumque
1794 494 1962 531 tenoribus

1226 557 1257 585 et
1272 550 1395 591 soi-mis,
1420 555 1450 584 et
1470 560 1541 583 cum
1561 549 1727 593 quibusvis
1747 548 1844 582 etiam
1865 548 1962 582 dero-

1227 604 1426 647 gatoriarum
1448 602 1670 645 derogatoriis,
1696 602 1831 646 aliisque
1859 600 1965 639 effica-

1227 657 1369 691 cioribus
1390 662 1420 690 et
1440 656 1577 690 insolitis
1597 655 1760 696 clausulis,
1781 665 1817 688 ae
1836 653 1966 690 irritan-

1229 709 1322 750 tibus,
1346 715 1377 742 et
1396 709 1467 742 aliis
1487 708 1636 749 decretis,
1668 708 1700 741 in
1721 717 1840 751 genere
1859 706 1908 740 vel
1933 706 1966 740 in

1227 763 1345 807 specie,
1364 773 1401 796 ac
1421 762 1498 795 alias
1518 761 1766 805 quomodolibet
1785 760 1818 794 in
1836 764 1964 794 contra-

1228 816 1310 849 rium
1324 815 1576 860 praemissorum
1588 814 1758 858 concessis,
1769 813 1967 848 confirmatis

1228 876 1258 903 et
1271 869 1468 914 approbatis.
1484 869 1605 908 Quibus
1618 868 1770 902 omnibus
1784 873 1815 901 et
1823 867 1967 910 singulis,

1229 923 1352 957 etiamsi
1377 933 1437 967 pro
1466 922 1597 956 illorum
1624 921 1798 956 sufficienti
1825 921 1964 964 deroga-

1230 977 1315 1010 tione
1344 977 1383 1010 de
1411 976 1472 1009 illis
1501 986 1680 1019 eorumque
1701 974 1775 1009 totis
1803 974 1968 1008 tenoribus

1229 1030 1387 1074 specialis,
1403 1029 1565 1074 specifica,
1578 1035 1606 1062 et
1622 1029 1662 1062 ad
1675 1028 1808 1062 verbum
1821 1038 1970 1072 expressa

1231 1083 1352 1116 mentio
1380 1083 1530 1116 habenda
1551 1087 1649 1124 esset,
1680 1082 1811 1115 illorum
1840 1086 1969 1115 tenores

1230 1136 1454 1181 praesentibus
1470 1147 1530 1180 pro
1552 1135 1710 1180 expressis
1726 1134 1892 1175 hahentes,
1909 1134 1970 1168 hac

1230 1190 1298 1223 vice
1316 1190 1482 1223 dumtaxat
1502 1188 1684 1233 specialiter
1704 1193 1735 1221 et
1755 1198 1903 1232 expresse
1916 1187 1970 1224 de-

1231 1254 1394 1286 rogamus,
1418 1242 1620 1286 caeterisque
1641 1241 1811 1276 contrariis
1831 1241 1967 1286 quibus-

1233 1307 1383 1341 cumque.

1276 1353 1292 1394 g
1318 1351 1370 1384 2-2.
1394 1351 1549 1384 Volumus
1566 1356 1673 1385 autem
1694 1356 1730 1385 ut
1748 1350 1971 1395 praesentium
1987 1384 2058 1406 danda
2072 1384 2124 1406 fid„

1235 1405 1440 1449 transumptis
1462 1415 1560 1439 manu
1574 1404 1709 1438 alicuius
1720 1403 1838 1437 notarii
1851 1403 1973 1448 publici
2125 1399 2131 1406 ”

1233 1459 1430 1503 subscriptis,
1451 1464 1481 1492 et
1501 1458 1605 1501 sigillo
1625 1457 1758 1491 alicuius
1770 1467 1928 1502 personae
1940 1457 1974 1491 in

1234 1512 1389 1554 dignitate
1403 1511 1617 1545 ecclesiastica
1635 1510 1825 1544 constitutae
1842 1509 1974 1544 munitis

1235 1566 1347 1599 eadem
1367 1565 1445 1598 fides
1466 1564 1668 1606 adhibeatur,
1693 1575 1775 1609 quae
1795 1563 1973 1609 praesenti-

1234 1619 1294 1652 bus
1315 1619 1390 1663 ipsis
1410 1619 1594 1651 baberetur.

1279 1673 1392 1706 Datum
1421 1673 1542 1705 Romae
1567 1671 1652 1716 apud
1673 1676 1817 1704 sanctum
1844 1671 1974 1704 Petrum

1236 1726 1294 1759 sub
1315 1725 1435 1759 annulo
1455 1724 1694 1765 Piscatoris,die
1718 1734 1772 1758 xtv
1796 1723 1976 1758 decembris

1236 1789 1350 1820 nnctv,
1374 1778 1580 1824 pontificatus
1601 1778 1714 1819 nostri,
1738 1787 1823 1811 anno
1840 1787 1910 1811 x111.

1273 1841 1330 1869 Dat.
1352 1841 1396 1869 die
1419 1841 1449 1868 ii
1469 1840 1621 1868 decembris
1644 1840 1720 1875 1604,
1741 1839 1836 1876 pontis.
1858 1847 1901 1867 an.
1917 1844 1974 1867 xm.

1521 2036 1687 2071 CCCLXIV.

1239 2154 1358 2188 Cedula
1372 2153 1606 2188 consistorialis
1625 2163 1718 2197 super
1735 2157 1819 2187 statu
1834 2152 1979 2187 ecclesia-

1282 2219 1355 2241 rum
1378 2208 1635 2242 Ravennatensis
1664 2211 1692 2240 et
1716 2206 1928 2240 Bononiensis
1951 2209 1979 2240 et

1282 2263 1562 2306 suffra-(samaram
1585 2258 1837 2304 asn'qnatz’one'.

1418 2376 1573 2406 Clemens
1593 2375 1686 2416 Papa
1699 2374 1798 2410 vlu,

1363 2431 1399 2458 ad
1419 2433 1596 2465 perpetuam
1615 2429 1660 2457 rei
1679 2428 1858 2457 memoriam.

1285 2529 1301 2570 ἓ
1328 2527 1357 2560 1,
1392 2526 1494 2560 Hodie
1518 2526 1549 2559 in
1580 2524 1771 2559 consistorio
1796 2529 1907 2559 nostro
1931 2534 1979 2560 se·
2007 2531 2175 2564 cngpnmxm
2214 2554 2215 2557 ,

1241 2588 1327 2615 creto
1353 2591 1413 2625 pro
1434 2580 1586 2625 pastorali
1606 2585 1716 2613 nostro
1742 2588 1877 2612 munere
1900 2588 1978 2612 con·
1993 2559 2177 2609 ἶῗὲὲῖῗῗιωξῖἷιῗῖ
2214 2597 2216 2606 .

1277 2655 1287 2680 1
1312 2652 1365 2679 Nisi
1380 2652 1423 2679 cui
1439 2651 1544 2687 placeat
1556 2651 1647 2686 legere
1661 2650 1780 2684 eiusque
1794 2649 1835 2685 (n.
1846 2649 1896 2684 τ.).

1275 2698 1292 2726 2
1312 2697 1349 2725 Ex
1369 2697 1477 2733 Regest.
1498 2696 1525 2726 in
1545 2695 1649 2723 Secret.
1671 2694 1749 2724 Brev.

2026 1357 2169 1385 Transumpti·
2198 1354 2201 1356 ’
