2227 3241
449 260 511 292 558
990 269 1169 292 muranum
1196 268 1347 292 nonaum}

418 319 554 351 tabrieae
576 316 752 360 impertiri,
774 322 802 349 et
828 326 886 360 pro
913 319 946 349 ca
984 316 1155 348 venerabili
1174 327 1175 368 t
1191 325 1339 349 errorum
1365 320 1537 349 sectatores
1562 316 1676 357 existit,
1697 322 1727 350 et
1751 317 1800 350 eui
1828 327 1926 351 vene-

418 371 504 403 t'ratri
544 369 638 403 Decio
679 369 922 413 archiepiscopo
960 369 1156 402 Damasceno
1192 368 1301 401 rabilis
1319 368 1414 402 frater
1432 374 1540 402 noster
1555 369 1742 402 Franciscus
1761 370 1930 414 episcopus

417 425 572 457 moderno
605 430 631 456 ct
666 433 724 467 pro
752 429 896 467 tempore
922 423 1067 456 existenti
1099 433 1155 455 uo-
1174 435 1175 458 :
1191 421 1433 464 Arigamalensis
1447 422 1484 455 ad
1499 432 1649 466 praesens
1663 433 1790 466 praesse
1802 423 1930 466 dignos-

415 483 481 509 stro
508 484 535 509 ct
559 470 764 520 Apostolicae
785 476 875 510 Sedis
899 477 983 520 apud
1012 477 1156 509 maiesta-
1192 475 1288 519 citur>
1309 475 1518 518 suffraganeis
1540 481 1614 509 tunc
1634 482 1771 516 carente,
1792 482 1823 509 et
1842 482 1930 510 certo

417 536 478 562 tem
500 535 584 562 tuam
609 530 637 562 iu
662 529 767 571 reguis
788 529 1012 573 Hispaniarum
1037 529 1155 563 nuncio
1174 539 1175 546 ¹
1193 529 1289 563 modo
1306 529 1443 574 pastoris
1458 530 1572 563 solatio
1593 530 1753 572 destituta,
1768 541 1885 565 nomen
1901 536 1931 564 et

217 271 264 297 An.
286 269 311 295 C.
335 270 401 296 tuos
1944 267 1993 293 An.
2010 265 2038 294 C.
2059 265 2128 294 1608

258 651 348 675 itui-ngat
365 649 400 669 oli·

216 678 325 699 mutibus,

416 583 494 616 solvi
520 583 653 621 omnino
675 583 821 616 debeant.

462 638 478 678 g
499 636 529 668 53.
551 636 618 669 Non
641 636 841 669 obstantibus
862 636 1153 675 constitutionibus,

418 694 446 722 et
465 689 721 723 ordinationibus
740 689 935 733 apostolicis,
959 689 1157 732 caeterisque

418 743 587 776 contrariis
613 743 881 787 quibuscumque.

462 796 574 829 Datum
596 796 717 829 Romae
742 797 826 840 apud
858 801 1002 829 sanctum
1028 796 1155 829 Petrum

416 848 475 881 sub
500 849 620 881 annulo
645 849 815 882 Piscatoris
844 849 895 882 die
922 859 952 882 1x
978 849 1158 882 decembris

416 912 549 942 mecvm,
573 901 779 946 pontifis-atus
799 901 899 935 nostri
919 912 1003 934 anno
1024 913 1065 936 iv.

454 965 509 991 bat.
527 964 570 991 die
589 966 605 991 9
623 965 778 991 decembris
798 965 873 1000 1608,
886 973 929 992 au.
948 965 1042 1000 pontis.
1061 971 1095 991 tv.

1194 583 1318 617 titulum
1344 576 1578 628 archiepiscopi
1603 595 1639 618 ae
1664 584 1930 628 metropolitanae

1174 631 1344 671 {ecelesiae
1364 665 1370 679 ‚
1399 647 1522 671 necnon
1555 637 1662 671 sedem
1683 665 1690 678 ,
1718 637 1904 680 dignitatem
1920 666 1928 682 ,

1175 714 1176 717 κ
1192 691 1470 734 superioritatem,
1501 691 1788 735 praeeminentiam
1821 691 1929 725 arehi-

1192 743 1401 788 episcopales,
1418 744 1669 788 universumque
1683 744 1731 778 ius
1745 744 1932 789 metropoli-

1175 817 1177 827 >
1194 797 1290 831 ticum
1308 809 1365 842 per
1378 798 1533 842 quasdam
1547 809 1621 832 suas
1636 798 1756 832 litteras
1774 805 1932 843 perpetuo

1175 857 1177 896 ξ
1192 851 1367 894 suppressit
1382 858 1410 884 et
1426 852 1571 892 extinxit,
1585 851 1751 896 ipsamque
1765 852 1930 886 ecclesiam

1175 899 1177 934 ἱ
1192 904 1230 937 ad
1256 910 1370 937 statum
1389 905 1543 949 simplicis
1558 904 1750 938 cathedralis
1767 904 1931 939 ecclesiae¹

1175 967 1176 1007 i
1192 967 1250 1000 pro
1269 967 1333 990 uno
1351 958 1502 1002 episcopo
1524 961 1630 991 futuro
1651 958 1853 1000 suffraganeo
1873 969 1932 1002 pro

1175 1012 1337 1054 {tempore
1370 1010 1514 1045 existenti
1545 1011 1788 1056 archiepiscopo
1820 1011 1932 1045 Goano

1175 1070 1176 1085 ³
1193 1064 1430 1108 metropolitico
1446 1065 1514 1098 iure
1533 1065 1626 1098 etiam
1649 1071 1806 1109 perpetuo
1826 1065 1932 1099 subie-

1192 1117 1243 1154 cit,
1268 1123 1360 1161 prout
1386 1117 1414 1150 in
1443 1118 1534 1151 dictis
1558 1118 1672 1152 litteris
1697 1112 1823 1163 plenius
1848 1129 1928 1152 con-

1194 1170 1341 1204 tinetur⁴².

1238 1226 1253 1263 ξ
1272 1224 1302 1257 9..
1319 1226 1394 1258 Cum
1410 1231 1529 1266 autem,
1549 1225 1629 1259 sieut
1647 1227 1840 1270 acecpimus,
1856 1238 1932 1272 sup·
1964 1237 2136 1270 flammiferae·

1175 1279 1326 1323 pressio,
1351 1280 1521 1322 extinctio,
1550 1280 1696 1314 reductio
1721 1286 1749 1314 et
1775 1281 1932 1315 subiectio
1946 1273 2133 1321 Rt‘fi'ss‘l’ssfflffiuff'

1176 1333 1377 1371 {huiusmodi
1404 1334 1679 1377 perturbationem
1702 1334 1732 1367 in
1757 1334 1880 1368 dilectis
1897 1334 1934 1367 fi-

1177 1386 1256 1431 llll-³.
1277 1388 1363 1420 clero
1391 1393 1417 1420 et
1451 1387 1571 1431 populo
1603 1387 1737 1421 civitatis
1770 1389 1930 1431 Angama-

1177 1440 1290 1487 'densis
1317 1441 1570 1474 introduxerint:
1600 1452 1658 1475 nos
1683 1452 1722 1474 nc
1749 1441 1934 1476 earumdem

1178 1494 1442 1538 1s11pp1·essionis‚
1460 1494 1673 1536 extinctionis,
1690 1494 1888 1528 reductionis
1905 1500 1935 1527 et

1178 1582 1180 1603 ἢ
1196 1547 1402 1581 subiectionis
1419 1554 1597 1592 praetextu,
1622 1548 1705 1582 dieta
1723 1547 1856 1581 eeclesia
1874 1547 1936 1581 An-

467 1600 628 1633 Romanus
654 1600 808 1636 Pontifex,
833 1600 925 1643 aequi
952 1600 1094 1643 bonique
1111 1610 1162 1632 su-
1179 1629 1180 1636 ,
1197 1601 1387 1643 gamalcnsis
1406 1600 1512 1644 aliqua
1527 1600 1557 1633 in
1571 1600 1792 1645 spiritualibus
1806 1606 1837 1634 ct
1857 1606 1936 1634 tem-

423 1664 552 1696 premus
577 1660 726 1690 assertor.
752 1665 798 1694 ea,
824 1665 905 1698 quac
926 1665 982 1698 per
1003 1654 1081 1687 alios
1100 1655 1161 1687 Ro·
1196 1655 1362 1698 poralibus
1383 1654 1549 1698 dispendia
1575 1654 1726 1698 patiatur,
1750 1663 1808 1698 pro
1825 1660 1936 1688 nostro

424 1717 535 1740 manos
576 1707 747 1740 Pontifices
788 1708 1050 1751 praedecessores
1089 1719 1163 1741 suos
1179 1706 1181 1722 *
1197 1707 1364 1752 pastoralis
1385 1707 1483 1741 officii
1505 1707 1613 1740 debito
1634 1707 1802 1752 providere
1826 1708 1935 1742 volen-

423 1762 506 1795 circa
528 1768 687 1795 certarum
711 1761 874 1795 civitatum
901 1767 926 1795 et
956 1762 1161 1795 eeclesiarum
1198 1767 1253 1802 tes,
1271 1766 1358 1794 motu
1372 1760 1516 1805 proprio,
1536 1771 1599 1794 non
1611 1761 1650 1793 ad
1664 1760 1819 1804 praedicti
1838 1761 1936 1795 Fran-

422 1821 538 1849 statum
554 1815 686 1860 provide
708 1815 861 1860 disposita
879 1822 908 1849 et
929 1816 1075 1849 ordinata
1093 1827 1161 1850 cre·
1197 1815 1271 1849 cisci
1297 1814 1451 1859 episcopi,
1472 1815 1519 1848 vel
1546 1815 1676 1848 alterius
1696 1824 1754 1859 pro
1779 1824 1817 1848 co
1842 1814 1936 1849 nobis

424 1868 592 1909 debantur‚
614 1875 644 1901 ut
663 1868 825 1902 civitatum
842 1869 1073 1913 tranquillitati,
1091 1879 1162 1902 nee·
1179 1887 1181 1916 3
1197 1869 1322 1903 oblatae
1343 1867 1506 1913 petitionis
1521 1868 1715 1907 instantiam,
1732 1868 1787 1902 sed
1805 1868 1844 1902 de
1864 1878 1936 1902 nos·

423 1931 488 1956 non
514 1921 720 1955 ecclesiarum
748 1922 889 1966 ipsarum
917 1922 1030 1956 honori
1053 1929 1082 1956 et
1106 1923 1161 1956 de·
1179 1917 1181 1952 Ξ
1199 1925 1244 1956 tra
1274 1924 1361 1956 mera
1395 1921 1626 1955 deliberatione
1660 1922 1690 1955 in
1717 1922 1800 1956 dieta
1828 1921 1932 1956 eecle-

423 1974 488 2008 cori
511 1975 707 2014 consulatur,
732 1985 767 2008 ac
781 1976 1019 2012 scandalorum.
1040 1976 1242 2009 anima-isia
1268 1975 1491 2019 Angamalensi
1521 1985 1640 2009 nomen
1667 1981 1694 2009 et
1723 1975 1850 2009 titulum
1879 1986 1932 2009 ar-

425 2038 561 2072 rumque
593 2029 743 2072 periculis
776 2035 986 2071 occurratur,
1015 2040 1161 2064 successu
1198 2029 1394 2074 chiepiscopi
1421 2035 1449 2063 et
1478 2029 1743 2073 metropolitanae
1769 2029 1933 2070 ecelesiae,

711 1151 866 1184 Cxxvnt.

418 1276 671 1319 Anqamalmz.s·is
692 1276 821 1308 ccclesia
843 1275 876 1308 in
894 1276 1155 1319 archiepiscopa-

464 1334 533 1363 tum
556 1329 745 1362 restituitur
758 1329 777 1360 ¹.

644 1427 754 1454 Paulus
776 1426 934 1460 episeopus

608 1479 714 1499 servus
735 1478 889 1498 servorum
911 1471 972 1503 Dei,

544 1516 579 1543 ad
600 1520 773 1550 perpetuam
794 1516 838 1543 rei
859 1516 1041 1543 memoriam,

248 1629 366 1651 Exordium.

253 2419 347 2440 Clemens
365 2419 410 2441 Vttt

227 2447 340 2467 ecetesiam
371 2448 411 2467 An-

227 2473 369 2498 gamatonsnm
385 2473 411 2493 ad

227 2499 371 2525 episcopatum
381 2506 413 2520 re-
639 2512 645 2518 .
874 2512 879 2517 .
1135 2513 1139 2518 .

227 2526 411 2555 agneramnu-
427 2518 536 2545 noster
567 2517 662 2545 certis
697 2518 770 2545 tunc
795 2523 897 2545 causus
923 2512 1100 2553 adductus,
1134 2523 1163 2545 in

227 2557 318 2599 pnicum)t
340 2552 412 2573 Goano

227 2583 251 2600 ou
268 2584 308 2599 ieci
321 2594 325 2600 .

426 2078 579 2126 temporis
601 2083 630 2116 in
658 2083 827 2127 pristinum
852 2089 969 2117 statum
996 2094 1163 2128 reponere,

425 2142 503 2170 etex
519 2143 674 2181 potestate
692 2138 751 2170 sibi
771 2138 922 2172 divinitus
940 2138 1055 2171 tradita
1070 2138 1163 2172 desu-

425 2200 482 2233 per
493 2196 674 2235 opportune
689 2191 857 2234 providere
871 2191 1046 2233 cousuevit,
1056 2198 1163 2235 prout,

424 2254 649 2287 personarum,
675 2250 857 2288 temporum
876 2250 905 2278 ct
926 2245 1071 2278 locorum
1087 2256 1164 2289 qua-

427 2297 567 2331 litatibus
588 2297 692 2331 debite
711 2298 863 2341 pensatis,
882 2298 1034 2342 conspicit
1056 2298 1085 2331 in
1105 2299 1163 2331 Do-

426 2351 513 2385 mino
539 2351 709 2385 salubriter
734 2352 894 2395 expedire.

472 2405 540 2447 gl.
570 2405 654 2438 Alias
688 2405 844 2449 siquidem
878 2405 978 2439 felicis
1013 2406 1163 2439 recorda-

429 2458 522 2491 tionis
552 2458 697 2492 Clemens
728 2458 812 2502 Papa
844 2459 905 2492 Vlll
939 2459 1166 2502 praedecessor

428 2566 559 2600 ecclesia
588 2566 811 2609 Angamalensi
837 2566 932 2609 (quae
958 2566 988 2598 in
1015 2566 1163 2607 remotis,

429 2623 459 2650 et
476 2619 558 2652 inter
579 2619 712 2661 gentiles
734 2625 761 2652 et
785 2619 1015 2658 schismaticos,
1038 2625 1066 2652 et
1088 2619 1166 2652 alios

469 2682 474 2706 t
500 2680 535 2706 Ex
556 2682 662 2716 aegest.
687 2682 710 2708 iu
732 2682 835 2708 Serret.
859 2681 935 2708 Brev.

1179 2080 1323 2129 {necnon
1352 2083 1478 2122 sedem,
1503 2082 1690 2125 dignitatem
1717 2088 1747 2116 ct
1776 2082 1937 2127 praeemi-

1180 2132 1338 2182 Jnentiam
1365 2136 1666 2180 archiepiscopales,
1688 2136 1937 2181 universumque

1180 2202 1181 2226 3
1199 2191 1246 2224 ius
1264 2190 1548 2234 metropoliticum,
1566 2190 1604 2223 de
1620 2195 1691 2223 voto
1706 2189 1936 2224 venerabilium

1198 2244 1331 2277 fratrum
1353 2249 1536 2277 nostrorum
1558 2243 1589 2276 S.
1613 2243 1648 2276 R.
1671 2243 1703 2276 E.
1724 2242 1937 2277 cardinalium

1181 2297 1342 2345 3ncgociis
1367 2303 1394 2329 ct
1423 2296 1518 2330 rebus
1544 2295 1818 2330 consistorialibus
1845 2306 1937 2341 prae-

1181 2351 1183 2365 ’·
1201 2353 1377 2393 sectorum,
1398 2350 1572 2394 apostolica
1594 2349 1802 2390 auctoritate,
1827 2355 1936 2384 tenore

1200 2404 1437 2448 praesentium,
1465 2409 1622 2448 perpetuo
1655 2402 1871 2444 restituimus,
1901 2413 1937 2437 ac

1201 2458 1300 2502 ipsam
1325 2457 1492 2492 eeclesiam
1508 2457 1772 2500 Angamalensem
1787 2456 1937 2490 adversus

1200 2511 1458 2556 suppressionem
1475 2538 1482 2551 ,
1507 2509 1732 2543 extinctionem
1762 2514 1792 2542 et
1817 2509 1937 2542 litteras

1182 2446 1184 2454 r

1241 2594 1247 2618 t
1271 2591 1415 2619 Videretur
1435 2591 1527 2618 deesse
1548 2599 1595 2618 vox
1615 2590 1762 2618 reductam
1781 2591 1821 2625 (n.
1834 2590 1882 2624 r).

1235 2636 1251 2663 2
1272 2636 1329 2663 Non
1350 2640 1412 2671 puto
1433 2635 1608 2671 praecitatam
1627 2634 1709 2661 Glem.
1728 2633 1779 2661 thl
1801 2633 1936 2661 Constitu-

1203 2681 1300 2709 tionem
1317 2680 1428 2716 reperiri
1445 2680 1469 2706 in
1487 2679 1617 2707 Butlario
1630 2679 1669 2712 (n.
1687 2680 1734 2713 τ.>,
