2227 3241
0 307 2 315 ,
54 282 102 311 An.
114 280 142 309 C.
167 280 236 308 ¹604

93 1662 98 1670 .

88 1678 164 1700 :adem
179 1679 242 1700 eomi-

64 1705 93 1726 tta
104 1705 181 1726 dictum
197 1711 243 1727 vec-

65 1731 113 1758 tigal
128 1732 154 1752 ad
169 1738 243 1753 carnes

0 1767 26 1782 ι,
64 1758 146 1779 oxi-udi
177 1760 244 1785 petie-

64 1786 118 1806 mm.

878 283 1024 307 CLEMENS
1046 284 1102 308 VIII
1125 285 1171 307 I‘I‘.

253 329 446 373 apostolicae
457 330 531 363 Sedi
541 330 726 364 immediate
739 330 886 371 subiecti,
899 330 994 364 Ordi-

253 383 302 416 nis
323 383 488 425 regulares
502 384 641 427 (necnon
657 384 853 418 monasteria
873 385 994 418 utrius-

253 446 316 479 que
333 446 426 470 sexus
444 443 630 478 conventus,
648 438 782 480 collegia
796 443 827 471 et
845 437 995 470 ecclesia-

253 500 325 522 rum
343 490 483 534 capitula
497 492 687 525 eorumdem
701 491 902 534 regnorum),
919 491 995 524 etin

253 543 375 577 eisdem
390 546 496 588 regnis
510 552 750 580 commorantes
769 552 799 580 et
819 546 996 580 consisten-

254 603 299 632 tes
314 626 321 640 ,
348 600 388 632 ad
409 601 641 634 conserendum
668 607 699 634 et
723 601 996 634 contribuendum

251 653 585 696 proportionabiliter,
596 660 693 698 prout
704 654 788 694 laici,
800 655 831 687 in
843 654 936 687 dictis
945 665 997 687 su-

251 706 563 748 peradditionalibus
577 708 715 741 servitiis
727 718 783 741 seu
795 708 957 748 subsidiis,
968 713 998 741 et

252 758 293 791 ad
309 759 498 793 solvendum
516 761 676 803 gahellam
694 772 750 794 seu
770 761 862 795 sitam
884 771 997 795 eorum

253 812 423 847 occasione
438 825 535 859 super
549 815 621 849 vino
640 821 670 849 et
685 816 756 849 oleo
774 816 805 848 in
823 815 997 859 praedictis

253 866 362 909 regnis
381 868 572 911 colligendis
593 874 624 902 et
643 869 873 903 consumendis
893 869 997 913 impo-

253 921 407 962 nendam,
424 933 482 956 seu
495 923 603 957 forsan
622 923 818 968 impositam,
836 924 876 957 ad
897 923 998 957 instar

254 975 423 1017 laicorum,
445 977 580 1011 durante
599 978 683 1011 dicto
701 979 865 1019 sexennio,
887 984 917 1012 et
933 989 998 1012 non

253 1028 349 1071 ultra,
363 1030 464 1063 teneri
475 1036 504 1064 et
517 1031 677 1075 obligatos
690 1032 824 1066 existere
838 1032 999 1066 voluimus

254 1088 350 1126 atque
368 1085 602 1126 mandavimus,
620 1091 660 1127 et,
678 1092 836 1130 quatenus
853 1097 934 1130 opus
952 1097 999 1119 es-

254 1141 312 1177 set,
341 1139 532 1182 opportunis
562 1139 640 1172 iuris
665 1145 696 1173 et
723 1140 796 1173 sacti
823 1140 996 1179 remediis,

255 1189 353 1223 etiam
374 1202 432 1235 per
449 1198 614 1226 exactores
628 1193 788 1227 dictorum
811 1193 1000 1237 superaddi-

257 1243 426 1277 tionalium
452 1246 654 1280 servitiorum
681 1257 738 1280 seu
766 1247 997 1287 subsidiorum,

256 1303 311 1331 aut
328 1308 439 1332 eorum
459 1300 629 1333 occasione
644 1300 860 1344 imponendae
874 1312 929 1334 seu
943 1300 1001 1333 im-

256 1351 379 1394 positae
397 1352 541 1395 gabellae
562 1353 626 1386 sive
643 1354 723 1387 sitae
744 1354 940 1393 huiusmodi,
962 1354 1001 1386 ad

257 1405 302 1438 tui
319 1405 447 1439 libitum
466 1407 708 1441 constituendos
727 1414 757 1441 et
775 1408 999 1447 removendos,

257 1458 328 1501 cogi
342 1465 373 1493 et
386 1461 536 1504 compelli
556 1472 648 1505 posse
663 1461 892 1502 concessimus,
906 1468 1003 1506 prout

258 1512 289 1545 in
317 1514 435 1547 nostris
461 1515 600 1559 desuper
625 1516 657 1548 in
684 1516 787 1548 forma
811 1515 918 1548 Brevis
944 1515 1003 1548 sub

258 1566 367 1599 datum
383 1566 434 1600 die
451 1578 528 1601 xxm
547 1567 684 1601 ianuarii
699 1578 775 1602 §toci
794 1568 1004 1612 pontificatus

257 1620 360 1654 nostri
378 1631 462 1655 anno
480 1632 567 1655 nono
581 1621 599 1655 ¹.

303 1674 318 1718 ἓ
337 1673 368 1707 4.
394 1675 430 1708 Et
448 1675 565 1709 deinde
582 1687 640 1720 per
660 1687 718 1709 nos
732 1676 854 1720 pariter
871 1684 1004 1721 accepto

260 1728 348 1771 quod
373 1728 405 1762 in
430 1729 569 1763 comitiis
598 1740 654 1763 seu
686 1731 783 1764 curiis
815 1731 1002 1764 eorumdem

260 1786 390 1815 tuorum
408 1793 595 1825 regnorum,
612 1789 686 1816 tunc
701 1783 847 1827 proxime
866 1784 1006 1817 celebra-

261 1834 310 1876 tis,
326 1836 564 1870 consideratum
579 1837 683 1870 suerat
696 1837 1005 1881 superadditionalia

260 1889 388 1922 servitia
412 1900 468 1923 seu
499 1890 643 1924 subsidia
673 1891 857 1935 supradicta
883 1891 939 1924 tibi
966 1891 1003 1924 ad

260 1943 449 1976 sexennium
464 1944 582 1985 oblata,
600 1950 641 1985 et,
658 1949 693 1977 ut
710 1945 902 1988 praefertur,
919 1955 1007 1988 prae-

262 1996 375 2029 standa
393 1997 489 2040 (quae
510 1997 541 2030 in
565 2003 666 2030 totum
688 1997 726 2030 ad
748 1998 858 2030 decem
882 2003 913 2030 et
932 2004 1005 2030 octo

205 2057 214 2067 ·
263 2048 368 2083 decies
389 2056 523 2084 centena
543 2051 643 2083 millia
662 2061 835 2084 aureorum
854 2061 1005 2083 nummo-

263 2113 334 2136 rum
347 2104 522 2136 ascendere
534 2104 706 2143 debebant,
720 2110 750 2137 et
763 2115 798 2137 ex
813 2103 931 2147 quibus
947 2104 1006 2136 tria

263 2156 369 2190 decies
381 2163 515 2190 centena
526 2157 626 2190 millia
637 2158 785 2190 similiter
797 2167 1005 2190 nummorum

264 2220 438 2244 aureorum
457 2211 630 2255 quotannis
648 2212 843 2254 praestanda
860 2217 955 2244 erunt
971 2222 1007 2244 ex

264 2263 390 2307 gabeli-a
421 2275 478 2298 seu
507 2265 565 2298 sita
593 2275 690 2308 super
718 2265 791 2297 vino
822 2270 852 2298 et
878 2265 949 2298 oleo
976 2265 1007 2297 in

265 2318 438 2361 praedictis
452 2319 559 2361 regnis
573 2319 763 2361 colligendis
776 2324 807 2352 et
821 2328 1009 2351 consumen-

266 2370 315 2403 dis
343 2370 514 2415 imposita')
544 2372 612 2405 sine
641 2382 758 2413 magno
788 2377 819 2404 et
848 2371 1008 2404 excessivo

266 2424 461 2468 populorum
476 2425 660 2467 gravamine
675 2425 781 2467 colligi
797 2435 861 2457 non
876 2424 1006 2468 posscff,

268 2482 298 2510 et
319 2484 501 2522 propterea,
525 2489 583 2522 pro
602 2478 720 2511 minori
738 2478 928 2512 corumdem
952 2488 1010 2521 po-

304 2567 317 2593 1
338 2565 478 2595 Subinlell.
496 2569 679 2601 contimtum
696 2576 775 2604 porro
792 2567 946 2604 praedictae
967 2567 1011 2594 Iit-

270 2615 344 2639 terae
359 2611 384 2639 in
401 2612 517 2641 Bullario
534 2622 586 2641 non
603 2617 665 2640 sunt
679 2620 716 2646 tn.
734 2614 781 2647 τ.).

304 2657 321 2684 2
339 2658 434 2694 Aptius
448 2659 562 2687 fortasse
583 2659 717 2694 legeretur
735 2667 825 2693 posse,
848 2667 927 2693 quam
947 2666 1012 2693 pos-

270 2705 311 2730 aee
325 2705 361 2739 (n.
371 2705 419 2737 τ.).

1029 332 1182 375 pulorum
1202 332 1407 372 detrimento,
1424 331 1601 376 plurimum
1620 330 1771 374 expedire

1030 391 1064 417 ut
1083 385 1268 418 huiusmodi
1290 385 1416 428 gabella
1436 396 1493 419 seu
1513 385 1572 419 sita
1596 385 1637 418 ad
1658 395 1771 418 carnes

1031 438 1061 470 in
1080 439 1199 471 eisdem
1216 440 1322 482 regnis
1337 440 1519 473 vendendas
1533 439 1768 477 extenderetur,

1031 491 1075 524 ita
1093 497 1198 525 tamen
1217 500 1251 525 ut
1272 499 1444 537 propterea
1465 504 1591 527 summa
1607 493 1773 536 praedicta

1030 546 1120 579 nullo
1141 547 1238 579 modo
1260 553 1429 587 cresceret,
1448 553 1478 580 et
1491 547 1557 591 ipsa
1572 547 1697 589 gabella
1717 557 1773 579 seu

1031 598 1090 631 sita
1111 610 1207 643 super
1224 600 1298 633 vino
1310 605 1350 633 ‘et
1370 601 1442 634 oleo
1464 600 1613 644 imposita
1638 610 1709 633 cum
1729 599 1774 632 ef-

1031 652 1115 686 Fectu
1141 663 1206 686 non
1235 659 1428 695 augeretur,
1457 660 1487 687 et
1512 666 1548 687 ex
1581 654 1647 687 istis
1673 653 1774 686 tribus

1032 717 1141 740 rerum
1167 707 1335 751 speciebus
1365 714 1431 741 tota
1459 719 1585 741 summa
1609 707 1775 751 praedicta

1032 761 1257 794 tantummodo
1286 768 1537 803 congereretur,
1564 762 1703 804 ideoque
1736 760 1775 793 de

1031 814 1217 848 huiusmodi
1243 815 1427 848 extensione
1448 815 1593 857 gabellae
1621 825 1676 847 seu
1697 814 1775 847 sitae

1031 868 1070 901 ad
1092 879 1204 901 carnes
1229 868 1374 902 facienda
1394 869 1478 902 inter
1499 879 1553 902 eos
1578 874 1703 901 mature
1726 878 1776 901 re-

1031 922 1172 955 solutum
1188 924 1308 962 suerat,
1327 928 1357 956 et
1371 923 1446 966 quia
1460 923 1539 956 haec
1556 923 1700 965 gabellae
1719 933 1775 956 seu

1032 975 1110 1009 sitae
1131 977 1169 1009 ad
1193 976 1319 1009 tertiam
1342 976 1487 1009 carnium
1517 977 1656 1020 speciem
1678 988 1773 1020 prae-

1033 1029 1151 1062 dictam
1185 1030 1328 1063 extensio
1359 1040 1519 1063 summam
1552 1031 1641 1063 nullo
1679 1031 1776 1063 modo

1033 1082 1190 1125 augebat,
1215 1088 1311 1127 atque
1338 1083 1377 1116 ab
1405 1083 1481 1127 ipsi5
1508 1083 1603 1116 etiam
1628 1083 1777 1116 ecclesia-

1033 1136 1120 1170 sticis
1139 1136 1263 1170 facilius
1283 1137 1361 1170 solvi
1383 1143 1414 1170 et
1435 1137 1510 1170 ferri
1529 1144 1670 1181 poterat,

1079 1190 1093 1233 ἓ
1121 1189 1150 1223 5.
1175 1191 1255 1231 Nos,
1285 1190 1442 1224 maiestati
1478 1197 1550 1224 tuae
1583 1191 1774 1235 ampliorem

1034 1244 1171 1286 gratiam
1186 1245 1292 1278 facere
1308 1246 1462 1286 volentes,
1479 1251 1580 1287 motu,
1601 1246 1733 1279 scientia
1747 1252 1777 1279 et

1036 1298 1202 1341 potestatis
1231 1298 1432 1342 plenitudine
1465 1299 1635 1339 similibus,
1664 1310 1777 1332 omnes

1036 1357 1067 1385 et
1091 1352 1233 1395 singulas
1258 1352 1490 1386 eeclesiasticas
1514 1363 1686 1397 personas,
1714 1359 1777 1385 tam

1036 1406 1216 1439 saeculares
1237 1417 1332 1449 quam
1352 1407 1501 1446 cuiusvis,
1523 1407 1618 1439 etiam
1641 1406 1779 1450 exempti

1037 1465 1068 1492 et
1092 1459 1297 1502 Apostolicae
1317 1460 1390 1493 Sedi
1411 1460 1598 1493 immediate
1626 1460 1777 1500 subiecti,

1037 1513 1164 1546 Ordinis
1184 1513 1349 1555 regulares
1369 1515 1511 1557 (necnon
1532 1514 1727 1547 monasteria
1745 1525 1781 1546 u—

1040 1567 1184 1611 triusque
1205 1578 1320 1608 sexus,
1352 1573 1548 1607 conventus,
1580 1567 1717 1610 collegia
1747 1577 1783 1599 ac

1038 1621 1248 1654 eeclesiarum
1279 1621 1420 1664 capitula
1452 1630 1626 1663 regnorum
1653 1619 1782 1664 praedi-

1039 1674 1191 1717 ctorum),
1213 1680 1242 1707 et
1260 1674 1291 1707 in
1310 1674 1430 1708 eisdem
1450 1673 1557 1716 regnis
1578 1684 1783 1707 commoran-

1041 1733 1086 1761 tes
1100 1728 1370 1768 etconsistentes,
1392 1738 1451 1771 pro
1467 1727 1709 1760 contributione
1727 1737 1784 1771 per

1039 1792 1104 1822 eos,
1126 1787 1159 1814 ut
1180 1781 1211 1814 in
1228 1781 1297 1814 aliis
1318 1781 1511 1825 supradictis
1526 1781 1639 1814 litteris
1653 1790 1783 1814 conces-

1039 1846 1195 1875 seramus,
1221 1834 1557 1878 proportionabiliter,
1578 1840 1675 1878 prout
1694 1834 1778 1874 laici,

1040 1889 1071 1921 in
1090 1889 1184 1922 dictis
1203 1888 1556 1932 superadditionalibus
1574 1888 1709 1921 servitiis
1726 1898 1782 1921 seu

1040 1943 1191 1976 subsidiis
1204 1943 1408 1983 facienda,ad
1420 1943 1608 1976 solvendum
1623 1942 1782 1985 gabellam

1040 2007 1096 2030 seu
1110 1996 1202 2030 sitam
1217 1997 1417 2036 huiusmodi,
1435 2007 1453 2029 a
1466 1996 1540 2029 vino
1555 2002 1586 2030 et
1606 1997 1677 2029 oleo
1691 2005 1784 2039 prae-

1042 2050 1111 2083 fatis
1132 2051 1172 2083 ad
1196 2061 1309 2083 carnes
1331 2050 1440 2090 etiam,
1462 2055 1497 2082 ut
1516 2049 1707 2093 praefertur,
1730 2060 1783 2081 ex-

1041 2104 1247 2144 tendendam,
1262 2104 1305 2136 ita
1318 2109 1424 2136 tamen
1439 2109 1473 2135 nt
1486 2113 1545 2136 nec
1555 2113 1680 2136 summa
1695 2111 1786 2145 prae-

1041 2158 1126 2191 dicta
1147 2164 1331 2200 augeretur,
1347 2168 1405 2190 nec
1427 2163 1552 2201 tempus
1564 2156 1706 2189 sexennii
1721 2156 1784 2188 iani

1041 2212 1200 2245 currentis
1225 2212 1482 2255 protraheretur,
1506 2221 1607 2254 aeque
1628 2221 1663 2243 ac
1689 2209 1785 2242 laicos

1043 2265 1143 2299 teneri
1165 2271 1196 2298 et
1213 2265 1372 2307 obligatos
1397 2276 1465 2298 esse
1489 2265 1649 2297 voluimus
1674 2269 1705 2296 et
1725 2269 1784 2296 sta-

1043 2319 1162 2353 tuimus
1176 2325 1207 2352 et
1224 2319 1455 2359 ordinavimus,
1472 2324 1511 2359 et,
1527 2323 1684 2361 quatenus
1705 2327 1785 2360 opus

1043 2379 1135 2413 esset,
1157 2373 1348 2417 opportunis
1370 2372 1448 2405 iuris
1469 2378 1500 2405 ct
1526 2371 1598 2404 sacti
1620 2370 1781 2409 remediis,

1044 2426 1140 2459 etiam
1162 2437 1220 2470 per
1241 2431 1405 2459 exactores
1419 2425 1579 2458 dictorum
1597 2423 1786 2467 superaddi-

1046 2479 1214 2512 tionalium
1240 2479 1444 2513 servitiorun‘i
1470 2489 1525 2511 sen
1551 2477 1782 2515 subsidiorumv

1046 2539 1076 2565 et
1096 2533 1296 2575 gabellarum
1318 2543 1373 2566 scu
1395 2532 1528 2565 sitarum
1550 2541 1660 2563 eorum
1688 2541 1782 2563 occa-

1046 2587 1146 2627 sione,
1171 2593 1205 2620 nt
1225 2589 1415 2630 praefertur,
1434 2585 1670 2629 impositarum,
1687 2584 1726 2617 ad
1741 2584 1786 2617 tui

1047 2640 1173 2673 libitum
1195 2640 1437 2673 constituendos
1452 2645 1482 2672 et
1497 2638 1718 2677 removendos,
1736 2647 1787 2670 co-

1047 2693 1077 2736 gi
1095 2699 1125 2727 ct
1145 2694 1296 2737 compelli
1317 2704 1410 2737 posse
1429 2692 1655 2726 concessimus:

1674 271 1739 305 155
1786 281 1837 307 An.
1852 280 1881 307 c.
1903 280 1970 308 1604

1799 1199 1978 1229 Appi-‹marimu-

1792 1236 1849 1251 inens
1861 1231 1881 1249 et
1891 1227 1929 1248 snb
1941 1232 1975 1246 oa·

1793 1258 1838 1277 deni
1850 1257 1895 1281 lege
1909 1253 1976 1274 eccle-

1792 1285 1890 1303 siasticos
1922 1285 1977 1299 tom·

1792 1308 1896 1338 preliandi
1907 1307 1978 1327 votuit.
