2227 3241
904 232 997 257 mnes
1025 230 1128 256 uentu
1678 218 1741 254 687

252 291 441 326 Laurentius
465 287 548 324 tituli
570 287 599 321 S.
625 287 786 321 Laurentii
811 287 842 320 in
867 284 953 319 Pane
978 286 1009 317 et
1032 282 1134 317 Perna
1159 282 1329 317 cardinalis
1352 281 1571 324 Blanchettus,
1598 281 1661 317 290
1682 292 1710 316 α.

218 346 223 348 ’
252 344 360 379 Lazari
386 343 441 387 (S.)
468 341 739 377 Hierosolimitani
769 337 924 383 hospitale
957 340 987 371 et
1019 336 1147 378 milltia,
1183 337 1219 370 31
1256 347 1284 369 α.
1318 336 1464 371 Pluribus
1496 336 1674 380 privilegiis
1703 345 1784 380 gau-

343 397 454 439 debat,
480 397 518 431 31
547 396 573 429 b.
598 395 636 429 Et
659 396 753 429 etiam
789 393 872 439 quod
906 393 974 426 eius
998 390 1114 424 milites
1140 391 1302 434 coniugati
1327 392 1497 433 pensiones
1521 391 1724 434 perciperent
1747 390 1788 424 de

317 476 325 483 .
341 450 434 485 bonis
459 449 702 490 ecclesiasticis,
729 447 769 480 32
795 457 831 480 a:
859 446 928 479 ride
951 444 1061 478 Militia
1085 445 1131 478 Ss.
1156 444 1293 478 Mauritii
1319 447 1349 478 et
1375 443 1490 478 Lazari.

252 505 402 550 Legionis
432 503 523 546 regni
548 502 772 546 episcoporum
798 500 928 540 vicarii,
952 499 1137 543 caeterique
1162 497 1331 540 officiales,
1356 500 1387 533 in
1412 499 1509 532 saeris
1535 498 1695 532 constituti
1720 507 1788 532 esse

341 556 476 599 debent,
502 555 566 588 584
591 564 671 598 seqq.

254 611 317 645 Leo
341 610 399 645 ΡΡ.
425 609 483 650 XI,
511 607 584 641 182.
606 606 683 640 Eius
703 605 830 648 obitus,
857 609 888 640 et
912 605 1091 649 sepultura,
1120 604 1195 638 ibid.
1216 604 1263 638 Ad
1290 614 1323 638 se
1349 607 1459 639 avocat
1484 608 1513 638 et
1539 605 1696 648 extinguit
1719 603 1789 638 lites

343 662 521 707 pendentes
539 661 621 694 inter
637 659 757 693 clerum
775 659 1000 702 Hispaniarum
1019 662 1050 693 et
1070 659 1252 693 societatem
1275 657 1345 692 lesu
1363 667 1457 701 super
1474 657 1628 691 solutione
1653 657 1791 692 deeima-

343 727 414 751 rum
438 715 604 760 parochis,
627 714 690 747 188
715 713 731 745 h
756 723 836 757 seqq.

255 769 427 804 Leonardis
453 768 519 813 (de)
545 767 699 807 Ioannes,
726 767 861 800 clericus
887 764 1043 809 regularis
1068 764 1331 809 Congregationis
1356 764 1525 807 Lucensis,
1552 765 1613 798 666
1640 764 1665 798 b.
1691 764 1792 799 Resti-

344 825 403 858 tuit
428 821 632 866 disciplinam
657 818 789 855 Ordinis
813 819 914 853 saneti
938 818 1103 852 Benedicti
1128 819 1384 862 congregationis
1409 818 1523 852 Montis
1541 817 1696 862 VirginiS,
1713 817 1791 851 ibid.

257 877 417 912 Lucenses
442 875 652 910 admonentur
676 873 810 907 violatae
835 872 1073 907 ecclesiasticae
1098 872 1343 914 iurisdictionis,
1370 872 1431 905 269
1457 871 1472 903 b
1496 882 1557 916 seq.

258 931 411 965 Lucensis
435 929 661 972 Congregatio,
688 928 750 960 666
775 927 801 960 b.
1128 939 1131 942 -

255 983 400 1018 Lucretia
424 981 536 1017 Urbini
560 981 705 1022 ducissa,
731 981 772 1015 53
797 980 824 1013 l».

255 1036 436 1072 Ludovicus
457 1035 513 1080 (S.)
534 1035 687 1069 Franciae
711 1044 768 1068 rex
794 1033 949 1078 hospitale
975 1037 1189 1068 trecentorum
1215 1042 1383 1066 caecorum
1405 1032 1533 1066 Parisiis
1554 1033 1656 1075 erigit,
1680 1032 1741 1066 400
1764 1032 1790 1065 b.

258 1089 438 1124 Ludovicus
462 1088 665 1130 Bertrandus,
691 1087 823 1123 Ordinis
846 1087 1116 1129 Praefflcatnum,
1134 1096 1151 1121 a
1169 1085 1265 1120 Paulo
1284 1085 1307 1118 V
1325 1085 1492 1120 Beatorum
1518 1094 1649 1120 numero
1674 1085 1792 1120 adscri-

348 1142 451 1186 bitur,
478 1143 542 1177 534
567 1142 593 1176 b.
617 1142 757 1184 Missam,
783 1142 987 1187 officiumque
1012 1141 1051 1174 de
1077 1150 1114 1174 eo
1147 1142 1178 1174 in
1210 1149 1309 1184 regno
1341 1139 1505 1173 valentiae
1537 1140 1665 1174 recitari
1697 1148 1792 1184 posse

348 1196 542 1238 conceditur,
564 1196 631 1230 ibid

260 1249 440 1285 Ludovicus
465 1252 636 1294 episeopus
661 1249 910 1291 salamantinus,
937 1249 999 1282 560
1025 1259 1053 1281 (ι.

1013 1396 1096 1444 Μ’

259 1519 500 1565 Maerieiowshy
525 1519 713 1562 cardinalis,
739 1520 908 1564 episcopus
933 1517 1167 1552 Cracoviensis:
1194 1516 1263 1550 vide
1287 1516 1475 1551 Bernardus.

258 1572 447 1618 Magdalena
481 1572 626 1616 Mortang
658 1571 820 1607 abbatissa
851 1572 1034 1605 monasterii
1060 1569 1237 1604 Culmensis
1262 1569 1392 1605 Ordinis
1418 1569 1652 1611 S.·Benedicti,
1679 1569 1740 1603 173
1766 1580 1794 1602 a.

347 1627 498 1662 Restituit
521 1627 715 1661 monasteria
738 1619 908 1660 Culmense
934 1628 965 1659 et
989 1624 1190 1665 Turenense,
1218 1623 1293 1657 ibid.

260 1679 497 1726 Magistratibus
521 1682 799 1722 communitatum,
819 1679 894 1714 dum
919 1679 1027 1714 divina
1053 1678 1156 1712 officia
1181 1677 1399 1717 celebrantur,
1421 1686 1482 1710 non
1508 1676 1583 1712 lieet
1607 1678 1638 1711 in
1664 1675 1797 1722 presby-

349 1736 430 1769 terio
454 1737 557 1776 stare,
583 1735 624 1768 80
650 1745 680 1768 α.

261 1787 434 1833 Maphaeus
459 1788 720 1832 archiepiscopus
744 1787 926 1822 Nazarenus
952 1787 1090 1821 nuncius
1115 1786 1305 1831 apostolicus
1330 1787 1361 1819 in
1387 1784 1514 1826 13311115,
1541 1785 1604 1819 352
1628 1784 1653 1818 b.

259 1841 427 1877 Marcellus
452 1841 565 1876 Lantes
590 1841 743 1876 Gamerae
768 1840 970 1885 Apostolicae
996 1840 1135 1882 auditor,
1162 1841 1225 1874 355
1251 1851 1279 1873 ιι.
1305 1839 1418 1873 Postea
1441 1838 1524 1873 tituli
1550 1838 1594 1872 Ss.
1621 1837 1742 1880 Quirici
1768 1842 1799 1873 et

348 1894 472 1930 lulittae
494 1895 663 1940 presbyter
681 1894 860 1936 cardinalis,
879 1897 910 1928 et
926 1893 1058 1929 Ordinis
1075 1894 1231 1929 Δ1111101113]
1249 1893 1514 1928 Cenventualium
1533 1896 1706 1937 protector,
1724 1893 1798 1932 550,

261 1948 359 1983 Maria
384 1949 494 1993 VIrgo,
512 1960 586 1994 paq.
608 1950 623 1983 1
651 1960 681 1982 α.
706 1948 769 1990 Qui
793 1949 862 1982 eius
887 1947 1109 1991 Virginitatem
1134 1952 1261 1991 negant,
1288 1956 1399 1980 severe
1425 1950 1498 1980 sunt
1524 1946 1697 1990 puniendi,
1718 1947 1793 1981 ibid.

261 2002 379 2038 Mariae
406 2002 464 2047 (B.)
491 2003 531 2037 de
556 2002 674 2037 Catena
699 2004 729 2036 in
755 2003 883 2036 civitate
908 2001 1130 2036 Panormitano
1163 2000 1315 2041 ecclesia,
1342 2000 1402 2032 487
1430 1999 1456 2032 b.
1482 1998 1672 2034 Conceditur
1696 2001 1798 2035 fratri-

349 2056 409 2092 bus
426 2057 616 2092 Refer-matis
633 2055 764 2092 Ordinis
785 2055 997 2090 Eremitarum
1017 2055 1046 2088 S.
1066 2055 1237 2098 Augustini
1258 2052 1526 2087 Discalceatorum
1542 2055 1798 2098 congregationis

350 2110 494 2152 Siciliae,
523 2111 584 2145 488
608 2121 670 2155 seq.

264 2164 383 2201 Mariae
405 2165 463 2210 (B.)
485 2165 524 2200 de
549 2164 696 2199 Cornella
732 2163 899 2208 collegiata
933 2163 1069 2198 ecelesia
1100 2161 1245 2196 Elnensis
1271 2160 1444 2201 dioecesis,
1473 2160 1532 2195 184
1559 2160 1584 2193 b.
1609 2160 1726 2196 Prioris
1752 2162 1799 2196 iu-

352 2218 496 2254 risdietio
521 2220 552 2253 in
578 2219 765 2260 canonicos,
793 2219 866 2252 185.

266 2272 384 2308 Mariae
407 2272 464 2317 (S.)
491 2273 522 2306 in
547 2271 741 2312 Venticano,
768 2271 831 2306 432
856 2282 885 2304 α.
911 2269 1047 2306 Abbatia
1071 2278 1223 2304 concessa
1254 2268 1327 2303 olim
1352 2267 1594 2303 bibilothecario
1618 2266 1799 2309 vaticanae,

354 2329 464 2370 postea
489 2327 551 2370 ipsi
575 2324 787 2359 bibliothecae
814 2326 900 2359 unita
925 2325 997 2366 11111,
1023 2323 1099 2357 ibid.
1634 2363 1638 2366 -

263 2380 381 2416 Mariae
403 2380 462 2424 (B.)
484 2379 642 2414 Fuliensis
679 2379 907 2423 Congregatio,
934 2379 973 2411 63
1000 2388 1029 2410 α.
1055 2377 1199 2411 Monachi
1236 2377 1329 2411 liuius
1368 2375 1684 2419 Cougrcgationionis
1709 2377 1734 2409 si
1760 2375 1798 2409 ad

354 2434 450 2469 alium
475 2433 632 2469 Ordinem
657 2434 857 2474 transierint,
876 2431 915 2466 ad
941 2431 1084 2465 eamdem
1111 2432 1180 2464 siue
1201 2430 1293 2464 Sedis
1314 2428 1513 2473 Apostolicae
1539 2428 1666 2462 licentia
1683 2430 1800 2462 reverti

354 2490 532 2533 nequeunt,
554 2486 621 2519 ibid
652 2486 822 2529 Privilegia
840 2486 869 2519 ei
890 2494 1060 2525 concessa,
1079 2485 1142 2518 323
1158 2495 1238 2528 seqq.
1260 2483 1497 2518 Communicata
1522 2481 1691 2524 privilegia
1715 2484 1799 2514 cete-

356 2551 463 2576 rorum
495 2539 651 2576 Ordiuum
685 2539 897 2583 regularium,
923 2539 984 2572 326
1012 2548 1040 2577 11,
1068 2537 1125 2570 331
1157 2548 1185 2570 (1.
1216 2537 1372 2570 Exiniilur
1397 2545 1414 2568 a
1439 2543 1639 2579 quacumque
1667 2533 1800 2567 iurisdi—

354 2596 459 2629 ctione
498 2593 711 2638 praelatorum
748 2591 879 2627 Ordinis
917 2591 1154 2632 cisterciensis,
1188 2594 1217 2624 et
1253 2589 1516 2628 Ordinariorum,
1543 2587 1604 2620 :329
1631 2586 1656 2619 b.
1683 2585 1799 2620 Eadem

354 2647 522 2692 privilegia
553 2645 745 2681 monialibus
771 2654 899 2690 queque
924 2644 1161 2688 conceduntur,
1189 2643 1249 2677 367
1276 2654 1295 2676 α
1321 2647 1351 2677 et
1375 2652 1455 2686 seqq.
1480 2640 1642 2675 Monachis
1668 2639 1800 2674 huiusce
