2227 3241
36 281 84 307 Ατι.
100 278 128 306 C.
151 278 219 305 1605

63 712 152 738 uerogat
168 717 216 733 con·

36 740 110 762 turin.

80 1625 220 1652 Trnnsumptis

43 1652 98 1674 credi
113 1652 176 1674 iubet.

885 274 1007 300 PAULUS
1027 275 1046 300 V
1066 276 1116 300 PP-

232 325 347 359 futuris
359 326 559 370 temporibus
568 325 724 359 maiorem
735 324 970 368 eleemosynam

232 379 271 412 ab
289 379 326 413 iis
341 407 348 420 ,
378 379 432 424 qui
454 379 486 412 in
507 379 679 413 domorum
707 378 947 423 praedictarum
962 404 969 418 ,
989 385 991 426 ξ

231 444 328 477 quam
357 434 390 466 in
414 433 656 478 parochialibus
685 432 829 467 ecclesiis
861 432 992 480 huius-3

232 487 319 521 modi
341 487 569 532 sepelirentur,
593 486 706 531 quovis
730 491 899 531 praetextu
920 490 991 520 aut*

231 540 418 581 occasione,
450 540 545 574 etiam
568 541 607 573 de
634 539 769 573 consilio
784 566 792 580 ,
816 548 993 588 consensu}

231 603 287 626 seu
305 594 458 627 mandato
476 603 610 627 suorum
631 592 889 634 Ordinariorum,
911 592 975 626 exi·
991 603 993 636 j:

232 656 307 689 gere
333 647 471 681 debeant
490 657 545 681 seu
566 653 784 690 praesumant.
991 637 993 647 ⁴

278 702 295 743 ἕ
319 700 350 733 lt.
378 700 448 734 Non
473 700 676 734 obstantibus
706 699 910 744 praemissis,
940 710 993 733 ac*

233 754 517 787 constitutionibus
545 759 575 787 et
600 753 859 787 ordinationibus
891 760 994 797 apo-¹

232 807 364 848 stolicis,
385 817 422 841 ac
440 807 662 849 ecclesiarum,
684 807 856 841 domorum
876 813 906 841 et
919 807 974 841 Or-
992 814 994 835 '¹

233 860 316 895 dinis
336 861 534 902 huiusmodi,
564 861 659 895 etiam
681 861 876 903 iuramento,
898 872 994 895 con-‹

232 914 416 949 firmatione
431 915 617 960 apostolica,
634 916 681 949 vel
699 915 809 960 quavis
825 915 976 950 firmitate

232 969 294 1003 alia
307 969 477 1011 roboratis,
494 970 619 1004 statutis
633 975 664 1003 et
678 970 976 1011 consuetudinibus,
993 968 994 1000 l

232 1022 408 1067 privilegiis
421 1033 563 1068 quoque,
580 1023 712 1057 indultis
727 1029 758 1057 et
770 1024 885 1057 litteris
900 1034 976 1068 apo·
992 1012 994 1035 ⁴¹

233 1076 354 1110 stolicis
374 1077 495 1111 eisdem
517 1077 671 1118 ecclesiis,
695 1077 847 1111 domibus
868 1083 898 1111 et
917 1077 975 1111 Or-

234 1129 312 1171 dini,
336 1141 514 1175 earumque
540 1131 731 1173 rectoribus,
755 1131 976 1176 superioribus

234 1190 265 1217 et
284 1184 449 1226 fratribus,
477 1196 514 1218 ac
539 1185 704 1229 quibusvis
725 1185 794 1219 aliis
815 1186 973 1230 personis,

235 1238 267 1271 in
292 1239 491 1273 contrarium
513 1240 767 1284 praemissorum
788 1241 973 1284 quomodo-

235 1291 312 1326 libet
329 1293 502 1334 concessis,
519 1293 719 1327 confirmatis
732 1299 763 1327 et
775 1293 972 1337 approbatis.

234 1345 355 1385 Quibus
375 1347 526 1380 omnibus
541 1347 727 1390 etsingulis,
752 1357 865 1382 eorum
889 1353 975 1382 teno-

234 1409 285 1433 res
305 1400 530 1444 praesentibus
549 1411 608 1444 pro
630 1401 788 1444 expressis
808 1401 973 1443 habentes,

234 1452 294 1486 bac
311 1453 379 1487 vice
396 1453 562 1487 dumtaxat
580 1453 763 1498 specialiter
781 1459 812 1488 et
830 1465 977 1499 expresse

235 1507 446 1550 derogamus,
475 1507 675 1552 caeterisque
703 1508 873 1543 contrariis
899 1509 973 1553 qui-

234 1559 447 1604 buscumque.

280 1613 345 1656 §5-
377 1614 531 1648 Volumus
561 1620 667 1648 autem
696 1621 731 1648 ut
757 1616 976 1659 praesentium

237 1667 455 1712 transumptis,
478 1668 575 1702 etiam
598 1668 771 1713 impressis,
796 1680 893 1703 manu
919 1681 977 1704 no-

237 1721 308 1754 tarii
322 1721 445 1765 publici
463 1722 662 1766 subscriptis,
679 1727 710 1756 et
723 1722 828 1766 sigillo
843 1724 978 1758 alicuius

235 1785 393 1820 personae
413 1775 445 1809 in
461 1776 618 1819 dignitate
632 1778 846 1812 ecclesiastica
861 1779 979 1813 consti-

238 1833 322 1862 tutae
340 1829 483 1870 munifis,
505 1830 616 1863 eadem
639 1841 772 1874 prorsus
790 1830 870 1865 fides
890 1832 997 1884 adm-2

237 1882 360 1923 beatur,
385 1894 467 1927 quae
492 1884 568 1928 ipsis
588 1885 813 1928 praesentibus
838 1886 976 1920 adhibe·
996 1905 999 1934 ;

237 1942 326 1970 retur
345 1936 371 1970 si
390 1937 495 1971 forent
515 1938 685 1979 exhibitae,
710 1939 759 1972 vel
780 1945 938 1973 ostensae.

281 1990 394 2024 Datum
420 1991 541 2025 Romae
562 1992 647 2036 apud
672 1998 819 2026 sanctum
849 1986 998 2038 Petrum}

237 2043 296 2077 sub
317 2044 437 2077 annulo
457 2044 628 2079 Piscatoris
653 2045 704 2080 dic
725 2056 754 2080 vi
781 2046 859 2079 iunii
881 2057 977 2088 iincv,

237 2097 446 2141 pontificatus
463 2098 564 2132 nostri
583 2109 668 2133 anno
687 2109 707 2132 1.

274 2159 331 2187 Dat.
349 2159 393 2188 die
413 2161 429 2188 G
449 2161 515 2188 iunii
536 2161 615 2197 1605,
637 2168 711 2189 an.-1.

582 2299 632 2332 111.

240 2377 382 2411 subitam·
405 2377 540 2412 indictio
565 2378 609 2411 ad
639 2378 785 2411 divinam
810 2388 900 2421 opem
923 2388 982 2422 pro

283 2432 422 2465 satutari
438 2431 599 2465 Ecclesiae
623 2431 809 2465 Catholicae
826 2433 982 2475 regimine

284 2485 410 2529 eius-que
433 2485 672 2519 necessitatibus
698 2485 938 2528 implorandam
947 2511 952 2519 .

453 2592 566 2619 Paulus
590 2591 750 2626 Episcopus
762 2612 769 2624 ,

425 2653 531 2675 servus
556 2654 709 2675 servorum
734 2646 801 2679 Dei,

245 2699 398 2728 nniversis
416 2699 678 2735 christifidelibus,
696 2702 731 2728 ad
747 2707 820 2734 quos
842 2706 983 2734 praesen-

1041 326 1088 351 tes
1106 323 1230 351 litterae
1253 323 1467 358 pervenerint,
1484 324 1614 352 salutem
1630 326 1660 351 et
1681 330 1750 358 apo-

1042 377 1181 406 stolicam
1195 378 1447 406 benedictionem.

1051 484 1143 523 Quod
1164 484 1195 517 in
1217 485 1305 518 omni
1326 485 1387 519 vita
1405 485 1540 519 summis
1561 484 1642 518 votis
1662 495 1680 517 a
1705 490 1751 518 to-

1008 538 1070 571 tius
1083 538 1236 572 bonitatis
1253 545 1385 573 auctore
1406 540 1470 573 Deo
1488 549 1617 584 semper
1630 539 1752 583 optavi-

1009 603 1090 633 mus,
1107 598 1142 625 ut
1155 593 1323 627 universae
1339 594 1550 636 cogitationes
1565 600 1595 627 et
1608 593 1751 627 actiones

1008 651 1137 680 nostrae
1158 657 1176 679 a
1196 646 1351 689 singulari
1370 646 1438 680 eius
1458 647 1657 690 benignitate
1677 656 1753 690 pro-

1010 700 1110 734 fectae
1132 700 1164 733 in
1181 700 1264 734 viam
1284 701 1405 734 aeterni
1427 700 1619 745 beneplaciti
1637 700 1685 734 sui
1707 700 1754 733 di-

1009 753 1202 797 rigerentur,
1224 759 1255 788 et
1275 765 1340 788 non
1359 754 1398 787 ad
1416 754 1551 788 alicuius
1572 754 1686 799 privati
1706 754 1753 787 vel

1010 807 1197 852 temporalis
1227 808 1305 841 boni
1336 809 1613 849 commoditatem,
1634 808 1690 841 sed
1714 807 1754 840 ad

1010 862 1192 895 communis
1218 867 1249 895 et
1274 868 1423 896 aeternae
1448 862 1658 896 beatitudinis
1683 861 1754 895 seli-

1010 916 1138 950 citatem
1153 915 1260 950 divina
1278 916 1403 950 favente
1417 916 1518 959 gratia
1536 916 1755 960 perduceren-

1011 975 1072 1011 tur,
1097 970 1129 1003 id
1149 969 1211 1004 hoc
1232 975 1389 1014 tempore,
1410 981 1475 1015 quo
1494 970 1652 1004 immensa
1670 970 1755 1003 illius

1009 1023 1160 1067 largitas,
1189 1024 1280 1058 cuius
1304 1025 1452 1058 voluntas
1476 1024 1639 1068 potentia,
1664 1024 1755 1057 cuius

1010 1087 1091 1121 opus
1111 1077 1336 1112 misericordia
1357 1083 1425 1119 est,
1453 1088 1512 1112 nos
1536 1077 1616 1111 nihil
1642 1077 1754 1111 huius-

992 1131 1096 1168 imodi
1112 1131 1290 1175 cogitantes
1311 1131 1342 1165 in
1363 1132 1425 1165 hoc
1445 1142 1599 1176 supremo
1618 1131 1756 1174 dignita-

1011 1185 1050 1218 tis
1071 1185 1267 1229 apostolicae
1288 1185 1402 1228 gradu,
1430 1185 1527 1219 nullis
1551 1185 1670 1219 nostris
1690 1195 1756 1218 me-

1010 1239 1090 1279 ritis,
1114 1239 1170 1273 sed
1190 1239 1258 1272 sola
1279 1238 1488 1272 miseratione
1513 1241 1569 1272 sua
1596 1245 1626 1272 et
1647 1239 1753 1272 admi-

993 1293 1104 1340 ¹rabili
1129 1293 1332 1337 providentia
1358 1293 1539 1335 collocavit,
1567 1292 1757 1337 suppliciter

993 1347 1050 1379 ιαἱ)
1077 1357 1114 1380 eo
1135 1347 1367 1390 postulandum
1393 1346 1555 1386 duximus,
1584 1346 1667 1379 utin
1689 1346 1753 1379 dis-

1013 1400 1157 1433 ticillimo
1176 1410 1310 1433 munere
1328 1399 1481 1433 obeundo
1499 1399 1614 1432 virium
1631 1405 1756 1433 nostra-

1012 1465 1083 1488 rum
1098 1453 1354 1487 imbecillitatem
1369 1453 1478 1486 auxilii
1500 1453 1548 1486 sui
1563 1453 1678 1486 virtute
1693 1463 1757 1486 sus-

1012 1513 1135 1541 tentare
1161 1518 1197 1541 ac
1224 1507 1305 1540 tueri
1331 1507 1416 1540 velit.

1057 1564 1083 1605 ἓ.
1105 1562 1135 1595 Ἰ.
1160 1562 1236 1595 Cum
1258 1561 1343 1594 enim
1365 1561 1397 1594 in
1420 1563 1457 1594 ea
1483 1571 1633 1594 curarum
1656 1561 1752 1602 mole,

1012 1617 1043 1649 in
1070 1627 1133 1660 qua
1158 1626 1336 1656 versamur,
1361 1620 1427 1648 tum
1453 1615 1494 1649 ob
1521 1625 1642 1655 rerum,
1671 1625 1754 1659 quae

994 1680 1070 1703 :nos
1096 1669 1309 1709 circumdant,
1337 1668 1591 1709 multitudinem,
1620 1674 1687 1701 tum
1714 1668 1755 1701 ob

995 1738 996 1759 1
1013 1723 1234 1767 negociorum,
1259 1722 1377 1766 quibus
1397 1732 1564 1765 urgemur,
1586 1721 1756 1755 difficulta-

1653 261 1717 298 497
1764 273 1814 301 An.
1836 274 1864 302 c.
1884 273 1951 302 1605

1793 496 1914 516 Exordium,

1825 1563 1909 1585 Causae
1926 1564 1955 1584 in-

1772 1591 1858 1612 dis-endi
1898 1591 1953 1611 iubi-

1772 1618 1849 1639 lacum:

1014 1783 1090 1818 tem,
1110 1778 1204 1821 plane
1218 1776 1382 1819 cognitum
1398 1786 1463 1809 non
1481 1775 1669 1816 habeamus,
1691 1786 1755 1820 quo
1782 1773 1788 1778 '

1013 1831 1211 1874 gradiamur,
1242 1836 1273 1863 c't
1297 1830 1383 1863 unde
1411 1829 1539 1863 initium
1568 1839 1752 1870 sumamuS,

1013 1891 1068 1918 aut
1083 1884 1162 1928 quid
1182 1894 1277 1926 agere
1295 1883 1490 1919 debeamus:
1512 1883 1543 1916 id
1565 1883 1657 1916 nobis
1678 1893 1755 1916 con-

1013 1938 1074 1971 silii
1093 1943 1253 1982 superest,
1275 1942 1372 1981 atquc
1392 1937 1454 1970 hoc
1472 1937 1577 1970 solum
1598 1936 1756 1969 habemus

1014 1991 1146 2033 residui,
1171 1996 1206 2024 ut
1230 1991 1341 2024 oculos
1366 1995 1493 2024 nostros
1518 1990 1558 2023 ad
1580 2000 1652 2023 eum
1674 1990 1754 2023 diri—

1014 2056 1137 2089 gamus
1159 2045 1226 2089 qui,
1252 2050 1326 2077 tunc
1347 2044 1485 2077 maxime
1507 2054 1578 2077 cum
1597 2054 1677 2087 opus
1698 2050 1755 2084 est,

1014 2099 1149 2133 summis
1176 2098 1207 2131 in
1234 2097 1477 2131 difficultatibus
1502 2108 1599 2141 super
1624 2097 1757 2130 domum

1015 2153 1123 2193 David,
1149 2152 1209 2186 hoc
1223 2157 1279 2192 est,
1296 2162 1393 2195 super
1418 2162 1475 2185 nos
1493 2156 1524 2184 ct
1544 2157 1688 2184 caeteros
1709 2161 1759 2184 ec-

1015 2206 1186 2239 clesiarum
1208 2205 1441 2245 moderatores,
1463 2215 1499 2238 ac
1519 2216 1616 2249 super
1634 2204 1758 2237 habita-

1017 2265 1101 2293 tores
1122 2259 1335 2299 Hierusalem,
1358 2259 1507 2292 videlicet
1525 2269 1623 2302 super
1649 2258 1759 2291 fideles

1015 2323 1052 2346 ac
1072 2312 1218 2346 subditos
1236 2313 1385 2356 populos,
1403 2322 1467 2346 non
1482 2312 1586 2345 solum
1605 2310 1759 2344 orationis

1015 2373 1046 2400 ct
1065 2377 1197 2410 precum
1213 2366 1309 2406 dona,
1330 2366 1447 2410 quibus
1464 2365 1563 2409 petita
1582 2365 1758 2408 impetren-

1017 2426 1077 2461 tur,
1101 2420 1269 2463 placabilis
1295 2426 1325 2453 et
1350 2419 1509 2461 benignus
1534 2418 1680 2459 effundit,
1703 2417 1759 2451 scd

1016 2473 1161 2507 caelestis
1182 2473 1278 2506 etiam
1305 2473 1427 2515 gratiae
1452 2482 1527 2505 suae
1553 2471 1701 2515 spiritum
1723 2481 1759 2503 ac

1016 2527 1166 2561 virtutem
1193 2527 1364 2569 elargitur,
1392 2536 1456 2570 qua
1480 2536 1539 2559 nos
1563 2524 1757 2558 Catliolicam

1017 2580 1203 2620 Ecclesiam,
1225 2586 1424 2613 caeterarum
1448 2584 1581 2612 matrem
1601 2583 1631 2611 et
1657 2578 1758 2620 magi-

1017 2641 1127 2676 stram,
1148 2640 1256 2669 sancte
1285 2640 1316 2668 et
1340 2633 1477 2666 feliciter
1499 2643 1622 2676 regere,
1644 2637 1685 2673 ct,
1702 2632 1757 2676 qui

1018 2690 1049 2723 in
1070 2695 1194 2734 partem
1218 2687 1443 2722 sollicitudinis
1465 2687 1634 2721 nobiscum
1657 2686 1757 2720 rot-ati

1798 1901 1875 1923 Prima,
1886 1900 1905 1919 ut
1918 1899 1958 1924 ipsi

1773 1932 1792 1951 (Ἰ
1812 1928 1859 1948 atus
1887 1926 1958 1946 cccle-

1773 1958 1816 1977 siae
1839 1952 1958 1973 rectoribus

1773 1985 1844 2003 divina
1855 1980 1960 1999 misisten.

1774 2014 1803 2031 tia
1815 2009 1946 2036 nuptm-ctum
