2227 3241
244 267 291 293 Αη.
311 266 338 293 C.
363 267 428 295 1008
477 258 540 291 528

294 648 428 669 Confirmatio

246 681 336 696 omnium
347 675 429 699 printe-

247 708 326 725 murum
342 707 396 726 quae
408 706 429 720 a·

246 730 278 748 1¹15
286 727 432 753 archipresby·

246 755 296 774 teris
328 760 430 775 concessa

248 782 336 801 snt-runt.

447 315 653 349 concedenda
670 314 805 348 libenter
823 314 1020 354 inducimur,
1032 325 1090 359 per
1101 325 1184 359 quae

445 369 529 403 felici
560 367 714 402 ecclesiae
746 367 976 401 Lateranensi¹
1006 371 1105 412 opera
1131 371 1182 402 tua

444 421 595 465 prospici,
619 427 649 454 ct
670 431 881 464 personarum
907 421 1006 465 ipsius
1031 422 1183 455 ecclesiae

444 476 532 516 (erga
554 484 649 517 quam
674 473 869 517 peculiarem
897 473 980 516 geris
1008 474 1184 507 devotionis

445 527 609 569 effectum)
631 527 803 560 commoda
824 527 855 560 in
875 527 942 560 dies
968 527 1077 570 augeri
1098 533 1128 561 et
1148 528 1184 560 il—

446 580 548 612 larum
567 579 637 612 iura
658 580 840 613 conservari
859 580 993 624 possint.

490 634 506 675 ξ
533 632 558 666 l.
577 633 653 667 Cum
673 632 780 677 itaque
806 644 864 666 nos
883 644 986 677 nuper
1007 634 1184 678 archipres-

445 686 625 730 byteratum
645 686 747 720 dictae
769 686 940 727 ecclesiae,
965 692 1052 720 certo
1073 688 1183 731 (quem

446 739 557 772 haberi
584 740 731 772 volumus
748 750 807 783 pro
829 740 992 783 expresso)
1017 740 1114 773 modo
1134 750 1185 773 va-

446 799 592 836 cantem,
616 793 691 833 tibi,
713 793 766 837 qui
785 799 895 826 noster
914 793 1090 827 secundum
1111 804 1185 826 car—

446 856 518 879 nem
538 856 573 879 ex
591 857 701 879 sorore
718 848 868 889 germana
884 857 984 891 nepos
1001 846 1186 891 existis,per

448 905 488 940 te,
512 899 618 943 quoad
638 899 761 941 vixeris,
784 900 969 941 tenendum,
993 900 1182 943 regendum,

447 958 476 986 et
498 953 746 995 gubernandum
769 953 947 997 apostoliea
971 954 1183 987 commenda-

447 1005 588 1039 verimus
608 1007 808 1048 auctoritate,
825 1013 925 1051 prout
937 1007 968 1040 in
982 1006 1100 1040 nostris
1113 1006 1187 1040 inde

448 1059 602 1093 consectis
616 1060 730 1093 litteris
743 1060 868 1104 plenius
881 1060 1075 1101 continetur3
1090 1060 1187 1104 ipsius

449 1113 601 1148 ecclesiae
622 1113 849 1154 indemnitati,
874 1114 1026 1155 utilitati,
1051 1120 1081 1148 et
1102 1114 1187 1147 bono

450 1166 599 1209 regimini
620 1166 794 1200 salubriter
812 1166 981 1200 consulere
996 1194 1003 1207 ,
1035 1172 1133 1211 prout
1153 1177 1186 1200 ex

449 1220 557 1254 debito
574 1220 743 1264 pastoralis
761 1220 857 1254 officii
879 1226 1035 1261 tenemur,
1056 1231 1091 1253 ac
1109 1220 1188 1254 dile-

449 1282 573 1309 ctorum
596 1275 736 1309 tiliorum
756 1275 840 1308 illius
861 1275 992 1319 capituli
1011 1280 1041 1308 et
1059 1274 1189 1308 canoni-

449 1340 561 1363 corun»
590 1329 649 1362 ac²
670 1328 892 1362 ministrorum
922 1329 1101 1362 commodis
1117 1357 1124 1370 ,
1152 1339 1188 1362 ac

450 1384 569 1418 iuriam
597 1383 854 1424 conservationi,
880 1390 920 1424 et,
944 1393 984 1416 ne
1005 1384 1043 1417 ad
1065 1383 1188 1417 diversa

452 1438 623 1472 tribunalia
641 1438 745 1472 dictae
762 1449 919 1482 personae
939 1438 1115 1478 trahantur,
1138 1448 1189 1471 ea-

450 1504 520 1526 rum
544 1492 641 1536 quieti
663 1498 693 1525 et
710 1492 814 1526 litium
834 1492 1002 1536 dispendio
1020 1491 1188 1536 providere

449 1546 625 1590 cupientes,
641 1556 766 1579 necnon
782 1546 821 1579 dc
836 1545 896 1579 tuis
909 1546 1101 1588 integritate,
1119 1555 1190 1589 pro-

450 1599 599 1640 videntia,
617 1605 645 1632 et
661 1599 951 1643 circumspectione
964 1598 1141 1642 plurimum
1157 1598 1187 1631 in

449 1653 585 1687 Domino
604 1653 820 1692 considentes,
846 1658 933 1686 motu
954 1652 1100 1696 proprio,
1124 1661 1187 1685 non

450 1706 490 1739 ad
512 1713 597 1739 tuam
623 1707 669 1739 vel
696 1705 827 1739 alterius
851 1716 909 1749 pro
938 1711 966 1738 te
987 1705 1079 1738 nobis
1097 1705 1189 1738 desu-

450 1770 508 1804 per
526 1760 651 1792 oblatae
669 1758 832 1803 petitionis
851 1758 1051 1799 instantiam,
1076 1758 1130 1791 sed
1153 1769 1188 1791 ex

451 1814 538 1846 mera
552 1815 661 1846 nostra
681 1811 914 1845 deliberatione
936 1822 970 1844 ac
988 1811 1190 1844 001111501οη-

451 1866 503 1907 tia,
524 1876 636 1900 omnes
656 1872 685 1899 et
703 1866 844 1908 singulas
864 1864 1113 1906 iurisdictiones,
1125 1875 1186 1909 po—

452 1926 591 1961 testates,
613 1920 796 1964 privilegia,
820 1919 1038 1963 exemptiones
1058 1919 1189 1952 liberta-

453 1981 508 2015 tes,
532 1973 785 2018 praerogativas,
804 1972 1031 2013 antelationes,
1052 1972 1186 2013 indulta,

452 2028 547 2062 etiam
569 2039 666 2071 super
687 2026 859 2061 collatione
879 2026 1112 2060 beneficiorum
1132 2038 1187 2060 ee-

451 2079 703 2113 clesiasticorum
726 2088 1019 2122 quorumcumque,
1043 2077 1186 2112 auctori-

453 2138 531 2166 tates
549 2138 579 2166 et
596 2133 773 2172 facultates,
800 2143 857 2176 per
878 2142 1099 2175 quoscumque
1126 2132 1188 2165 110-

452 2196 564 2220 manos
593 2186 763 2219 Pontifices
781 2186 1044 2229 praedecessores
1063 2190 1190 2218 nostros

451 2239 521 2273 aliis
534 2240 564 2274 S.
582 2240 616 2273 R.
634 2240 658 2272 E
686 2239 828 2273 eiusdem
844 2239 1066 2273 Lateranensis
1083 2238 1189 2272 archi-

452 2293 667 2337 presbyteris,
700 2292 753 2336 qui
784 2303 843 2336 pro
874 2299 1018 2336 tempore
1046 2293 1187 2333 suerunt,

452 2348 558 2391 quoad
580 2346 729 2380 ecclesias
750 2345 832 2390 ipsas
843 2345 864 2387 ³,
886 2351 916 2379 01
934 2346 1060 2380 illarum
1080 2356 1190 2390 perso-

489 2456 496 2481 1
522 2453 614 2490 Aptius
634 2454 724 2481 forsan
739 2452 875 2488 legeretur
895 2453 974 2488 salici
989 2454 1122 2481 ecclesiae
1134 2453 1190 2480 La-

452 2499 612 2528 teranensi's
626 2499 717 2526 statui
731 2499 768 2533 (n.
785 2498 832 2533 T.).

486 2544 502 2570 2
524 2544 594 2571 Edit.
621 2543 700 2577 Main.
728 2543 794 2578 legit
812 2543 849 2570 ad
876 2543 1097 2576 ministrorum,
1119 2542 1190 2578 quod

452 2593 543 2625 posset
562 2588 676 2623 intelligi
696 2588 955 2620 administrorum3
972 2586 1019 2614 sed
1036 2586 1101 2614 edit.
1119 2586 1189 2614 Che-

452 2632 541 2659 rubini
557 2632 639 2660 habet
655 2641 688 2659 ac
703 2632 909 2660 ministrorum
923 2631 964 2666 (11.
981 2632 1030 2666 τ.).

489 2678 504 2704 3
524 2677 591 2704 Dicit
606 2677 738 2706 ecclesias
754 2677 828 2712 ipsas
848 2685 899 2705 non
920 2676 1070 2705 ecclesiam
1085 2677 1189 2712 ipsam,

1030 267 1123 290 Bt‘LLA
1131 267 1205 291 altu
1232 267 1380 291 ROMANJ'M

1218 325 1333 348 narum
1359 315 1477 348 intuitu
1492 342 1500 356 ,
1524 321 1555 349 et
1574 316 1614 349 ad
1639 327 1751 350 eorum
1777 317 1895 359 vitam,
1924 318 1956 351 in

1217 379 1334 411 genere
1361 369 1406 402 vel
1429 369 1459 402 in
1485 369 1590 413 specie
1606 397 1613 411 ,
1634 380 1807 411 concessa,
1836 372 1875 405 ad
1903 377 1953 411 te,

1217 422 1371 466 quamdiu
1393 422 1514 456 dictum
1536 423 1791 467 presbyteratum
1810 425 1958 458 obtinue-

1218 475 1272 516 ris,
1292 481 1448 519 tuumque
1464 482 1493 509 et
1511 476 1615 510 dietae
1631 477 1784 511 ecclesiae
1803 477 1956 511 vicarium

1218 539 1274 572 per
1297 534 1324 561 te
1345 528 1558 572 deputatum,
1583 535 1613 561 ot
1642 540 1700 573 pro
1725 535 1869 573 tempore
1888 541 1906 563 a
1929 537 1958 564 te

1219 582 1462 625 deputandum,
1491 582 1574 615 dicta
1604 582 1817 624 auctoritate,
1846 589 1957 616 tenore

1219 635 1450 679 praesentium,
1472 636 1684 677 extendimus,
1702 642 1733 670 et
1750 637 1953 681 ampliamus.

1264 689 1278 732 ᾗ
1300 688 1329 722 vu2.
1358 689 1394 722 Et
1414 688 1643 730 nihilominus,
1669 695 1757 723 motu
1777 696 1807 723 et
1827 689 1957 723 scientia
1985 700 2111 731 ,eone-esne>
2131 693 2175 726 in.)

1219 742 1387 785 similibus,
1403 749 1433 776 et
1447 743 1650 777 inhaerentes
1667 744 1737 777 aliis
1754 743 1957 778 facultatibus
1972 727 2158 784 'siffin'tss'ffi'v'simno-
2172 776 2175 780 ,
2187 768 2194 781 ;

1220 801 1251 828 et
1278 795 1452 839 privilegiis
1468 823 1475 836 ‚
1510 807 1568 840 per
1593 796 1694 830 felicis
1723 796 1957 831 recordationis
1971 781 2048 828 {2222ss
2058 786 2158 837 11113ῗῖιῖξῖ
2175 793 2198 850 ἳι

1220 848 1408 890 Gregorium
1424 849 1541 893 Papam
1557 849 1624 882 Xlll
1643 855 1673 882 et
1693 849 1773 882 alios
1787 859 1958 893 quoscum·
1972 834 2160 908 ξῖἓξὶἷέζὲἒὶῗὲὶῗ
2176 843 2197 902 73

1221 911 1284 944 que
1315 901 1477 934 Romanos
1502 901 1674 935 Pontifices
1698 901 1960 946 praedecessores
1975 916 2017 938 etc„
2032 910 2192 945 conamen-3?

1222 960 1360 995 nostros,
1387 955 1673 1000 archipresbyteris
1693 961 1724 989 et
1743 955 1905 989 canonicis
1925 966 1961 990 ac

1222 1007 1420 1041 beneficiatis
1438 1008 1542 1042 dictae
1568 1008 1721 1042 ecclesiae
1739 1008 1962 1042 Lateranensis

1222 1069 1280 1103 pro
1303 1066 1448 1104 tempore
1469 1060 1858 1095 existentibushactenus
1878 1071 1959 1095 con-

1223 1113 1318 1146 cessis
1338 1114 1431 1157 (quas
1456 1119 1487 1147 et
1507 1125 1589 1158 quae
1618 1114 1704 1148 salva
1737 1120 1767 1148 et
1788 1114 1897 1148 illaesa
1925 1125 1961 1148 ac

1222 1167 1323 1200 salvas
1341 1173 1371 1200 et
1388 1167 1512 1201 illaesas
1531 1179 1609 1208 esse,
1626 1178 1662 1202 ac
1679 1179 1770 1202 suam
1785 1168 1901 1202 valoris
1915 1168 1964 1202 fir-

1224 1219 1365 1254 mitatem
1388 1220 1556 1262 ohtinere‚
1583 1222 1718 1266 illasque
1749 1228 1779 1255 et
1808 1221 1861 1255 illa
1886 1233 1962 1256 am-

1224 1274 1323 1317 pliare
1345 1279 1376 1307 et
1405 1274 1576 1308 extendere
1603 1275 1749 1308 volumus
1769 1281 1799 1308 et
1819 1275 1961 1309 intendi-

1223 1331 1327 1370 mus),
1352 1337 1464 1361 omncs
1491 1334 1521 1361 et
1545 1327 1688 1370 singulas
1714 1339 1846 1369 causas,
1867 1328 1962 1362 ctiam

1223 1381 1439 1422 beneficiales,
1464 1382 1694 1415 ecclesiasticas
1713 1409 1720 1423 ,
1756 1382 1939 1426 spirituales
1954 1410 1961 1423 ,

1225 1445 1310 1468 mere
1331 1436 1492 1479 profanas,
1514 1442 1543 1469 et
1563 1435 1686 1476 mixtas,
1704 1435 1798 1469 etiam
1819 1446 1964 1481 compro-

1224 1488 1345 1527 missas,
1368 1495 1430 1522 tam
1450 1489 1559 1522 cix-iles
1587 1500 1684 1533 quam
1708 1489 1890 1523 criminales
1906 1490 1963 1534 (ci-

1226 1547 1272 1574 tra
1293 1547 1399 1575 tamen
1419 1552 1556 1586 poenam
1583 1542 1747 1584 sanguinis
1769 1548 1798 1576 et
1819 1542 1963 1587 corporis

1223 1595 1526 1638 afflictivam),inter
1544 1596 1645 1629 dictos
1667 1595 1841 1639 capitulum
1861 1602 1891 1629 et
1913 1607 1964 1630 ca-

1222 1648 1355 1682 nonicos
1381 1655 1409 1682 et
1434 1648 1641 1682 beneficiatos
1673 1655 1704 1682 et
1729 1648 1876 1690 clericos,
1904 1660 1963 1683 nec

1224 1711 1287 1735 non
1317 1702 1544 1746 cappellanos,
1570 1702 1754 1742 ministros,
1789 1702 1964 1737 servientes

1224 1755 1420 1798 respective,
1444 1765 1499 1788 seu
1525 1765 1765 1799 quemeumque
1787 1765 1899 1789 eorum
1926 1766 1963 1788 ex

1224 1812 1297 1849 una,
1322 1814 1350 1842 et
1373 1819 1593 1853 quascumque
1614 1808 1691 1842 alias
1712 1819 1877 1853 personas,
1907 1820 1963 1843 cu-

1225 1862 1414 1906 iuscumque
1434 1867 1545 1903 status,
1569 1862 1697 1905 gradus,
1722 1862 1855 1903 ordinis,
1881 1873 1963 1896 con-

1225 1915 1375 1955 ditionis,
1404 1914 1590 1958 dignitatis,
1626 1921 1656 1948 et
1687 1915 1962 1959 praeeminentiae

1225 1970 1417 2010 existentes,
1441 1979 1566 2003 necnon
1588 1969 1777 2013 hospitalia,
1798 1969 1852 2013 pia
1873 1970 1961 2011 loca,

1225 2028 1255 2056 et
1280 2022 1427 2065 collegia,
1449 2022 1708 2062 communitates,
1733 2022 1781 2056 vel
1802 2022 1961 2056 universi-

1226 2083 1304 2110 tates
1322 2087 1358 2110 ex
1376 2077 1477 2110 altera
1493 2077 1649 2121 partibus,
1666 2077 1730 2110 sive
1748 2077 1964 2110 interdictum

1224 2130 1398 2175 capitulum
1414 2136 1445 2164 et
1458 2130 1642 2170 canonicos,
1658 2131 1705 2164 vel
1725 2141 1837 2164 eorum
1856 2141 1965 2174 quem-

1224 2183 1317 2223 libet,
1342 2194 1377 2217 ac
1398 2183 1617 2224 beneficiatos,
1641 2184 1786 2224 clericos,
1809 2195 1866 2218 seu
1888 2194 1964 2228 cap-

1224 2238 1368 2282 pellanos
1389 2237 1582 2281 praedictos,
1607 2238 1653 2271 vel
1672 2248 1895 2281 quoscumque
1915 2248 1965 2271 eo-

1224 2302 1307 2331 rum,
1325 2301 1433 2325 coram
1452 2290 1712 2335 quibuscumque
1733 2290 1893 2325 iudicibus
1914 2302 1966 2325 or-

1225 2344 1378 2385 dinariis,
1410 2344 1692 2384 extraordinariis,
1721 2344 1961 2385 commissariis,

1225 2404 1255 2432 et
1275 2398 1537 2442 exequutoribus,
1557 2398 1653 2432 etiam
1668 2398 1697 2432 S.
1715 2399 1750 2432 R.
1764 2399 1796 2432 E.
1815 2398 1965 2432 cardina-

1225 2451 1319 2492 libus,
1342 2461 1378 2484 ac
1399 2462 1567 2485 causarum
1590 2452 1703 2485 Palatii
1724 2451 1912 2496 Apostolici,
1935 2457 1966 2485 et

1225 2505 1334 2539 euriae
1354 2504 1504 2538 Gamerae
1525 2505 1726 2549 Apostolicae
1748 2504 1960 2546 auditoribus,

1224 2565 1252 2592 et
1274 2559 1578 2600 locumtenentibus,
1595 2569 1692 2603 super
1705 2559 1964 2603 quibuscumque

1224 2630 1287 2666 quia
1301 2629 1429 2657 eeclesias
1448 2637 1566 2657 annexas
1582 2629 1769 2665 complectitur
1793 2633 1821 2656 ut
1843 2632 1916 2665 patet
1929 2637 1963 2656 ex

1224 2683 1282 2711 seq.
1299 2674 1394 2711 §201-
1410 2673 1459 2708 T.).

2172 666 2190 686 L·
2168 575 2194 654 -vffff‘
2174 531 2184 566 Μ·
2164 388 2192 518 ’ΐέθῖἵῖῗὲξ
2159 326 2189 377 '⁴²2²-

2184 657 2194 670 α
2187 636 2193 638 .

2137 730 2158 749 et
2174 726 2194 763 ’.ΒΞ

2212 3083 2227 3241 ᾗ,
