2227 3241
257 303 307 329 An.
326 302 353 328 C.
374 302 435 330 1611

273 941 394 962 consumar·
403 946 438 967 pe·

255 970 312 989 titur,

285 1473 430 1493 Confirmatnr.

485 292 548 326 664

1027 302 1207 326 BULLARIUM
1233 301 1385 327 ROMANUM

454 350 652 384 consiliarios
677 349 860 383 huiusmodi
887 349 1037 393 praestita
1058 349 1188 383 fideius-
1223 349 1375 393 singulos,
1389 356 1450 384 tam
1466 351 1544 385 iuris
1562 362 1657 396 quam
1677 351 1869 390 facti,etia1n
1887 353 1962 386 sub-

453 405 552 444 sione,
578 405 622 436 vel
646 404 725 437 sacta
752 404 947 446 obligatione
965 415 970 436 :
997 404 1032 436 Et
1057 404 1187 437 demum
1223 403 1396 445 stantiales‚
1415 404 1568 445 desectus,
1585 404 1609 438 si
1628 405 1681 448 qui
1700 405 1731 438 in
1750 405 1811 438 illis
1828 416 1961 449 quomo-

454 458 633 497 voluerunt‚
658 457 755 500 quod,
776 457 800 489 si
828 457 858 490 in
887 456 1006 490 fabrica
1031 457 1189 490 dictarum

453 511 634 544 scholarum
656 511 839 554 supradicta
858 510 1086 553 vigintimillia
1103 516 1192 544 scuta

453 574 517 596 non
540 563 823 607 impenderentur,
848 569 962 605 totum,
984 564 1070 608 quod
1091 574 1188 608 supe-

453 616 542 655 rerit,
566 616 602 649 sit
624 617 883 660 supradictorum
903 617 1037 650 rectoris
1055 622 1085 650 et
1105 627 1193 661 pres-

453 669 637 712 byterorum
660 669 735 703 dicti
758 670 896 713 collegii,
913 676 943 703 et
964 670 1041 703 illud
1063 670 1192 703 univer-

453 722 536 755 sitati
556 723 738 766 praedictae
753 723 919 756 restituere
934 734 997 757 non
1013 729 1191 765 teneantur,

454 782 482 807 ct
504 775 592 817 alias,
617 782 714 820 prout·
732 777 762 809 in
786 776 998 810 instrumento
1030 787 1085 810 seu
1110 776 1189 809 scri-

454 829 557 873 pturis
578 829 716 874 desuper
746 830 899 864 consectis
923 830 1049 875 plenius
1075 830 1193 864 dicitur

455 882 622 916 contineri.

499 938 515 978 g
532 935 561 969 3.
581 936 657 970 Cum
677 941 794 979 autem,
810 936 890 970 sieut
908 936 1018 969 eadem
1038 935 1192 980 expositio

454 988 678 1031 subiungebat,
697 994 813 1030 rector,
830 990 977 1030 lectores,
994 988 1136 1033 deputati
1163 994 1192 1022 et

455 1043 628 1076 consiliarii
649 1043 862 1077 universitatis
878 1071 884 1084 ,
909 1054 966 1076 nee
983 1053 1047 1076 non
1065 1048 1189 1084 rector,

454 1096 632 1141 presbyteri
662 1102 692 1130 et
717 1098 913 1141 professores
931 1097 1056 1139 collegii
1076 1096 1189 1130 huius-

456 1150 541 1183 modi
573 1151 748 1194 plurimum
783 1151 935 1195 cupiant,
974 1150 1191 1195 supradictam

454 1204 662 1238 concordiam
684 1215 743 1249 pro
764 1205 848 1238 illius
866 1204 1070 1238 subsistentia
1091 1209 1122 1237 et
1143 1214 1193 1238 va-

454 1257 576 1291 liditate
598 1269 655 1302 per
672 1268 729 1291 nos
747 1258 920 1303 approbari
939 1265 969 1292 et
986 1258 1189 1299 confirmari3

455 1310 526 1344 ideo
547 1311 640 1344 nohis
657 1311 823 1345 humiliter
840 1311 1012 1356 supplicari
1035 1312 1190 1352 fecerunt,

454 1369 489 1397 ut
509 1364 540 1396 in
561 1365 744 1409 praemissis
764 1370 946 1409 opportune
965 1364 1135 1409 providere
1156 1365 1194 1398 de

455 1417 653 1460 benignitate
674 1418 850 1462 apostolica
871 1418 1090 1461 dignaremur.

501 1473 517 1513 ξ
543 1471 572 1504 4.
602 1472 664 1505 Nos
689 1472 801 1514 igitur,
826 1483 938 1516 pacem
964 1478 995 1506 et
1019 1472 1191 1515 unitatem,

456 1526 589 1559 sublatis
607 1526 786 1568 discordiis,
804 1532 959 1571 quantum
980 1527 1010 1560 in
1028 1526 1120 1560 nobis
1138 1533 1195 1568 est,

458 1581 647 1621 confovere,
672 1581 820 1625 ipsosque
847 1587 1020 1621 rectorem,
1045 1582 1191 1623 tectores,

458 1635 627 1678 deputatos
662 1642 692 1668 et
724 1635 924 1669 consiliarios
956 1635 1191 1676 universitatis,

458 1699 516 1722 nec
542 1699 605 1722 non
632 1694 808 1730 rectorem,
833 1689 1036 1734 presbyteros
1064 1694 1093 1721 et
1114 1699 1191 1732 pro-

458 1742 593 1775 fessores
626 1742 750 1785 collegii
786 1742 971 1775 huiusmodi
1004 1742 1196 1786 specialibus

458 1795 619 1829 favoribus
651 1802 680 1830 et
710 1796 819 1838 gratiis
852 1796 1004 1840 prosequi
1031 1796 1193 1837 volentes,

458 1855 487 1883 et
505 1860 616 1883 eorum
638 1850 780 1893 singulos
799 1861 816 1882 a
836 1849 999 1893 quibusvis
1017 1859 1198 1883 excommu-

458 1903 867 1948 nicationis,suspensionis
884 1908 913 1936 et
932 1903 1104 1944 interdicti,
1118 1903 1197 1936 aliis-

459 1968 520 2001 que
547 1957 768 1990 ecclesiasticis
788 1957 974 1998 sententiis,
999 1957 1142 1991 censuris
1167 1963 1197 1990 et

458 2011 592 2056 poenis,
624 2023 641 2044 a
671 2011 738 2044 iure
769 2012 815 2045 vel
842 2012 880 2044 ab
906 2011 1058 2052 homine,
1087 2011 1197 2055 quavis

458 2065 626 2098 occasione
649 2065 693 2098 rel
717 2067 810 2098 causa
831 2064 913 2104 latis,
934 2065 959 2097 si
981 2065 1097 2108 quibus
1118 2076 1197 2109 quo-

460 2118 635 2152 modolibet
656 2118 799 2152 innodati
821 2118 968 2159 existunt,
989 2119 1027 2151 ad
1049 2118 1195 2152 effectum

458 2172 675 2216 praesentium
712 2173 876 2205 dumtaxat
910 2172 1193 2216 consequendum,

459 2226 573 2259 harum
591 2226 673 2259 serie
691 2226 890 2259 absolventes
904 2231 933 2258 et
949 2225 1111 2259 absolutos
1129 2226 1197 2259 fore

460 2285 625 2313 censentes
644 2306 650 2320 ,
690 2279 875 2312 huiusmodi
907 2278 1196 2323 supplicationibus

461 2333 614 2376 inclinati,
628 2333 834 2366 concordiam
855 2332 1061 2376 praedictam,
1075 2336 1105 2365 et
1123 2331 1197 2365 inde

1224 457 1345 490 dolibet
1365 456 1604 498 intervenerint,
1627 458 1825 502 supplemus.

1269 511 1286 552 g
1306 509 1336 542 5.
1360 511 1429 543 Non
1454 510 1652 545 obstantibus
1678 510 1962 545 constitutionibus
1977 525 2109 573 'affirm-ana
2119 525 2158 546 201-

1226 569 1255 596 et
1288 564 1544 598 ordinationibus
1577 565 1783 609 apostolicis,
1815 576 1873 600 nec
1897 576 1962 599 non

1226 616 1329 650 dictae
1363 617 1599 659 universitatis,
1631 618 1725 652 etiam
1751 618 1933 653 iuramento
1952 646 1960 659 ,

1227 669 1473 703 confirmatione
1498 671 1683 715 apostoliea,
1705 671 1751 704 rel
1777 671 1886 715 quavis
1907 671 1962 704 fir-

1228 722 1335 756 mitate
1356 723 1417 756 alia
1439 723 1610 764 roboratis,
1633 724 1758 757 statutis
1780 729 1809 757 et
1829 735 1963 758 consue-

1228 776 1403 818 tudinibus,
1426 776 1600 821 privilegiis
1620 787 1760 822 quoque,
1784 777 1914 811 indultis
1934 783 1964 811 et

1227 828 1342 862 litteris
1373 830 1557 874 apostolicis
1589 830 1619 863 in
1646 830 1843 864 contrarium
1870 841 1963 875 prae-

1228 881 1398 916 missorum
1425 883 1671 928 quomodolibet
1700 884 1858 918 concessis
1886 894 1963 917 eon-

1226 935 1360 969 firmatis
1385 942 1415 970 et
1440 937 1635 981 approbatis.
1668 937 1789 977 Quibus
1814 937 1964 971 omnibus

1226 994 1257 1022 et
1276 989 1421 1033 singulis,
1441 990 1569 1024 illorum
1596 996 1723 1024 tenores
1742 990 1964 1035 praesentibus

1226 1053 1284 1087 pro
1310 1043 1466 1087 expressis
1486 1044 1652 1086 habentes,
1676 1044 1737 1078 illis
1758 1044 1835 1078 alias
1855 1044 1886 1078 in
1906 1055 1965 1078 suo

1227 1096 1343 1130 robore
1368 1097 1606 1140 permansuris,
1629 1097 1689 1131 hac
1709 1097 1776 1131 vice
1801 1098 1965 1131 dumtaxat

1226 1150 1407 1194 specialiter
1431 1157 1461 1185 et
1482 1162 1628 1196 expresse
1653 1151 1864 1195 derogamus,
1892 1162 1964 1185 cae-

1228 1202 1367 1247 terisque
1387 1204 1557 1238 contrariis
1578 1204 1847 1249 quibuscumque.

1270 1257 1384 1290 Datum
1404 1258 1524 1291 Romae
1545 1259 1630 1302 apud
1654 1263 1799 1292 sanctum
1824 1258 1965 1299 Petrum,

1228 1309 1285 1342 sub
1316 1311 1435 1344 annulo
1464 1311 1655 1351 piscatoris,
1690 1311 1741 1345 die
1773 1322 1783 1345 1
1812 1311 1965 1344 februarii

1227 1373 1336 1404 MDCXI,
1359 1364 1566 1407 pontificatus
1587 1365 1684 1398 nostri
1706 1375 1790 1398 anno
1812 1375 1852 1398 vi.

1264 1425 1320 1453 Dat.
1339 1425 1382 1454 die
1406 1428 1414 1453 1
1432 1426 1561 1454 februarii
1584 1427 1660 1462 1611,
1682 1427 1775 1463 pontif.
1794 1436 1836 1455 aa.
1853 1435 1886 1455 vt*

1552 1618 1662 1651 CLXX.

1229 1742 1377 1774 Monetur
1406 1742 1598 1785 patriarclm
1633 1742 1895 1783 illarom'tarmn,
1935 1747 1968 1775 ut

1275 1796 1462 1828 immutatos
1492 1807 1512 1827 a
1540 1806 1596 1828 suo
1618 1796 1856 1839 praedecessore
1882 1797 1967 1829 ritus

1274 1850 1434 1890 restituat,
1450 1853 1478 1881 et
1499 1849 1705 1882 anathemate
1715 1850 1891 1893 feriuntur,
1909 1850 1968 1894 qui

1274 1903 1455 1935 Maronitas
1480 1903 1640 1936 antistites
1666 1903 1701 1936 in
1724 1913 1802 1936 suae
1826 1903 1965 1936 iurisdi-

1275 1956 1390 1990 ctionis
1415 1957 1566 1990 exercitio
1583 1956 1808 2000 perturbant¹.

1451 2063 1562 2090 Paulus
1582 2063 1744 2098 Episcopus

1426 2125 1531 2145 servus
1548 2125 1700 2145 servorum
1717 2118 1779 2152 Dei,

1231 2206 1399 2233 Venerabili
1419 2206 1505 2233 fratri
1527 2207 1612 2233 Petro
1633 2207 1825 2240 patriarchae
1841 2206 1970 2234 Maroni-

1266 2254 1364 2279 tarum
1388 2252 1591 2283 Antiocheno,
1614 2252 1745 2278 salutem
1772 2254 1803 2278 ot
1823 2252 1968 2285 apostoli·

1268 2304 1332 2325 cam
1351 2296 1599 2324 benedictionem.

1975 304 2028 330 An.
2043 304 2072 331 C.
2092 303 2154 332 1611

1275 2381 1505 2419 Fraternitatis‘
1521 2390 1593 2418 tuae
1619 2384 1753 2425 litteras,
1778 2395 1856 2429 quas
1876 2384 1968 2418 nobis
1996 2377 2191 2437 Maggffigffioff

1231 2438 1345 2473 detulit
1366 2438 1499 2472 dilectus
1520 2437 1604 2471 filius
1620 2437 1733 2471 Christi
1754 2449 1862 2471 servus
1874 2438 2166 2495 Ge01'·{¹g¹;¹-‚¹g¹1¹”g‚',23,¹}}2
2182 2454 2191 2471 -ῑ

1231 2492 1300 2536 gius
1322 2492 1508 2532 monachus,
1532 2502 1569 2525 eo
1589 2491 1764 2536 spiritualis
1784 2491 1903 2524 letitiae
1923 2491 1968 2524 af·
1983 2502 2006 2518 ⁵0
2021 2497 2126 2518 laudatur-

1232 2547 1314 2579 fectu
1346 2545 1545 2589 accepimus,
1574 2556 1638 2588 quo
1663 2555 1790 2588 semper
1814 2544 1965 2585 solemus,

1233 2609 1314 2643 quae
1339 2599 1378 2632 ab
1404 2599 1461 2632 ista
1479 2598 1617 2633 Ecclesia
1638 2597 1903 2641 proficiscuntur,
1927 2597 1969 2631 ita

1233 2652 1434 2697 Apostolieae
1454 2652 1526 2686 Sedi
1547 2651 1701 2685 charitate
1725 2651 1911 2692 coniuncta,
1935 2656 1970 2684 ut

1272 2717 1281 2742 1
1305 2714 1342 2742 Ex
1362 2716 1469 2751 Regest.
1492 2714 1517 2742 in
1537 2714 1642 2742 Secret.
1664 2713 1741 2741 BreV.

460 2393 596 2431 sequuta
623 2397 869 2432 quaecumque⁷
902 2396 960 2419 nec
988 2397 1052 2420 non
1078 2386 1195 2420 instru-

461 2446 602 2474 mentum
632 2452 686 2474 seu
712 2441 886 2485 scripturas
920 2441 1057 2484 desuper
1082 2441 1193 2474 confe-

461 2501 535 2536 ctas⁷
550 2505 585 2528 ae
602 2494 710 2527 onmia
729 2499 759 2527 et
776 2493 902 2537 singula
919 2493 950 2526 in
969 2493 1030 2526 illis
1048 2498 1198 2527 contenta

461 2548 565 2586 (licita
592 2553 697 2581 tamen
719 2553 749 2581 et
769 2547 916 2588 honesta)
946 2547 1121 2591 apostolica
1143 2558 1198 2580 au-

462 2601 618 2642 ctoritate,
643 2608 753 2634 tenore
774 2601 1003 2645 praesentium,
1028 2601 1199 2634 confirma-

463 2666 533 2688 mus
554 2661 581 2687 et
604 2655 832 2699 approbamus,
857 2654 983 2698 illisque
1004 2654 1199 2698 apostolieae

463 2708 622 2742 firmitatis
646 2708 746 2742 robur
771 2708 951 2749 adiicimus,
977 2718 1013 2741 ac
1037 2717 1150 2741 omnes
1170 2713 1201 2741 et

1977 2755 1994 2764 κ
