2227 3241
61 226 112 254 An.
128 225 157 254 C.
180 225 248 253 1604

83 1523 161 1549 Nempe
172 1524 245 1545 decer-

63 1551 93 1570 nit
104 1550 158 1571 bona
172 1550 245 1571 huius-

63 1576 118 1597 modi
140 1578 172 1598 vel
186 1578 245 1603 regio

64 1604 144 1624 nerano
153 1603 246 1628 addicta,

64 1630 95 1651 vel
107 1629 134 1650 ab
150 1631 246 1652 ecctnsits

65 1656 84 1677 in
92 1658 246 1682 compensatio-

63 1688 108 1704 nem
117 1686 206 1710 accepta
214 1689 247 1704 ec-

62 1710 247 1734 clesiimmonaste·

64 1735 112 1761 riis,
132 1739 170 1758 etr.
187 1739 246 1760 resn-

63 1763 100 1783 tui.

879 227 1026 251 CLEMENS
1045 228 1104 252 vm
1121 229 1172 252 PP.

260 284 323 318 que
339 274 643 316 instrumentorum,
663 279 889 310 contractuum
907 282 937 308 et
963 286 994 308 a·
1016 276 1019 327 Ι

259 328 377 361 liarum
401 329 638 373 scripturarum
664 340 761 373 super
784 328 1017 373 permutatio-¹

259 381 375 423 nibus,
414 382 657 416 venditionibus
688 388 716 416 et
749 371 1018 415 alienationibus'³

260 446 545 480 quorumcumque
571 442 763 477 castrorum,
788 430 1018 480 oppidorum‚l

259 489 396 531 arcium,
424 490 667 530 fortalitiorum,
695 490 865 531 villarum,
894 496 998 524 terra-

260 553 333 580 rum
348 548 379 576 et
391 543 538 577 locorum
553 543 830 588 supradictorum,
842 554 900 588 per
912 554 1002 588 prae—

260 596 384 630 dictum
409 596 596 641 Philippum
621 597 667 638 Il,
695 603 730 631 ut
761 597 998 641 praemittitur,

260 650 351 683 factis
378 650 618 684 celebratorum
645 657 676 684 et
700 651 922 685 confectorum
953 657 1001 685 te-

258 713 368 744 nores,
397 704 654 748 eorumdemque
680 709 874 746 castrorum,
902 705 999 749 oppi-

259 756 389 799 dorum,
414 757 550 799 areium,
574 758 816 800 fortalitiorum,
838 758 999 800 villarum,

261 820 422 849 terrarum
447 821 479 850 et
505 816 673 858 locorum,
702 816 998 861 ecclesiarumque,

260 869 545 910 monasteriorum,
562 870 778 914 prioratuum,
799 871 1002 915 praepositu-

258 933 380 964 rarum,
407 923 643 967 capitulorum,
672 931 912 965 conventuum,
947 925 999 958 di-

258 976 433 1019 gnitatum,
453 977 649 1018 officiorum,
679 989 884 1019 mensarum,
915 978 1002 1012 ordi·

258 1039 336 1064 num
369 1036 400 1064 et
429 1031 577 1065 locorum
615 1032 934 1073 ecclesiasticorum,
962 1033 1002 1066 ad

258 1093 342 1128 quae
366 1085 543 1129 respective
563 1085 783 1129 pertinebant,
812 1086 1003 1119 denomina-

259 1136 374 1179 tiones,
404 1138 525 1179 titulos,
554 1139 636 1179 iura,
665 1140 833 1180 vocabula,
857 1139 1003 1173 situatio-

258 1200 336 1232 nes,
364 1192 530 1234 confines,
558 1192 754 1236 qualitates,
784 1194 949 1227 dioeceses
974 1200 1003 1227 et

259 1254 351 1278 veros
376 1245 474 1279 etiam
499 1256 625 1280 annuos
647 1247 782 1289 valores,
808 1253 1003 1292 caeteraque

257 1299 441 1332 necessaria
457 1300 682 1344 praesentibus
700 1311 759 1344 pro
777 1301 934 1345 expressis
947 1302 1003 1335 lia·

259 1352 382 1393 tientes,
410 1353 512 1397 ipsius
536 1354 675 1399 Philippi
702 1355 739 1388 111
766 1355 851 1398 regis
880 1356 1003 1400 suppli-

260 1406 443 1440 cationibus
468 1407 625 1448 inclinati,
643 1418 679 1441 ac
693 1420 730 1442 ex
751 1412 838 1442 certa
855 1410 999 1451 scientia,

260 1470 297 1493 ac
322 1462 447 1494 matura
473 1461 710 1495 deliberatione
736 1465 864 1503 nostra,
897 1463 1020 1507 deque}

260 1514 456 1558 apostolicae
481 1515 650 1559 potestatis
674 1516 889 1559 plenitudine,
914 1517 1020 1549 volu-³

261 1577 333 1601 mus
346 1573 377 1601 et
394 1568 508 1602 harum
523 1568 606 1603 serie
627 1569 845 1609 decernimus,
865 1576 899 1603 ut
915 1570 1000 1603 idern

261 1619 429 1665 Philippus
449 1622 487 1655 111
509 1632 574 1662 rex,
594 1627 630 1655 ut
643 1622 651 1638 ¹
672 1633 749 1656 suae
767 1634 804 1656 ac
823 1623 964 1667 Philippi
978 1623 1002 1656 II

261 1673 331 1707 eius
343 1674 500 1717 genitoris
512 1675 606 1709 saluti
622 1676 780 1716 consulat,
792 1676 900 1720 quoad
914 1686 1004 1720 prae·
1018 1696 1020 1711 i

263 1727 359 1761 missa
373 1733 532 1770 teneatur,
542 1739 579 1762 ea
593 1729 724 1773 quidem
740 1730 871 1774 oppida,
885 1736 999 1770 castra,

263 1792 364 1823 arces,
389 1782 556 1823 fortalitia,
583 1783 685 1824 villas,
711 1789 795 1816 terra
817 1789 848 1816 et
868 1784 940 1817 loca
966 1795 1001 1817 ex

261 1835 467 1879 supradictis,
484 1845 567 1879 quae
586 1846 726 1870 coronae
740 1847 872 1870 suorum
888 1847 1003 1879 regno-
1019 1852 1020 1855 ¹

262 1899 334 1922 rum
359 1889 465 1923 dictus
490 1890 660 1935 Philippus
685 1892 709 1924 ΙΙ
737 1901 790 1925 rex
812 1892 1004 1935 simpliciter

262 1942 491 1987 incorporavit,
515 1954 574 1977 nec
594 1954 659 1977 non
674 1954 711 1978 ea
728 1945 839 1986 etiam,
863 1956 1001 1989 quorum

262 1995 498 2038 universitates,
522 2007 562 2030 ne
588 1997 619 2030 in
645 1998 724 2031 alias
749 2009 906 2042 personas
931 1999 1004 2032 alie-

260 2056 429 2092 narentur,
458 2053 546 2084 certa
578 2051 791 2095 pecuniarum
822 2053 1021 2096 quantitate2

262 2103 322 2148 ipsi
347 2104 497 2148 Philippo
522 2105 546 2138 ΙΙ
570 2106 753 2149 persoluta,
782 2116 838 2139 seu
870 2106 978 2139 forsan
994 2102 1021 2147 ,l

262 2157 334 2190 loco
354 2158 580 2201 pecuniarum,
604 2158 698 2192 bonis
723 2159 886 2202 aliquibus
906 2159 1021 2215 stabi-i

263 2209 346 2244 libus
371 2211 430 2255 ipsi
451 2211 603 2255 Philippo
624 2212 647 2245 ΙΙ
673 2212 740 2254 regi
760 2212 940 2255 assignatis,
964 2213 1021 2255 ab!

264 2263 319 2297 illo
344 2265 503 2307 quaedam
530 2264 701 2308 privilegia
727 2265 950 2306 obtinuerunt,
975 2272 1004 2299 et

261 2327 338 2351 suae
359 2328 500 2351 coronae
525 2318 624 2360 regali
647 2318 833 2352 immediate
858 2319 1004 2352 subiet-ta

264 2371 394 2405 suerunt
407 2371 514 2415 (salvis
533 2371 609 2415 ipsis
623 2371 885 2405 universitatibus
905 2377 937 2405 et
958 2372 1003 2404 in-

265 2424 362 2467 tegris
383 2425 627 2459 remanentibus
647 2425 908 2469 quil›us‹·umque
931 2426 1001 2470 pri-

264 2478 403 2522 vilegiis,
435 2480 546 2522 gratiis
577 2486 607 2513 et,
639 2480 772 2513 indultis
800 2491 858 2524 per
882 2480 1003 2513 dictum

264 2530 446 2577 Philippum
462 2533 486 2567 ll
501 2533 624 2568 eisdem
643 2533 907 2567 universitatilms
924 2544 1002 2578 pro-

1017 638 1019 651 l

303 2650 312 2675 ‘l
332 2648 427 2675 Partic.
447 2653 474 2675 ut
491 2658 558 2684 opus
574 2658 631 2675 esse
649 2650 780 2676 arbitirati
797 2657 888 2675 sumus
902 2650 939 2683 (Ji.
957 2655 980 2675 Tv
1000 2670 1004 2675 .
1022 2661 1023 2669 i

1033 282 1144 319 pterea
1168 276 1359 320 concessis),
1381 276 1536 318 eeclesiis,
1555 278 1772 319 monasteriis,

1034 330 1244 373 prioratibus,
1261 331 1507 375 praeposituris,
1524 331 1686 375 capitulis,
1703 342 1780 365 eon-

1035 383 1199 421 ventibus‚
1231 384 1459 427 dignitatibus,
1484 385 1616 423 officiis,
1645 387 1776 423 mensis,

1035 437 1205 470 ordinibus
1227 444 1257 470 et
1278 438 1357 471 locis
1378 438 1613 479 ecclesiasticis,
1637 440 1677 472 ad
1698 450 1780 483 quae

1036 491 1212 534 respective
1238 497 1333 525 antea
1354 493 1575 536 pertinebant,
1604 504 1676 526 eum
1700 494 1775 526 illo-

1036 555 1106 577 rum
1121 545 1275 585 vassallis,
1290 545 1578 587 iurisdictionilms,
1594 557 1629 579 ai·
1646 557 1735 580 mero
1750 553 1779 580 et

1036 598 1135 631 mixto
1160 598 1310 642 imperio,
1332 600 1567 644 fructibusque,
1586 601 1776 640 redditibus,

1018 651 1258 694 proventibus,
1272 651 1535 689 obventionibus,
1551 654 1780 686 emolumentis

1036 715 1072 738 ac
1087 705 1211 738 iuribus
1225 711 1255 738 et
1268 705 1473 749 pertinentiis
1486 707 1551 740 suis
1572 707 1781 750 quibuscum-

1036 770 1110 803 que,
1127 759 1262 792 omnino
1283 759 1452 793 restituere
1467 766 1497 794 et
1510 761 1713 803 reintegrare
1733 766 1779 794 te-

1036 820 1152 846 neatur
1169 818 1201 846 et
1221 813 1352 853 debeat;
1373 819 1404 847 et
1425 814 1464 846 ab
1474 814 1598 850 eisdem
1621 815 1775 853 ecelesiis,

1036 866 1258 907 monasteriis,
1287 867 1502 910 prioratibus,
1530 869 1776 912 praeposituris,

1036 921 1196 965 capitulis,
1220 921 1445 961 conventibus,
1474 922 1695 964 dignitatibus,
1727 922 1775 954 os-

1036 975 1128 1015 ticiis,
1158 975 1293 1016 mensis,
1318 975 1489 1008 ordinibus
1515 981 1543 1008 et
1566 976 1645 1008 loris
1670 976 1775 1015 bona,

1036 1040 1118 1073 quae
1140 1029 1244 1062 dictus
1261 1029 1429 1073 Philippus
1450 1030 1476 1062 ll
1498 1029 1560 1062 illis
1578 1040 1639 1073 pro
1655 1040 1778 1063 recom-

1035 1085 1134 1127 pensa
1147 1082 1330 1125 assignavit,
1347 1082 1493 1126 recipere
1507 1083 1633 1126 sibique
1654 1083 1777 1116 restitui

1035 1137 1139 1171 facere.
1165 1136 1282 1180 possit:
1314 1147 1379 1180 quo
1406 1147 1483 1169 vero
1512 1137 1551 1169 ad
1579 1148 1615 1169 ea
1644 1137 1775 1181 oppida,

1036 1197 1152 1230 castra,
1181 1201 1282 1231 arces,
1312 1190 1475 1231 fortalitia,
1500 1190 1601 1228 villas,
1628 1197 1729 1224 terras
1750 1197 1780 1224 et

1036 1245 1106 1277 loca
1127 1256 1162 1277 ex
1184 1244 1372 1288 praedictis,
1395 1255 1477 1288 quae
1494 1255 1553 1288 per
1566 1244 1688 1277 dietum
1707 1245 1779 1277 Phi-

1036 1299 1159 1342 lippum
1181 1297 1207 1331 ΙΙ
1234 1298 1265 1330 in
1292 1297 1372 1331 alios
1404 1298 1499 1331 titulo
1530 1298 1779 1342 permutationis

1037 1352 1193 1386 translata
1217 1353 1347 1385 suerunt
1362 1380 1369 1392 ,
1397 1362 1456 1396 pro
1478 1352 1596 1395 quibus
1621 1352 1778 1385 nimirum

1037 1406 1095 1450 ipsi
1116 1405 1266 1449 Philippo
1288 1406 1311 1438 ll
1330 1405 1398 1447 regi
1417 1405 1478 1438 alia
1503 1406 1588 1438 bona
1616 1405 1778 1449 (videlieet

1036 1459 1197 1503 quaedam
1219 1458 1340 1491 salinae
1364 1458 1394 1490 in
1420 1458 1696 1502 permutationem
1723 1468 1780 1501 op-

1036 1513 1188 1557 pidorum
1209 1513 1348 1546 L'trellae
1370 1518 1399 1545 et
1418 1513 1569 1545 Almanez
1587 1522 1603 1544 a
1622 1513 1702 1545 (luce
1720 1513 1780 1545 Me-

1037 1566 1132 1599 (linae
1156 1566 1257 1608 Coeli)
1279 1565 1441 1607 assignata
1460 1566 1601 1606 suerunt,
1622 1565 1688 1609 ipse
1708 1565 1782 1598 Phi-

1037 1621 1143 1665 lippus
1160 1621 1199 1654 Ill
1214 1626 1363 1653 teneatur
1384 1619 1539 1659 ecclesiis,
1561 1618 1777 1657 monasteriis,

1036 1674 1245 1718 prioratibus,
1263 1673 1507 1718 praeposituris,
1530 1673 1688 1716 capitulis,
1706 1682 1782 1706 con-

1037 1729 1196 1770 ventibus,
1225 1728 1452 1771 dignitatibus,
1487 1726 1614 1763 officiis,
1640 1726 1777 1762 mensis,

1037 1782 1206 1815 ordinibus
1232 1788 1261 1815 et
1287 1782 1366 1815 locis
1385 1780 1622 1818 ecclesiasticis,
1639 1781 1677 1813 asl
1700 1790 1781 1823 quae

1037 1836 1214 1879 respective
1226 1835 1427 1879 spectabant,
1440 1834 1488 1867 vel
1504 1834 1684 1867 eademmet
1698 1834 1781 1866 bona

1037 1896 1067 1922 et
1081 1889 1272 1933 praesertim
1283 1888 1401 1922 salinas
1414 1888 1608 1931 praedictas,
1623 1898 1704 1931 quae
1716 1887 1782 1931 ipse

1038 1943 1204 1987 Philippus
1220 1943 1245 1976 ΙΙ
1263 1942 1387 1982 habuit,
1405 1942 1586 1983 assignare,
1602 1947 1632 1974 et
1653 1952 1690 1974 eo
1708 1951 1782 1974 casu

1037 1997 1076 2029 ab
1103 1996 1223 2029 eisdem
1250 1995 1407 2033 ecelesiisv
1433 1995 1639 2028 monasteriis
1660 2001 1687 2028 et
1711 1995 1781 2028 aliis

1037 2050 1203 2084 benefieiis
1221 2049 1414 2094 supradictis
1435 2049 1532 2089 bona,
1557 2060 1640 2092 quae
1659 2049 1702 2081 illi
1725 2059 1783 2091 pro

1039 2106 1249 2148 recompensa
1267 2114 1284 2136 a
1304 2103 1471 2147 praedicto
1492 2103 1641 2146 Philippo
1664 2102 1687 2134 ll
1708 2111 1783 2142 rege

1038 2159 1111 2192 data
1134 2159 1275 2197 suerunt,
1300 2156 1444 2200 recipere
1466 2162 1496 2189 et
1516 2156 1576 2189 sibi
1599 2155 1720 2188 restitui
1741 2155 1783 2186 sa-

1038 2223 1110 2245 cere
1132 2211 1248 2255 possit,
1265 2211 1370 2248 seirsi
1395 2211 1460 2254 ipse
1481 2210 1648 2253 Philippus
1670 2209 1706 2241 lll
1731 2219 1781 2240 rev

1038 2265 1215 2310 praemissa
1234 2265 1340 2298 facere
1366 2274 1430 2297 non
1456 2263 1611 2308 potuerit,
1636 2268 1783 2296 teneatur

1037 2320 1149 2352 saltem
1171 2324 1201 2352 et
1223 2318 1349 2355 debeat,
1377 2318 1460 2351 ultra
1480 2317 1565 2349 bona
1587 2327 1643 2360 per
1662 2315 1783 2358 Philip-

1038 2383 1114 2416 pum
1138 2372 1161 2405 ll
1184 2382 1243 2416 pro
1272 2370 1487 2415 aequivalenti
1502 2371 1713 2413 recompensa
1731 2379 1782 2401 ec-

1039 2426 1135 2466 lesiis,
1160 2425 1366 2458 monasteriis
1388 2431 1418 2457 et
1438 2424 1507 2457 aliis
1532 2423 1698 2456 beneticiis
1723 2433 1778 2455 ee-

1039 2479 1224 2512 clesiasticis
1241 2478 1414 2522 praedictis
1429 2487 1593 2517 concessa,
1610 2476 1672 2508 alia
1687 2476 1781 2516 bona,

1040 2533 1125 2566 iuxta
1151 2532 1404 2566 declarationem
1427 2542 1443 2563 a
1464 2536 1574 2564 nostro
1595 2535 1626 2562 et
1646 2535 1778 2573 aposto-

1039 2586 1119 2619 licae
1144 2586 1236 2619 Sedis
1267 2585 1386 2618 nuncio
1413 2585 1497 2628 apud
1524 2584 1628 2627 ipsum
1654 2583 1778 2626 Philip-

1040 2649 1116 2683 pum
1142 2639 1180 2672 lll
1201 2639 1361 2672 residente
1389 2637 1580 2676 sariendam,
1606 2637 1777 2679 assignare:

1704 219 1746 253 75
1791 229 1844 256 An.
1859 230 1888 257 c.
1910 229 1979 257 1604

1827 1140 1866 1160 Pro
1883 1146 1907 1160 ns
1924 1145 1979 1162 vero.

1797 1173 1852 1193 quae
1873 1168 1892 1187 in
1916 1168 1982 1187 Μιση-

1796 1200 1840 1214 rum
1857 1200 1930 1213 manus
1952 1196 1982 1213 ti-

1797 1222 1839 1240 tuto
1905 1223 1981 1239 rmuta-

1796 1248 1858 1267 twnis
1910 1254 1981 1269 iii-12,

1796 1274 1873 1299 prinms
1886 1274 1981 1293 ‹lnniinns

1796 1306 1941 1326 compensare.
