2227 3241
242 268 293 295 Α..
314 268 341 296 c.
363 268 430 297 1605
478 259 541 293 ⁵270

263 334 381 357 Novitiatus
392 335 426 356 hle

242 363 348 382 enunciari
367 367 426 382 com-

241 388 358 413 probantur
372 390 393 409 et.
406 389 426 409 iu

241 415 271 435 uis
287 415 426 435 novitiosiox-

241 443 262 460 ta
275 441 360 461 decreta
380 440 424 461 Cle-

241 470 316 488 mentis
332 467 376 487 viti
392 472 425 487 ra-

241 494 283 519 cipi
299 494 423 514 decernitur.

276 1025 347 1046 Abbas
362 1031 426 1052 gene-

243 1052 292 1072 ralis
308 1052 328 1073 in
343 1052 426 1078 deposi-

242 1079 299 1099 tione
315 1080 346 1099 sui
362 1080 426 1100 oflicii

242 1105 427 1130 inprocuratorem

242 1133 362 1156 generalem
391 1140 427 1154 ne-

243 1163 283 1184 quo
298 1163 427 1184 procurator

243 1184 327 1205 Ordinis
334 1187 353 1206 in
362 1187 427 1207 abba·

242 1213 282 1231 tem
292 1212 339 1238 eligi
350 1214 425 1238 possit,

242 1238 282 1257 nisi
293 1238 351 1264 lapso
363 1241 427 1260 trien-

242 1269 277 1284 nio
301 1268 348 1290 post
366 1272 426 1292 pera-

242 1292 298 1318 ctum
313 1292 338 1312 ab
355 1295 385 1313 eis
398 1294 426 1314 os·

241 1316 316 1338 ficium.

272 2039 344 2060 Nullus
362 2045 386 2060 ex
397 2040 428 2060 vi-

243 2066 367 2087 sitatoribus
393 2072 430 2092 ge-

245 2092 353 2113 neralibus
363 2093 382 2113 in
393 2093 428 2113 ab·

245 2120 316 2139 batem
341 2126 429 2144 genera-

247 2145 429 2172 lemeligaturpro

245 2173 341 2198 sequenti
358 2173 430 2194 inune-

246 2198 303 2219 diate
320 2200 416 2220 triennio.

289 2305 366 2326 (iissem
373 2307 429 2327 ,mna

259 2332 416 2356 praedictor-mn

247 2358 341 2379 omnibus
349 2360 430 2385 praeci-

246 2384 309 2410 pilus.

1016 268 1194 294 BULLARIUM

486 319 502 360 5
528 317 557 352 9.
590 318 625 350 Et
651 317 690 350 ad
719 317 806 350 hunc
835 316 983 350 effectum
1009 317 1180 351 novitiatus

442 370 613 410 institutos,
638 369 782 403 videlieet
808 370 839 402 in
864 369 1001 403 Marchia
1026 370 1180 404 Ecclesia·

440 422 519 456 stica
543 422 699 456 Caesenae
724 429 755 456 et
778 422 892 456 Montis
912 423 1018 463 Bellii,
1040 423 1071 456 in
1091 423 1179 458 Statu

440 481 469 507 et
495 475 613 534 ducatp
638 475 809 509 Mediolani
839 476 869 508 in
904 476 1098 510 monasterio
1124 477 1179 511 Ca-

438 528 549 562 soretti
570 528 601 561 in
621 528 850 563 Mediolanensi
872 529 943 570 sito,
967 540 1004 563 ac
1028 530 1059 562 in
1077 530 1179 563 domi-

437 582 492 616 nio
516 582 710 616 Venetorum
738 583 894 624 Veronae,
918 590 948 617 et
973 584 1004 616 in
1029 584 1179 617 Hetruria

437 635 569 676 Fesulis,
597 642 627 669 et
652 636 683 669 in
708 646 808 680 regno
833 636 984 681 Neapolis
1009 637 1039 669 in
1067 647 1177 670 mona-

437 688 536 722 sterio
549 689 663 723 Beatae
681 689 796 723 Mariae
815 690 853 724 de
871 689 1180 735 Pedecryptae,con-

437 741 605 776 firmamus
626 749 657 777 et
676 744 907 788 approbamus,
931 755 966 777 ac
988 745 1018 777 in
1041 744 1102 777 illis
1123 755 1179 777 no-

438 795 541 837 vitios,
559 796 642 830 iuxta
656 797 874 842 praesentium
890 808 926 831 ac
937 797 1177 831 ordinationum

439 848 644 883 decretorum
672 849 758 884 iussu
785 850 862 885 dicti
890 851 1061 885 Clementis
1088 861 1180 895 prae-

439 902 615 937 decessoris
629 904 786 937 factorum
803 910 948 938 tenorem
963 910 993 938 et
1008 915 1178 938 numerum

439 957 687 1002 praescriptum,
711 957 811 1002 recipi
835 969 929 1002 posse
944 958 1161 992 concedimus.

485 1011 500 1055 g
521 1009 572 1044 10.
596 1011 766 1046 Praeterea
783 1013 859 1056 (non
878 1012 1110 1045 modernorum
1131 1012 1182 1045 ab·

441 1064 523 1098 batis
553 1070 585 1098 et
610 1064 809 1098 visitatorum
833 1076 869 1098 ac
890 1065 1109 1110 procuratoris
1129 1076 1181 1107 ge-

442 1118 600 1152 neralium
615 1121 721 1160 causa,
734 1119 786 1163 qui
803 1119 935 1163 alioqui,
947 1125 978 1152 et
992 1119 1181 1163 praesertim

443 1172 509 1216 ipse
523 1172 621 1205 abbas
631 1173 890 1215 gene1·alis,cum¹
903 1173 1017 1206 officiis
1028 1173 1182 1206 haetenus

442 1224 648 1258 laudabiliter
672 1225 771 1259 suncti
797 1232 890 1267 sunt,
920 1237 1024 1270 neque
1050 1232 1183 1270 propter

443 1278 549 1322 aliqua
570 1289 681 1312 eorum
700 1279 871 1323 praeterita
890 1280 1056 1320 demerita,
1078 1280 1132 1313 sed
1150 1286 1183 1313 ut

443 1331 521 1365 haec
546 1339 653 1366 nostra
679 1333 875 1373 constitutio,
894 1333 924 1365 in
946 1333 1012 1377 ipsa
1038 1333 1179 1376 Congrev

442 1385 569 1428 gatione
591 1386 629 1419 de
648 1392 776 1420 caetero
794 1392 951 1430 perpetuo
973 1387 1182 1430 observanda,

442 1439 503 1473 hoc
518 1445 663 1484 tempore
680 1440 748 1473 sine
769 1440 904 1473 alieuius
922 1440 1107 1484 exceptione
1126 1441 1183 1473 ini-

443 1492 522 1526 tium
548 1493 666 1536 sumat)
692 1493 854 1534 volumus,
883 1505 919 1527 ac
943 1494 1012 1538 pari
1039 1501 1126 1527 motu
1153 1500 1184 1527 et

442 1546 633 1579 auctoritate
650 1546 832 1587 statuimus,
850 1552 884 1580 ut
900 1558 1004 1591 neque
1018 1547 1116 1580 abbas
1134 1559 1184 1589 ge-

442 1599 582 1640 neralis,
610 1599 664 1643 qui
691 1609 749 1644 pro
777 1605 921 1644 tempore
947 1600 1063 1641 suerit,
1092 1601 1183 1634 finito

443 1653 510 1686 eius
530 1653 637 1687 officio
655 1659 686 1687 et
707 1654 788 1687 sacta
810 1654 967 1687 electione
981 1654 1112 1688 alterius
1130 1654 1184 1687 ab·

443 1706 534 1748 batis,
552 1707 604 1740 ad²
616 1707 758 1740 osticium
775 1708 936 1749 generale,
955 1708 1098 1741 videlicet
1112 1708 1183 1741 visi—

443 1760 555 1794 tatoris
569 1761 856 1805 autprocuratoris
882 1762 1051 1803 generalis,
1080 1768 1201 1807 neque}

443 1813 517 1847 item
537 1824 552 1847 e
570 1824 723 1847 converso
745 1820 937 1858 procurator
954 1815 1112 1857 generalis
1126 1826 1184 1859 pro
1200 1822 1202 1850 l

444 1873 590 1912 tempore
609 1868 638 1900 in
661 1868 809 1901 abbatem
832 1869 1027 1911 generalem,
1049 1869 1108 1902 nisi
1130 1869 1202 1902 al›-·

442 1921 547 1954 soluto
567 1921 704 1954 triennio
723 1927 792 1964 post
814 1927 981 1965 peractum
1008 1922 1184 1966 respective
1201 1932 1203 1955 ῑ

444 1981 616 2018 utrumque
642 1974 796 2015 officium,
821 1975 893 2017 eligi
916 1976 1026 2019 possit,
1201 1969 1202 1981 ³

488 2029 504 2068 ξ
531 2027 581 2060 11.
606 2027 709 2071 thue
735 2027 829 2060 etiam
856 2028 962 2060 nullus
983 2040 1018 2061 ex
1045 2028 1185 2061 visitato-

444 2080 532 2113 ribus
557 2080 772 2122 generalibus.
801 2080 892 2114 tinito
914 2081 1053 2115 triennio
1074 2082 1121 2116 sui
1140 2083 1203 2115 012*

445 2133 508 2166 ficii
534 2133 702 2166 visitatoris
728 2133 897 2175 generalis,
915 2135 946 2167 in
966 2135 1113 2168 abbatem
1136 2127 1203 2178 ge}

444 2187 588 2221 noralem
614 2197 672 2232 pro
697 2188 844 2231 sequenti
867 2188 1071 2222 immediato²
1093 2189 1203 2223 trieu-'

445 2240 499 2274 nio
525 2240 597 2284 eligi
617 2241 727 2274 valeat.

491 2296 507 2337 g
530 2294 581 2327 102.
605 2294 841 2338 Praecipientes
867 2295 896 2328 in
919 2295 1035 2329 virtute
1056 2294 1204 2344 sanctaess

447 2347 649 2381 obedientiae
669 2347 819 2381 omnibus
837 2353 868 2381 et
889 2349 1023 2392 singulis
1041 2349 1184 2382 eiusdem
1202 2348 1203 2393 l

446 2400 709 2445 Congregationis
735 2402 876 2444 generali
902 2413 938 2435 ac
963 2402 1033 2435 aliis
1054 2395 1204 2436 abbati-l

446 2454 515 2496 bus,
533 2454 775 2496 diffinitoribus,
792 2456 942 2500 praelatis
956 2461 987 2489 et
1007 2456 1181 2498 canonicis,
1202 2438 1204 2491 i

447 2509 644 2553 caeterisque
669 2509 708 2542 ad
734 2519 814 2553 quos
838 2515 958 2553 spectat
985 2516 1016 2543 et
1045 2510 1074 2543 in
1101 2495 1204 2543 futu-i

1219 269 1370 294 Romanum

1214 328 1283 351 rum
1306 316 1472 361 spectabit,
1498 322 1530 349 ut
1551 322 1736 360 praesentes
1755 322 1880 350 nostras
1900 317 1951 349 lit—

1215 377 1297 404 teras
1329 371 1498 404 observent
1529 376 1558 403 et
1590 370 1752 403 observari
1783 375 1894 403 curent
1922 376 1953 404 et

1215 424 1342 457 saciant.
1360 424 1489 457 Irritum
1512 423 1722 457 nibilominus
1736 429 1766 457 et
1784 422 1878 456 inane
1898 423 1952 456 de-

1213 482 1381 511 cernentes
1395 476 1547 521 quicquid
1566 487 1656 510 secus
1670 486 1768 520 super
1781 476 1829 509 his
1847 486 1864 509 a
1877 486 1954 520 quo-

1214 541 1333 574 quam,
1361 530 1473 574 quavis
1503 529 1713 570 auctoritate,
1741 529 1880 563 scienter
1905 528 1953 562 vel

1214 584 1410 627 ignoranter,
1438 583 1611 626 contigerit
1635 583 1797 617 attentari.

1258 639 1274 679 ξ
1289 636 1338 670 13.
1356 637 1425 671 Non
1439 636 1640 670 obstantibus
1657 636 1822 681 quibusvis
1835 635 1953 670 consti·
1968 646 2152 704 decgffigmqu

1215 690 1390 724 tutionilms
1400 697 1429 724 et
1442 690 1700 724 ordinationibus
1712 688 1906 734 apostolicis,
1917 699 1953 723 ac

1214 745 1316 778 dictae
1338 744 1614 788 Congregationis,
1636 744 1732 778 etiam
1758 743 1950 785 iuramento,

1214 797 1460 831 confirmatione
1482 797 1668 842 apostolica,
1693 797 1740 831 vel
1761 796 1872 841 quavis
1893 796 1954 830 fn·-

1215 851 1323 885 mitate
1345 851 1405 884 alia
1427 851 1596 892 roboratis,
1619 851 1745 884 statutis
1770 857 1800 884 et
1821 860 1955 884 eonsue-

1216 904 1391 945 tudinibus,
1408 904 1647 948 privilegiisque
1666 914 1807 949 quoque,
1824 903 1955 938 indultis

1215 964 1245 991 et
1269 958 1382 992 litteris
1407 958 1591 1002 apostolicis
1611 957 1786 1002 quibusvis,
1811 956 1955 991 eiusdem

1215 1011 1476 1055 Congregationis
1497 1011 1720 1056 superioribus
1735 1016 1767 1045 et
1779 1010 1952 1052 canonicis,

1215 1064 1273 1099 sub
1295 1065 1552 1109 quibuscumque
1586 1065 1749 1098 tenoribus
1774 1069 1804 1097 et
1830 1063 1952 1104 formis,

1217 1130 1253 1152 ac
1266 1119 1343 1152 alias
1357 1118 1599 1163 quomodolibet
1613 1118 1644 1151 in
1659 1118 1856 1151 contrarium
1869 1128 1957 1162 prae-

1218 1173 1388 1206 missorum
1401 1172 1570 1212 concessis,
1589 1171 1789 1205 confirmatis
1803 1178 1832 1205 et
1845 1181 1959 1216 appro-

1217 1226 1308 1259 batis.
1331 1226 1451 1266 Quibus
1469 1226 1620 1259 omnibus
1634 1231 1665 1259 et
1682 1225 1826 1268 singulis,
1844 1235 1956 1258 eorum

1218 1286 1345 1313 tenores
1361 1279 1583 1323 praesentibus
1596 1289 1656 1323 pro
1670 1278 1826 1323 expressis
1838 1278 1953 1312 haben·

1218 1339 1274 1373 tes,
1296 1333 1355 1367 bac
1372 1333 1439 1367 vice
1460 1333 1635 1373 dumtaxat,
1656 1331 1839 1376 specialiter
1856 1336 1886 1364 et
1907 1342 1958 1365 ex-

1217 1397 1325 1431 presse
1345 1387 1549 1429 derogamus,
1571 1385 1768 1429 caeterisque
1789 1385 1958 1419 contrariis

1217 1441 1486 1485 quibuscumque.

1260 1494 1373 1527 Datum
1395 1494 1516 1527 Romae
1536 1494 1620 1537 apud
1643 1499 1787 1526 sanctum
1815 1494 1954 1533 Petrum,

1217 1547 1275 1581 sub
1306 1548 1426 1580 annulo
1457 1547 1629 1581 Piscatoris
1657 1547 1709 1581 die
1739 1558 1800 1581 xxx
1832 1547 1959 1580 decem-

1218 1601 1283 1634 bris
1307 1611 1403 1642 MDcv,
1431 1600 1637 1645 pontificatus
1657 1600 1758 1634 nostri
1785 1610 1869 1634 anno
1890 1611 1910 1634 1.

1254 1661 1312 1689 Dat.
1332 1661 1374 1689 die
1389 1662 1424 1690 30
1444 1661 1597 1689 decembris
1615 1661 1692 1696 1605,
1710 1661 1806 1697 pontis.
1825 1670 1868 1688 an.
1886 1669 1904 1688 1.

1520 1787 1651 1821 xxvttt.

1221 1869 1429 1912 Confirmatio
1455 1869 1586 1902 unionis
1609 1869 1874 1912 Con-qreyatiom's
1892 1869 1960 1913 fra-

1265 1927 1352 1955 trum
1372 1923 1476 1956 sancti
1495 1922 1661 1956 Ambrosii
1681 1927 1709 1955 et
1735 1922 1960 1966 Conqreqatio-

1266 1977 1363 2009 tionis
1392 1976 1533 2019 fratrum
1567 1976 1671 2008 sancti
1703 1975 1878 2009 Barnabae
1899 1976 1959 2008 sub

1264 2030 1378 2074 repulsi
1401 2031 1507 2063 sancti·
1523 2030 1708 2073 Auqustini
1726 2029 1918 2069 viz-entium,
1931 2033 1960 2062 et

1264 2083 1454 2127 approbatio
1479 2084 1745 2116 constitutionum
1767 2093 1826 2126 pro
1846 2093 1959 2116 earum

1265 2137 1344 2169 bono
1372 2137 1530 2180 reqiim'ne
1554 2131 1728 2176 editarum,
1748 2136 1960 2180 ommiumque

1261 2190 1515 2234 privileqiortmz
1543 2189 1659 2222 eisdem
1687 2199 1905 2223 concessorum
1914 2186 1933 2221 ⁴.

1459 2253 1570 2280 Paulus
1591 2252 1668 2286 Papa
1689 2252 1721 2284 V,

1345 2299 1379 2324 ad
1401 2299 1574 2331 perpetuam
1595 2297 1639 2323 rei
1659 2296 1839 2324 memoriam.

1264 2350 1433 2384 pastoralis
1458 2350 1557 2383 nostri
1581 2349 1723 2383 muneris
1744 2349 1887 2383 debitum
1906 2359 1957 2383 ex-

1220 2403 1352 2448 poscit&
1382 2410 1413 2437 ut
1440 2404 1479 2437 ad
1501 2415 1538 2437 oa
1562 2403 1700 2437 libenter
1730 2403 1954 2444 intendamus,

1701 2471 1710 2484 Ι

1257 2503 1266 2528 t
1291 2501 1327 2527 De
1349 2501 1433 2537 prima
1447 2500 1660 2536 Congregatione
1675 2500 1734 2527 vide
1751 2508 1831 2535 supra
1847 2500 1873 2527 in
1890 2499 1958 2527 Con-

1201 2535 1203 2572 l
1219 2545 1356 2572 stit.xxxu
1368 2545 1482 2579 Gregor.
1496 2545 1528 2571 tx
1541 2545 1703 2579 Cupientes,
1714 2547 1811 2571 tom.1v
1825 2545 1957 2579 pag.5·18.

483 2591 493 2614 t
513 2589 559 2616 Vel
570 2589 666 2625 partie.
679 2598 743 2616 cum
759 2589 901 2623 redundat,
918 2590 1024 2624 reltleg.
1037 2590 1097 2617 suis
1108 2590 1184 2624 lustr).
1202 2574 1203 2634 i
1219 2590 1251 2617 Et
1262 2590 1295 2617 de
1305 2589 1423 2617 secunda
1434 2589 1494 2616 vide
1511 2589 1624 2617 Coustit.
1642 2596 1664 2615 vt
1681 2589 1822 2616 Alexandri
1840 2588 1870 2615 Vt
1887 2589 1958 2616 Piae

482 2633 498 2659 ἓ
513 2634 610 2668 Praep.
627 2634 665 2659 ad
680 2642 728 2660 uos
743 2634 868 2661 duximus
883 2633 1082 2669 adiungendam
1093 2637 1130 2669 (a.
1144 2635 1183 2667 T).
1201 2636 1203 2670 i]

482 2676 498 2701 13
513 2677 559 2703 Vel
576 2677 664 2712 potius
679 2678 821 2713 legendum
838 2678 1003 2707 immediate
1019 2681 1054 2714 (a.
1073 2686 1119 2714 ’r„.
1202 2672 1203 2677 ¹

1220 2635 1303 2667 vitae,
1319 2639 1382 2661 tom.
1401 2642 1415 2660 v
1433 2642 1492 2669 pag.
1510 2634 1579 2661 366.-

1202 2694 1203 2705 l
1254 2678 1426 2714 &Perperam
1447 2677 1510 2705 edit.
1534 2677 1611 2705 lllain.
1630 2677 1692 2713 legit
1711 2678 1892 2713 eaeposui'ttn.
1909 2678 1957 2711 T.).

2001 2366 2117 2388 Exordium.
2159 2346 2168 2370 ³.
2202 2368 2203 2375 ¹

2139 0 2203 56 Q

1959 268 2012 295 An.
2033 268 2062 296 c.
2082 267 2203 317 16051
