2227 3241
253 296 301 322 An.
320 296 347 323 C.
369 296 436 323 1608

264 782 366 803 Fun-lavit
375 789 434 809 prae-

250 811 308 830 terea
324 817 358 830 sex
381 817 433 838 rap-

249 837 350 861 pellanlas
362 838 388 858 ad
406 840 434 859 al-

248 865 291 883 mre
302 862 381 885 {lemae
391 865 426 886 ΗΓ

249 890 301 915 ginis
313 891 338 911 de
348 892 434 913 Astu-re.

271 1797 354 1824 Easque
369 1800 427 1821 dota-

245 1830 280 1847 vit.

484 288 547 320 518
789 330 791 332 q
1024 297 1206 330 animatust

452 346 548 378 alium
569 345 719 383 indicem,
745 356 839 388 quam
864 345 1126 384 ecclesiasticum,
1148 346 1192 378 sa-

452 405 501 430 cto
522 398 601 441 ipso,
620 405 861 431 conservatores
887 398 962 431 dicti
989 399 1115 439 collegii
1137 399 1192 431 do-

450 457 600 489 «torum,
632 451 677 483 vel
712 451 742 484 in
773 462 884 484 eorum
915 451 1052 492 collegio
1085 452 1190 484 locum

450 503 649 544 habentium,
667 514 799 548 quoquo
819 505 915 538 modo
929 505 966 537 lis
988 511 1016 538 et
1037 505 1189 538 iudicium

452 557 654 597 traheretur,
674 569 728 591 scu
754 558 831 590 alias
859 559 1090 599 devolveretur,
1117 565 1191 592 tune

451 610 519 654 ipso
538 611 619 644 sacto
640 611 710 643 illos
734 612 800 644 iure
821 612 1118 652 administrationis,
1142 613 1188 646 vel

449 664 509 697 loci
535 665 660 707 collegii
688 666 864 709 praedicti,
891 677 925 699 ex
954 673 1027 699 tunc
1057 667 1188 711 privavit

450 723 479 751 et
501 719 642 762 privatos
660 730 726 752 esse
749 720 860 753 voluit.

495 774 510 813 ξ
533 772 583 805 tt.
608 773 775 806 Praeterea
797 773 837 806 ob
862 774 1069 816 singularem,
1093 785 1188 818 quam

450 826 488 859 ad
510 827 656 859 eamdem
672 827 832 869 Virginem
855 828 1078 872 Marianigerit
1096 830 1191 862 devo-

446 877 584 919 tionem,
609 880 647 913 ad
670 881 769 914 altare
790 881 932 914 eiusdem
952 881 1063 915 beatae
1074 882 1190 916 Mariae.

449 933 487 966 de
501 933 625 966 Arbore
639 941 843 978 nuncupatae
859 935 888 968 in
904 936 1084 979 aquilonari
1097 937 1188 980 plaga

448 986 551 1019 dietae
572 987 703 1021 maioris
724 988 877 1021 ecclcsiae
899 988 1005 1029 situm,
1028 989 1082 1022 ubi
1112 990 1189 1023 alias

450 1040 556 1073 clarae
589 1041 765 1075 memoriae
798 1042 986 1075 Franciscus
1016 1043 1040 1076 ll
1072 1042 1189 1076 Ssortia

447 1093 648 1133 vicecomes,
673 1095 749 1127 dum
779 1095 875 1135 vixit,
904 1096 1072 1129 Mediolani
1101 1097 1184 1136 dux,

446 1157 542 1179 unam
563 1154 751 1191 perpetuam
768 1149 1013 1192 cappellaniam,
1029 1150 1124 1183 certis
1138 1151 1189 1183 de-

445 1200 577 1242 signatis
607 1202 805 1243 redditibus,
838 1214 909 1236 eum
945 1214 1043 1236 onere
1073 1204 1187 1238 missae

445 1254 652 1297 quotidianae
674 1256 869 1295 fundavit‚et
891 1257 944 1289 ulii
966 1257 1031 1301 ipse
1053 1258 1188 1291 Frideri-

445 1318 499 1341 cus
518 1309 689 1342 cardinalis
711 1316 737 1342 et
760 1311 887 1353 praesul
907 1321 995 1344 suam
1018 1312 1184 1355 proposuit

445 1361 564 1403 eligere
578 1363 788 1406 sepulturam,
807 1364 884 1397 alias
902 1375 953 1397 sex
970 1366 1187 1409 cappellanias

444 1416 668 1458 sacerdotales,
682 1418 967 1462 sacerdotaliaque
989 1419 1104 1459 officia,
1123 1430 1185 1452 non

446 1474 549 1502 tamen
572 1471 729 1509 collativa,
747 1472 800 1505 sed
824 1473 954 1506 electiva
974 1473 1027 1509 (ita
1047 1480 1079 1506 ut
1098 1474 1186 1507 nullo

446 1533 598 1567 uinquam
624 1530 766 1568 tempore
797 1526 826 1558 in
861 1527 988 1559 titulum
1012 1527 1114 1569 erigi,
1140 1529 1184 1560 vel

445 1577 581 1609 conferri
602 1584 741 1620 possent,
764 1590 866 1623 nequ(¹
885 1580 1044 1613 ullatenus
1066 1581 1186 1614 beneti-

445 1629 491 1662 cia
514 1631 727 1664 ecclesiastiea
751 1639 864 1672 essent,
882 1640 934 1666 aut
951 1640 1182 1678 censerentur),

445 1694 516 1716 cum
539 1684 623 1725 dote,
649 1686 800 1718 oneribus
822 1692 847 1718 et
878 1687 1000 1728 legibus
1027 1688 1185 1721 infrascri-

444 1736 525 1780 ptis,
550 1737 644 1770 etiam
679 1738 775 1771 erexit
807 1744 833 1772 et
858 1739 1013 1777 instituit:
1039 1741 1185 1785 ipsasque

445 1791 661 1834 eappellauias
681 1792 725 1825 sic
747 1799 870 1826 erectas
891 1800 1048 1837 perpetuo
1067 1795 1183 1828 dotavit

443 1844 593 1878 omnibus
607 1851 635 1878 et
651 1845 807 1889 quibuseu
815 1858 908 1890 mque
921 1847 1185 1892 possessionibus,

443 1898 535 1931 bonis
556 1899 777 1933 immobilibus
802 1907 829 1934 et
857 1901 990 1943 iuribus,
1015 1914 1096 1946 quae
1121 1904 1186 1938 suis

442 1952 588 1995 pecuniis
609 1964 624 1986 a
645 1954 768 1988 dilectis
789 1954 862 1988 siliis
887 1956 1135 1991 Bartliolomaeo
1157 1964 1183 1991 et

443 2005 632 2040 Meleliiorre
658 2008 808 2041 fratribus
834 2009 872 2041 ‹le
893 2009 1038 2043 (lribellis
1056 2011 1085 2043 in
1108 2022 1185 2054 agro

443 2059 511 2092 Indi
526 2060 721 2095 Ganibaterii
737 2062 839 2106 plebis
853 2062 960 2096 Cesani
975 2064 1185 2098 Mediolanen-

443 2112 485 2145 sis
495 2112 660 2156 dioecesis,
673 2116 860 2159 quantitatis
870 2117 1118 2160 quingentarum
1133 2130 1184 2153 sex

443 2166 650 2210 perticarum,
675 2179 726 2201 sex
751 2170 931 2203 tabularum
955 2177 982 2203 ct
1005 2183 1057 2205 sex
1079 2173 1185 2206 uncia-

445 2230 515 2253 rum
539 2231 708 2255 mensurae
727 2222 852 2255 illarum
875 2224 1013 2267 partium
1034 2226 1182 2269 <compu-

445 2274 516 2307 tatis
538 2275 702 2317 aediliciis,
729 2282 790 2309 tam
813 2288 871 2321 pro
896 2279 1069 2314 nobilibus.
1087 2290 1181 2323 qnam

445 2328 604 2361 massariis
626 2335 655 2362 et
682 2329 859 2374 inquilinis>
881 2343 939 2374 pro
961 2332 1065 2376 pretio
1083 2333 1180 2376 quin-

443 2382 595 2425 quaginta
608 2383 743 2416 duarum
760 2384 895 2417 millium
911 2397 946 2417 ac
961 2393 1181 2420 sexcentarum

443 2441 474 2468 et
499 2436 732 2481 quinquaginta
758 2437 932 2478 librarum,
962 2440 999 2472 ad
1026 2440 1181 2474 rationem

443 2495 571 2523 centum
591 2497 617 2525 et
641 2492 946 2540 quatuorlibrarum
968 2500 1114 2527 monetae
1133 2505 1183 2527 ea-

444 2544 590 2577 rumdem
621 2545 759 2588 partium
793 2556 851 2589 pro
890 2547 1030 2589 qualibet
1065 2548 1182 2591 pertica

443 2597 640 2639 huiusmodi,
665 2610 699 2631 ex
722 2599 838 2643 quibus
857 2599 918 2632 iam
932 2600 1039 2642 viginti
1061 2607 1182 2645 septem

444 2650 543 2684 millia
565 2662 600 2684 ac
619 2652 802 2694 octingenta
823 2658 854 2686 et
871 2653 980 2695 viginti
1002 2659 1062 2687 tres
1084 2654 1183 2689 librae

445 2709 473 2736 et
493 2704 585 2738 solidi
602 2706 664 2739 duo
683 2706 844 2750 persoluta
860 2707 998 2747 l'uerunt3
1023 2708 1097 2741 item
1113 2718 1203 2743 01‘n-.

1231 297 1382 322 ROMANUM

1224 346 1318 379 nibus
1343 346 1434 379 bonis
1460 352 1487 379 et
1531 346 1654 381 iuribus
1689 358 1868 392 aquarum,
1896 349 1964 384 sitis

1225 398 1403 431 iacentibus
1428 405 1458 432 et
1481 400 1690 434 existentibus
1709 401 1738 434 in
1761 401 1846 435 dicto
1870 403 1971 450 terri-⁴

1226 453 1308 485 torio
1337 453 1405 486 Indi
1437 453 1654 496 Ganibaterii,
1686 461 1902 489 trecentarum
1935 463 1964 490 et

1225 506 1387 549 sexaginta
1408 517 1459 539 sex
1481 508 1689 551 perticarum,
1711 502 1808 542 trium
1833 509 1961 543 tabula—

1225 569 1316 599 rum,
1340 559 1435 593 unius
1462 560 1553 604 pedis
1581 567 1611 595 et
1639 561 1774 595 duarum
1793 562 1963 596 unciarum

1224 613 1430 657 (computatis
1451 614 1660 649 sediminibus
1691 626 1749 659 pro
1776 615 1938 650 nobilibus
1953 644 1960 657 ,

1225 667 1385 700 massariis
1407 673 1437 701 et
1465 667 1644 712 inquilinis)
1674 680 1756 713 quae
1781 669 1876 703 etiam
1905 680 1963 704 suo

1224 730 1297 753 aere
1319 731 1336 754 a
1354 721 1471 755 dilecto
1492 721 1560 756 filio
1580 722 1714 757 Caesare
1731 723 1825 757 etiam
1844 723 1964 758 Cribel-

1225 773 1276 815 lo,
1305 775 1410 818 pretio
1442 775 1570 818 triginta
1600 776 1736 810 duarum
1767 776 1902 810 millium
1927 787 1964 811 ac

1224 828 1433 862 ducentarum
1448 835 1476 862 et
1494 829 1705 873 quadraginta
1720 830 1856 864 duarum
1872 830 1964 864 libra-

1224 892 1294 914 rum
1320 882 1496 924 similium,
1524 884 1563 916 ad
1595 884 1752 918 rationem
1780 884 1963 928 octuaginta

1223 934 1365 979 quinque
1377 935 1532 969 librarum
1543 943 1573 970 et
1584 937 1762 971 solidorum
1777 937 1961 981 quindecim

1223 999 1282 1032 pro
1307 989 1449 1033 qualibet
1480 990 1601 1034 pertica
1631 992 1679 1034 (ex
1711 991 1828 1035 quibus
1851 990 1962 1034 viginti

1223 1048 1364 1085 quatuor
1380 1043 1494 1084 millia,
1511 1044 1647 1077 ducenta
1669 1049 1700 1078 et
1714 1044 1889 1087 nonaginta
1907 1055 1964 1079 no-

1223 1106 1292 1129 vem
1319 1102 1346 1129 et
1373 1096 1467 1130 solidi
1494 1097 1604 1131 decem
1631 1098 1794 1141 persoluta
1821 1099 1962 1142 suerunt)

1224 1150 1398 1194 respective
1420 1150 1605 1194 aequisivit;
1628 1161 1710 1195 quae
1733 1151 1863 1196 quidem
1893 1162 1962 1186 om-

1222 1204 1273 1236 nia
1303 1203 1386 1237 bona
1420 1204 1551 1238 nomine
1583 1204 1646 1238 fieti
1679 1205 1833 1249 simplicis
1864 1205 1962 1239 modo

1222 1257 1325 1290 locata
1351 1263 1434 1293 sunt,
1454 1257 1569 1301 partim
1592 1258 1701 1291 loanni
1727 1258 1826 1292 Paulo
1851 1264 1883 1292 et
1899 1259 1963 1306 sra-

1223 1310 1323 1343 tribns
1345 1311 1383 1343 de
1401 1311 1558 1344 Taliucliis
1583 1316 1610 1344 et
1638 1311 1796 1356 Baptistae
1817 1312 1855 1346 de
1876 1313 1962 1346 Heco

1222 1364 1346 1397 dilectis
1360 1363 1432 1397 siliis
1447 1365 1485 1397 ad
1503 1371 1689 1408 computum
1708 1365 1738 1398 in
1761 1370 1861 1398 totum
1885 1365 1963 1399 dua-

1223 1429 1292 1451 rum
1316 1418 1462 1459 millium,
1492 1418 1763 1461 noningentarum
1794 1424 1825 1452 et
1855 1429 1959 1453 nona-

1221 1471 1306 1513 ginta
1329 1477 1468 1515 quatuor
1489 1472 1644 1505 librarum
1668 1477 1694 1505 et
1717 1472 1861 1516 quinque
1885 1473 1962 1506 soli-

1221 1525 1338 1558 dorum
1372 1525 1475 1559 (lictae
1503 1532 1669 1559 monetae:
1705 1526 1759 1559 sed
1781 1525 1872 1570 quia,
1901 1536 1961 1570 pro

1221 1579 1343 1622 integra
1368 1579 1584 1613 satisfactione
1610 1579 1706 1613 totius
1735 1579 1828 1623 pretii
1854 1580 1958 1613 dicto-

1222 1643 1292 1664 rmu
1322 1633 1505 1673 bonorum,
1530 1643 1655 1666 summa
1686 1633 1794 1675 viginti
1824 1638 1962 1677 quatuor

1221 1686 1369 1726 millium,
1394 1686 1649 1728 octingentarum
1672 1692 1699 1719 et
1723 1686 1831 1728 viginti
1850 1697 1902 1720 sex
1924 1686 1961 1719 li-

1219 1739 1349 1773 brarum
1369 1746 1397 1773 et
1419 1739 1596 1773 solidorum
1619 1739 1798 1773 octodecim
1818 1739 1955 1773 Bartho-

1221 1794 1345 1827 lomaeo
1364 1799 1393 1827 et
1412 1793 1606 1834 Melcliiorri,
1622 1804 1657 1827 ac
1672 1799 1794 1837 septem
1810 1793 1957 1834 millium,

1220 1847 1490 1890 noningentarum
1518 1853 1545 1880 et
1573 1847 1786 1891 quadraginta
1821 1847 1959 1880 duarum

1220 1901 1373 1934 librarum
1410 1907 1440 1934 et
1475 1901 1653 1934 solidorum
1688 1901 1799 1935 decem
1835 1901 1959 1935 Caesari

1219 1955 1391 1999 praedictis
1408 1955 1584 1998 respective
1605 1955 1709 1988 adhue
1729 1955 1882 1988 solvenda
1899 1960 1957 1995 est,

1219 2014 1250 2041 ut
1267 2009 1380 2042 exinde
1395 2008 1542 2042 universa
1565 2008 1658 2049 bona,
1673 2013 1709 2041 ut
1728 2018 1835 2052 supra,
1856 2007 1961 2052 acqui-

1219 2062 1276 2095 sita
1303 2062 1403 2095 libera
1427 2068 1626 2103 remaneant,
1646 2062 1758 2103 voluit,
1787 2062 1875 2106 quod
1900 2072 1957 2096 eo-

1219 2117 1367 2150 rumdem
1398 2116 1557 2150 bonorum
1593 2117 1735 2156 fructus,
1761 2115 1905 2149 redditus
1929 2121 1961 2149 et

1219 2176 1393 2213 proventus
1406 2171 1483 2213 (tam
1496 2175 1565 2214 post
1578 2169 1775 2213 emptionem
1790 2174 1959 2214 sequutam

1219 2224 1434 2268 maturatique
1453 2235 1487 2257 ex
1508 2230 1581 2257 tunc
1603 2222 1803 2257 maturandi¹
1819 2228 1848 2256 et
1861 2223 1958 2257 modo

1219 2278 1312 2311 etiam
1331 2278 1521 2322 pendentes)
1544 2278 1693 2311 cederent
1714 2284 1744 2310 ct
1762 2277 1876 2320 cedere
1895 2286 1960 2310 om-

1219 2331 1294 2365 nino
1327 2331 1482 2365 deberent
1521 2331 1560 2364 ad
1597 2330 1824 2364 extinctionem
1862 2330 1959 2364 totius

1218 2385 1311 2429 pretii
1333 2385 1474 2429 ipsorum
1488 2385 1661 2425 bonorum,
1685 2395 1790 2428 neque
1811 2383 1841 2416 in
1859 2383 1957 2417 alium

1219 2449 1310 2472 usum
1337 2439 1471 2472 transire
1497 2444 1637 2482 possent,
1661 2438 1764 2471 donec
1784 2442 1813 2471 et
1839 2446 1958 2482 quous-

1217 2505 1290 2539 que,
1316 2494 1440 2537 integro
1469 2494 1640 2528 exbursato
1669 2492 1782 2537 pretio,
1809 2492 1848 2526 ab
1869 2491 1956 2526 omni

1218 2553 1248 2582 et
1269 2558 1474 2592 quocumque
1501 2548 1701 2581 venditorum
1733 2546 1802 2579 iure
1826 2550 1857 2580 et
1888 2545 1958 2590 ipo-

1256 2630 1264 2656 1
1289 2628 1430 2656 videretur
1452 2627 1594 2664 legendum
1620 2630 1677 2655 tam
1699 2629 1763 2662 post
1784 2626 1957 2662 emptionem

1217 2676 1364 2707 sequutum
1394 2672 1538 2701 manu-ati
1550 2693 1557 2706 ,
1588 2680 1676 2706 quam
1706 2679 1742 2698 eac
1768 2674 1836 2699 tunc
1860 2672 1954 2698 matu-

1218 2717 1321 2751 randi,
1339 2720 1365 2745 et
1380 2717 1458 2745 modo
1474 2717 1564 2745 etiam
1576 2716 1732 2752 pendentes
1748 2716 1785 2751 (n.
1802 2716 1850 2750 an),
