2227 3241
77 219 124 247 An.
137 218 166 246 C.
189 218 256 246 1607

77 281 261 330 affligam·

116 441 218 462 Nonnulla
235 441 262 462 ad

76 467 98 489 id
108 470 188 489 statuta
199 468 262 489 effor-

75 497 126 517 mat·

119 1027 147 1048 De
163 1028 260 1053 expensis

31 1070 33 1072 -
77 1055 97 1075 in
112 1055 196 1075 novitiis
207 1055 260 1075 reri-

75 1080 165 1107 piendis.

98 1725 128 1746 De
138 1723 260 1745 dimissione

78 1758 149 1774 eorum
165 1752 201 1778 qui
212 1756 260 1777 pro-

78 1779 188 1800 fessionem
219 1783 260 1798 uon

78 1805 196 1828 omiserunt.

928 221 1046 246 PAULUS
1068 222 1084 245 V
1105 222 1143 245 PP
1150 239 1155 244 .

276 273 310 300 ut
330 278 378 308 ea,
403 279 485 311 quae
508 269 648 312 desuper
669 279 686 301 a
714 275 741 302 te
767 268 939 301 salubriter
965 269 1020 302 de-

277 326 363 354 creta
377 327 407 355 et
423 322 544 355 sancita
562 333 629 356 esse
643 323 877 365 cognoscimus,
891 329 1020 366 aposto-

277 374 356 408 licae
375 374 545 408 firmitatis>
559 375 740 408 munimine
758 376 961 409 roboremus.

322 429 339 470 ξ
366 428 394 461 ’1.
424 428 500 462 Cum
535 428 664 472 itaque,
692 428 772 462 sicut
804 435 857 461 tuo
889 428 1021 462 nomine

277 481 370 514 nobis
396 491 499 525 nuper
523 481 702 525 expositum
725 481 794 522 fuit,
819 488 851 514 tu
874 482 913 514 ad
933 491 1018 514 non-

278 535 382 568 nullos
403 535 521 568 abusus
546 534 578 567 in
599 535 835 577 Religiosorum
855 535 894 567 ad
921 546 1018 578 regu-

276 589 376 621 larem
390 588 484 621 vitam
495 588 639 631 ingressu
656 588 753 621 intua
767 589 907 622 dioecesi
918 589 1023 631 rigen-

276 647 321 674 tes
339 642 507 682 tollendos,
521 647 552 674 et
562 641 738 684 Religionis
753 642 904 685 rigorem,
915 643 1021 686 quoad

275 694 344 728 lieri
370 700 485 738 potest,
514 695 546 727 in
568 695 662 728 viridi
677 695 856 728 observatia
877 702 1022 729 manute-

275 748 430 788 nendum,
451 753 569 782 statuta
583 755 613 782 et
635 749 763 782 decreta
785 750 943 793 quaedam
960 750 1023 783 edi-

276 801 361 835 deris
385 801 572 836 huiusmodi
592 802 650 836 suh
679 808 802 844 tenore,
827 803 1005 838 videlicet¹t

364 855 536 897 Ernestus,
560 855 615 889 Dei
641 861 673 889 et
703 856 793 890 Sedis
817 857 1020 901 Apostolicae

275 908 396 951 gratia,
419 909 539 942 electus
564 915 595 943 et
619 909 829 944 confirmatus
855 911 1018 955 archiepi-⁴

275 972 391 1006 scopus
408 961 617 996 Coloniensis.

363 1015 443 1055 Quia
453 1015 560 1049 variae
580 1016 756 1050 audiuntur
768 1018 919 1061 querelae
933 1019 1020 1062 quod

276 1068 307 1101 in
327 1068 434 1112 primo
452 1074 536 1110 actu,
561 1074 591 1103 et
613 1069 644 1102 in
666 1070 736 1114 ipso
755 1070 923 1113 religiosae
939 1071 1020 1106 vitae

277 1122 456 1167 tyrocinio,
484 1133 612 1157 necnon
644 1123 675 1156 in
708 1123 963 1168 professionibus
988 1125 1019 1158 in

277 1175 479 1209 monasteriis
493 1175 663 1220 utriusque
683 1187 776 1210 sexus
797 1177 1016 1220 Regularium,

276 1228 397 1262 multae
417 1234 448 1262 et
468 1239 603 1272 magnae
624 1230 686 1263 sint
707 1241 875 1274 expensae,
893 1236 956 1264 tam
972 1231 1021 1264 in²

275 1288 539 1326 sumptuosorum
561 1283 786 1327 prandiorum,
808 1295 903 1328 quam
926 1285 1020 1318 vesti-

275 1342 471 1377 mentorum,
496 1342 526 1370 et
539 1338 769 1381 suppellectilis
788 1349 849 1382 qua
864 1338 1020 1382 recipis-n-

275 1390 389 1423 dorum
409 1391 542 1424 cellulae
560 1391 771 1433 adornantur,
791 1403 827 1425 ae
849 1403 1018 1426 munerum

275 1447 381 1485 causa,
402 1455 484 1488 quae
503 1445 725 1489 superioribus
746 1446 813 1479 dari
839 1457 1017 1482 consuere-

275 1506 365 1533 runt:
391 1500 476 1533 unde
497 1500 746 1545 quamplurimis
771 1501 810 1534 ad
832 1501 925 1534 vitam
950 1513 1019 1535 mo-

276 1553 430 1587 nasticam
450 1554 593 1598 alioquin
613 1554 738 1588 idoneis
753 1555 856 1588 media
876 1556 1021 1600 l'respien-

276 1613 323 1642 ter
338 1608 592 1652 praecluduntur
608 1609 785 1653 ‘quominus
802 1610 841 1643 ad
864 1615 926 1643 tam
949 1621 1019 1644 san-

276 1667 361 1695 ctum
384 1662 564 1696 institutum
583 1663 750 1707 pervenire
767 1664 910 1707 possint:

364 1716 428 1750 Illis
442 1726 572 1760 quoquc
586 1716 640 1761 qui
652 1717 782 1750 admissi
797 1724 880 1759 sunt,
896 1718 920 1751 si
940 1719 1020 1753 sorte

275 1769 370 1803 vitam
397 1770 606 1803 monasticam
633 1769 693 1803 sibi
716 1771 822 1804 minus
847 1772 1020 1806 convenire

275 1823 481 1868 experiantur
493 1825 591 1869 quod,
609 1835 673 1858 non
690 1835 763 1858 raro
775 1825 938 1867 accidit,et
949 1827 1020 1860 loco

275 1878 391 1911 cedere
412 1878 508 1911 velint
524 1905 531 1919 ,
553 1878 683 1912 libertas
710 1879 881 1913 recedendi
907 1880 1021 1913 adimi-

277 1937 338 1972 tur,
352 1936 524 1975 propterea
537 1932 635 1975 quod,
653 1931 694 1965 ol)
708 1932 944 1966 solemnitatem
964 1933 1021 1966 liu-

276 1985 414 2019 iusmodi
436 1985 649 2029 prandiorum
669 1991 698 2018 et
719 1986 856 2019 aliorum
877 1993 1017 2026 actuum,

277 2039 362 2073 circa
381 2038 616 2072 investitionem
636 2040 832 2082 habitorum,
847 2041 902 2084 qui
918 2041 1021 2074 liomi-

276 2093 371 2127 nibus
384 2093 472 2127 laicis
483 2093 692 2137 professionis
711 2094 847 2127 formam
861 2094 1022 2133 exhibent,

276 2147 345 2180 sine
376 2147 555 2192 apostasiae
593 2147 776 2191 suspicione
809 2154 839 2180 et,
872 2148 1021 2181 infamiae

277 2203 353 2235 nota
367 2201 397 2234 id
412 2202 517 2234 facere
534 2207 710 2245 nequeunt,
725 2206 791 2234 tum
808 2201 903 2235 etiam
920 2203 1018 2245 quod,

262 2255 318 2288 ‘ob
338 2261 486 2299 sumptus
506 2254 602 2288 nimis
628 2265 778 2297 magnos,
803 2255 857 2299 qui
881 2266 1018 2300 reeupe-

276 2309 339 2343 rari
365 2319 570 2353 nequaquam
598 2314 744 2353 possunt,
775 2320 922 2349 magnam
950 2322 1022 2353 par-

278 2370 340 2397 tem
371 2363 558 2408 patrimonii
587 2363 633 2397 sui
667 2369 696 2396 et
727 2363 956 2397 alimentorum
991 2365 1020 2397 in

277 2417 525 2461 subsequentem
553 2417 649 2451 vitam
671 2417 926 2451 necessariorum
950 2428 1021 2462 per-

278 2470 417 2503 diderint
432 2482 439 2511 ;

315 2552 324 2576 1
347 2551 470 2585 Sequens
499 2551 695 2578 documentum
727 2551 847 2578 liabetur
877 2552 902 2577 iu
927 2552 1021 2579 Gallia

280 2594 452 2623 Christiana
463 2596 528 2623 edit.
545 2596 636 2623 Maur.
649 2599 667 2623 t.
681 2603 709 2622 111
726 2605 752 2631 p.
765 2596 817 2623 ’102
833 2601 858 2623 et
875 2604 932 2631 seq.
948 2598 1020 2630 (afr).

314 2639 330 2666 2
352 2640 447 2675 Praep-
468 2641 498 2668 in
518 2641 658 2676 superflua
678 2641 786 2669 videtur
800 2641 838 2676 (n.
855 2641 901 2675 T.)-

344 2693 424 2722 Butt.
440 2694 526 2722 Rom.
538 2710 570 2714 —-
590 2694 653 2723 Vol.
670 2694 721 2722 XI.
884 2694 919 2721 54

1037 270 1040 342 l

1037 348 1039 364 t

1037 455 1040 533 l

1703 209 1767 242 425

1099 270 1299 303 Detestabilis
1317 269 1412 303 etiam
1433 269 1617 313 corruptela
1639 269 1797 313 quaedam

1057 323 1250 355 monasteria
1274 323 1397 363 invasit,
1419 334 1480 366 qua
1501 323 1739 362 ‹rzonventualeffi
1765 333 1798 356 e-

1057 375 1131 407 tiam
1158 376 1291 419 professi
1317 387 1370 409 seu
1392 377 1566 420 professae,
1596 387 1631 410 ex
1658 376 1717 410 hac
1737 376 1801 409 vita

1056 428 1257 471 decedentes,
1271 435 1460 463 testamenta
1472 429 1801 470 condere,abbatibus

1055 482 1102 514 vel
1122 482 1290 515 abbatissis
1315 494 1370 516 seu
1392 483 1462 516 aliis
1482 483 1704 526 superioriluis
1731 493 1800 516 mo-

1057 535 1185 568 nasterii
1213 536 1259 568 sui
1291 543 1410 569 certam
1438 537 1611 580 quamdam
1641 537 1800 581 pecuniae

1056 596 1214 619 summam
1245 587 1429 630 relinquere
1461 598 1520 632 pro
1550 588 1801 622 solemnioribus

1056 639 1198 683 exequiis
1219 640 1282 672 sive
1304 640 1399 673 etiam
1419 651 1478 685 pro
1493 641 1607 674 annuis
1626 641 1732 675 obitus
1752 642 1800 675 sui

1057 693 1242 734 memoriis,
1267 694 1452 737 peculium,
1474 705 1508 727 ex
1539 705 1603 739 quo
1629 695 1801 729 conventui

1057 747 1188 781 refectio
1213 748 1322 792 aliqua
1347 749 1455 790 detur,
1481 749 1636 793 deputare
1662 756 1692 783 et
1717 749 1798 783 assi-

1056 811 1154 844 gnare
1173 807 1333 843 tenentur,
1352 803 1410 843 vel,
1424 802 1448 835 si
1464 802 1495 835 id
1515 803 1633 836 sactum
1655 813 1720 836 non
1738 803 1802 837 fue-

1056 855 1107 895 rit,
1134 860 1199 888 tota
1219 856 1374 899 supellex,
1396 856 1523 900 quaein
1543 856 1706 890 demortui
1722 857 1801 890 cella

1056 908 1164 941 relicta
1183 915 1251 949 est,
1277 909 1307 941 in
1333 909 1420 942 hunc
1445 920 1539 943 usum
1565 910 1659 943 vendi
1683 915 1711 943 et
1738 910 1801 943 dis-

1056 961 1138 994 trahi
1170 962 1287 1003 debet,
1325 962 1470 1006 alioquin
1500 963 1638 996 defuncti
1674 963 1801 996 animae

1055 1014 1240 1049 huiusmodi
1263 1015 1428 1049 eharitatis
1453 1015 1560 1049 officia
1586 1022 1616 1049 et
1644 1016 1726 1050 iusta
1743 1027 1800 1050 ne-

1055 1078 1216 1112 quaquam
1238 1069 1482 1113 persolvuntur:
1508 1080 1591 1114 quae
1608 1069 1737 1114 quidem
1757 1070 1802 1103 in-

1055 1121 1165 1154 stituta
1176 1121 1257 1155 vitae
1278 1122 1472 1156 monasticae
1495 1128 1689 1167 repugnant3
1714 1122 1801 1167 ipsos

1055 1176 1291 1217 conventuales,
1308 1181 1437 1220 praeter
1453 1176 1659 1221 proprietatis
1672 1176 1796 1217 vitium,

1055 1228 1141 1272 quod
1163 1228 1222 1261 hac
1242 1229 1368 1262 ratione
1389 1229 1570 1271 incurrunt,
1592 1239 1650 1273 per
1668 1239 1798 1262 omnem

1055 1281 1150 1314 vitam
1178 1293 1268 1315 suam
1296 1283 1326 1315 in
1353 1283 1580 1326 congreganda
1611 1282 1798 1316 huiusmodi

1055 1337 1191 1380 pecunia
1217 1337 1372 1371 sollieitos
1405 1344 1432 1371 et
1466 1338 1636 1371 distractos
1654 1337 1795 1379 faciunt,

1056 1390 1176 1424 amieos
1194 1402 1335 1435 quoque,
1357 1403 1373 1425 a
1387 1392 1503 1436 quibus
1518 1402 1587 1425 eam
1607 1398 1798 1436 extorquere

1054 1455 1148 1489 saepe
1170 1452 1340 1488 coguntur,
1358 1446 1448 1479 valde
1469 1451 1617 1489 gravant:
1647 1478 1652 1483 ,

1143 1500 1222 1533 Hine
1241 1501 1412 1533 statuimus
1438 1506 1467 1533 et
1493 1501 1683 1535 ordinamus
1707 1507 1742 1535 ut
1767 1501 1797 1534 in

1055 1554 1161 1598 primo
1183 1559 1266 1593 aetu,
1291 1564 1356 1597 quo
1371 1554 1623 1598 qualescumque
1641 1565 1798 1598 personae

1055 1607 1213 1649 Religioni
1239 1607 1335 1640 alicui
1356 1607 1499 1651 primum
1527 1607 1746 1641 destinantur⁴
1769 1616 1798 1642 et

1054 1661 1198 1694 habitum
1224 1660 1402 1703 assumunt,
1427 1662 1492 1695 sire
1513 1661 1607 1695 etiam
1623 1668 1706 1703 ante,
1735 1662 1799 1696 sive

1054 1721 1126 1760 post
1142 1716 1232 1749 illum
1248 1722 1354 1749 actum
1370 1722 1443 1749 ante
1462 1717 1707 1760 professionem,
1728 1718 1800 1749 nul-

1055 1771 1119 1803 lum
1147 1769 1282 1803 omnino
1304 1770 1491 1803 instituatur
1504 1770 1690 1814 prandium,
1711 1771 1799 1804 nulla

1055 1823 1278 1868 superioribus
1298 1823 1346 1856 vel
1361 1823 1430 1856 aliis
1449 1823 1707 1867 quibuscumque
1723 1825 1799 1857 den-

1056 1884 1118 1919 tur,
1142 1888 1201 1910 nec
1223 1888 1281 1921 per
1306 1877 1392 1920 ipsos
1417 1876 1616 1921 recipiantur
1641 1878 1724 1911 dona
1745 1884 1799 1911 aut

1056 1942 1208 1965 munera:
1233 1942 1297 1964 non
1317 1932 1486 1975 exigantur
1503 1941 1603 1965 novae
1615 1938 1669 1965 aut.
1686 1932 1801 1976 pretio-

1055 1997 1107 2018 sae
1125 1985 1269 2021 lecticae,
1283 1986 1437 2019 cellarum
1457 1985 1625 2027 fenestrae,
1645 1985 1800 2028 imagines

1057 2041 1102 2073 vel
1126 2040 1253 2072 tabulae
1274 2040 1389 2083 pictae,
1406 2044 1541 2081 statuae,
1563 2040 1671 2081 cistae,
1692 2051 1800 2084 prom-

1056 2093 1193 2137 ptuaria,
1217 2094 1368 2134 armaria,
1397 2104 1563 2127 sacrarum
1589 2093 1799 2137 reliquiarum

1057 2147 1166 2179 tlieeac
1197 2152 1251 2179 aut
1280 2147 1441 2191 capsulae,
1466 2157 1571 2190 neque
1593 2146 1679 2179 aliud
1701 2147 1797 2189 quid-

1057 2211 1167 2245 quam,
1192 2211 1256 2244 quo
1282 2200 1390 2234 noritii
1417 2201 1462 2233 rel
1489 2200 1616 2233 noritac
1637 2200 1715 2232 eella
1737 2211 1797 2243 po-

1057 2255 1117 2288 tius
1142 2255 1339 2296 adornatur,
1367 2265 1463 2298 quam
1490 2255 1585 2287 relius
1612 2254 1800 2287 necessariis

1057 2309 1242 2345 instruiturz

1145 2364 1174 2396 Si
1198 2374 1259 2407 qua
1279 2369 1384 2396 tamen
1404 2374 1512 2396 sarrae
1529 2362 1739 2396 investitionis
1754 2363 1800 2395 vel

1057 2417 1267 2461 professionis
1281 2417 1343 2455 die,
1362 2418 1445 2453 ultra
1460 2426 1665 2449 communem
1680 2422 1707 2449 et
1726 2427 1802 2460 quo-

1059 2471 1208 2504 tidianam
1228 2471 1425 2515 portionem,
1439 2482 1475 2504 ex
1494 2469 1727 2503 consuetudine
1746 2471 1801 2504 Re-

1056 2525 1205 2567 ligionis,
1236 2525 1267 2557 in
1303 2524 1500 2557 monasterio
1526 2524 1735 2557 existentibus
1761 2524 1800 2557 ab

1096 2598 1102 2622 l
1128 2595 1254 2623 llemlose
1275 2596 1300 2623 in
1323 2596 1389 2622 edit.
1427 2596 1509 2622 Maiu.
1536 2595 1637 2630 legitur
1667 2595 1799 2625 destinct—

1057 2643 1116 2667 Ium
1135 2642 1174 2675 (n.
1193 2643 1242 2676 Ἃ).

1815 220 1862 245 Au.
1879 220 1906 245 C.
1933 221 1997 247 tom

1843 282 1872 303 De
1886 283 1999 303 inonarlw-

1814 315 1859 330 rum
1887 312 2000 330 testamen-

1815 338 1848 356 tis*

1840 1509 1942 1530 Remedia
1963 1510 1999 1530 hu—

1814 1537 1904 1557 iusmodi
1927 1537 1999 1557 abusi-

1813 1563 1852 1584 bus
1867 1564 1938 1584 attala.
