2227 3241
897 205 1018 231 murs
1038 207 1057 230 v
1077 206 1127 231 pr.
1681 196 1745 231 369
1791 207 1842 234 An.
1860 208 1887 234 C.
1909 209 1974 236 ¹606

1029 255 1104 288 teris
1136 255 1310 299 praedictis
1340 255 1500 290 voluimus
1533 266 1598 290 non
1624 255 1769 298 obstare,

1030 309 1230 352 caeterisque
1252 309 1422 343 contrariis
1440 309 1709 354 quibuscumque.

2 178 27 254 ’,ἃ
57 204 106 234 An.
121 204 152 232 C.
171 202 238 232 1606

55 269 87 292 ni·
110 268 196 290 fratrum
211 266 235 287 Β.
252 262 391 297 cumque
415 252 520 287 dictae
552 253 815 297 Congregationis
839 253 996 288 Fuliensis

3 295 6 301 ¹
54 295 237 345 ἰ’ὐὶῗῖῗξᾞιῖωἳῗ
252 306 426 347 moniales,
450 307 638 352 earumque⁴
655 308 870 349 monasteria,
898 319 994 351 gran-

63 2319 172 2348 ”erogatio
181 2328 229 2345 con-

51 2348 164 2371 tration-um.

24 371 25 374 ¹
55 349 182 372 ''mmm''
251 360 328 404 gias,
349 360 430 400 loca,
452 372 502 394 res
531 368 561 395 et
589 362 674 395 bona
701 373 927 406 quaecumque
955 362 995 395 ab

251 414 340 448 omni
357 415 596 458 superioritate,
621 415 856 453 iurisdictione,
877 416 995 458 gnber-

251 467 316 508 nio,
332 468 500 511 regimine‚
520 469 809 509 administratione,
827 469 995 502 subiectio-

250 531 303 562 ne,
323 521 520 563 obedientia,
542 522 732 563 visitatione,
748 523 951 556 correctione
965 529 995 556 et

251 575 479 609 emendatione
503 575 654 617 Cistercii,
679 576 940 610 Claraevallensis
965 582 995 609 et

251 629 389 663 aliorum
408 640 494 663 nunc
507 635 538 663 et
554 641 613 674 pro
628 635 773 674 tempore
791 630 992 664 existentium

250 682 461 725 generalium,
475 693 511 717 ae
525 683 793 717 Mol-imundensis
809 689 838 718 et
857 683 993 716 aliorum

251 737 415 779 abbatum,
427 738 647 783 praelatorum
659 744 689 772 et
699 738 904 783 superiorum
916 738 995 772 eius-

250 792 324 825 dem
362 792 489 826 Ordinis
525 793 760 833 Cisterciensis,
789 803 994 837 quacumque

249 846 442 880 auctoritate
467 847 669 890 fungentium
700 853 730 880 et
753 847 990 888 suncturoruni,

249 904 280 934 et
300 900 507 944 quantumvis
530 900 738 945 amplissimis
762 900 939 945 privilegiis
964 906 995 935 et

249 954 455 988 facultatibus
474 955 632 989 utentium
655 961 686 989 et
709 965 894 997 usurorum,
915 966 992 1000 apo-

247 1007 361 1042 stolica
384 1009 586 1050 auctoritate,
611 1014 643 1042 et
668 1010 855 1043 earumdem
882 1015 993 1044 tenore

246 1063 478 1107 praesentium,
501 1069 658 1108 perpetuo
680 1064 851 1098 eximimus
865 1069 896 1098 et
913 1064 992 1098 libe-

246 1127 367 1158 ramus,
392 1117 434 1151 ita
447 1122 481 1150 ut
499 1118 621 1151 nullam
649 1118 782 1152 omnino
802 1118 992 1152 iurisdictio-

245 1181 332 1212 nem,
354 1171 539 1205 facultatem
561 1177 591 1205 et
606 1171 875 1206 auctoritatemin
890 1172 991 1206 dictas

245 1223 433 1266 abbatissas,
449 1225 621 1269 priorissas
635 1230 665 1259 et
677 1225 845 1266 moniales,
863 1236 991 1259 earum-

245 1288 308 1322 que
338 1278 424 1311 bona
452 1289 678 1323 quaecumque
711 1285 775 1312 tam
808 1279 990 1323 praesentia

245 1341 342 1376 quam
364 1332 481 1374 sutura,
505 1333 635 1375 habere,
660 1343 808 1367 exercere
825 1339 879 1366 aut
898 1344 990 1378 prae-

247 1385 377 1419 tendere
398 1386 522 1430 possint
541 1388 707 1430 generales
729 1393 760 1421 et
785 1388 837 1421 alii
858 1387 990 1421 abbates

245 1447 275 1473 et
292 1440 428 1484 praelati
450 1441 525 1474 dicti
546 1441 675 1475 Ordinis
699 1441 935 1482 Cisterciensis3
959 1448 990 1476 et

244 1493 385 1538 denique
406 1494 479 1528 illae
493 1495 589 1529 etiam
609 1501 775 1540 exemptae
793 1496 866 1537 sint,
882 1506 989 1540 quem-

243 1547 419 1582 admodum
449 1549 660 1593 Congregatio
688 1549 757 1594 ipsa
777 1550 910 1594 eiusque
935 1560 988 1593 ge-

242 1602 379 1644 nerales,
403 1602 535 1636 abbates
564 1609 595 1637 et
618 1603 767 1637 monachi
800 1608 860 1648 per
889 1603 989 1648 ipsius

242 1655 413 1690 Clementis
437 1657 696 1700 praedecessoris
728 1664 757 1691 et
783 1664 911 1692 nostras
936 1658 987 1692 lit-

245 1714 328 1743 teras
347 1710 528 1754 praedictas
548 1711 687 1755 exempti
709 1712 849 1746 suerunt.
871 1712 987 1757 Sicque

241 1773 300 1807 per
316 1774 539 1808 quoscumque
557 1764 678 1799 iudices
692 1770 723 1799 et
734 1766 983 1807 commissarios,

242 1817 354 1862 quavis
373 1818 566 1852 auctoritate
588 1819 769 1862 fungentes,
787 1820 883 1853 etiam
905 1830 983 1854 cau-

242 1882 350 1905 sarum
384 1872 495 1906 Palatii
527 1873 704 1917 Apostolici
738 1874 924 1916 auditores,
949 1885 986 1909 ac

242 1925 272 1959 S.
301 1926 337 1960 R.
368 1926 402 1960 E.
427 1926 607 1961 cardinales
627 1928 767 1965 (sublata
797 1928 842 1961 eis
872 1934 903 1962 et
925 1939 982 1962 eo-

242 1989 315 2013 rum
340 1979 474 2014 cuilibet
501 1981 611 2025 quavis
637 1981 731 2014 aliter
759 1981 923 2016 iudicandi
955 1988 1003 2028 013

243 2032 475 2077 interpretandi
501 2034 649 2068 facultate
676 2041 703 2068 ct
726 2035 928 2079 auctoritate)
951 2047 1002 2071 u-,

242 2087 340 2132 hique
365 2088 501 2122 iudicari
531 2099 567 2122 ac
592 2089 721 2122 deliniri
751 2090 879 2130 debere,
903 2080 1002 2137 nec-f

242 2151 307 2175 non
336 2141 463 2175 irritum
485 2148 516 2176 et
536 2142 630 2176 inane
651 2143 866 2184 decernimus,
884 2143 908 2176 si
930 2154 981 2177 se-

243 2207 298 2230 eus
319 2207 416 2240 super
441 2196 490 2230 his
508 2207 524 2229 a
539 2207 716 2240 quoquam,
738 2197 849 2241 quavis
866 2203 981 2231 aucto·
1000 2203 1001 2227 1

243 2249 346 2291 ritate,
363 2250 502 2284 scienter
523 2251 571 2284 vel
596 2250 792 2293 ignoranter,
815 2232 1001 2305 contigerit]

243 2309 403 2338 attentari.
1000 2308 1001 2314 ¹

287 2359 304 2401 S
330 2357 360 2391 6.
392 2357 461 2392 Non
491 2357 692 2391 obstantibus
725 2356 1001 2408 quibuscumque}

244 2411 526 2446 constitutionibus
538 2417 568 2445 et
582 2411 841 2446 ordinationibus
861 2417 1001 2458 aposto-l

243 2464 323 2506 licis,
346 2476 383 2499 ac
405 2465 555 2499 omnibus
580 2466 652 2507 illis,
681 2476 764 2510 quae
785 2465 888 2499 dietus
910 2465 1001 2499 Cte-'

1074 364 1089 404 ἓ
1117 362 1144 394 7.
1166 363 1202 395 Et
1227 363 1302 406 quia
1326 363 1455 397 difficile
1481 364 1564 397 soret
1587 370 1773 408 praesentes

1028 415 1150 449 litteras
1168 417 1370 459 originaliter
1396 418 1435 451 ad
1457 417 1567 450 omnia
1594 423 1624 451 et
1648 417 1774 460 singula

1028 468 1109 509 loca,
1134 470 1165 502 in
1186 470 1304 514 quibus
1322 481 1403 514 opus
1422 478 1513 512 esset,
1535 471 1664 512 deferri,
1684 471 1774 505 volu-

1029 534 1099 556 mus
1128 529 1157 557 et
1188 525 1351 568 praedicta
1376 525 1567 559 auctoritate
1596 526 1774 569 apostolica

1029 576 1232 610 decernimus
1250 578 1337 622 quod
1352 579 1539 612 earumdem
1554 579 1772 623 praesentium

1030 631 1248 675 transumptis,
1273 632 1368 665 etiam
1394 633 1569 676 impressis,
1591 643 1688 667 manu
1713 633 1772 667 ali-

1029 685 1118 718 cuius
1133 686 1249 719 notarii
1266 687 1388 730 publici
1402 687 1604 731 subscriptis,
1622 693 1652 721 et
1665 687 1771 731 sigillo

1028 739 1164 772 alicuius
1194 750 1353 783 personae
1379 740 1412 773 in
1434 741 1589 784 dignitate
1613 742 1768 775 ecelesia-

1028 793 1105 826 stica
1136 794 1352 836 constitutae,
1381 801 1436 828 aut
1464 806 1563 829 manu
1592 796 1770 840 superioris

1028 847 1187 890 generalis
1208 854 1238 881 et
1258 848 1364 891 sigillo
1382 849 1524 883 eiusdem
1543 849 1771 893 Congregatio-

1027 900 1076 933 nis
1097 901 1249 942 munitis,
1275 902 1387 936 eadem
1411 913 1543 946 prorsus
1568 903 1647 936 fides
1672 903 1766 936 adhi-

1027 954 1152 996 beatur,
1173 965 1255 999 quae
1273 956 1485 998 originalibus
1503 956 1579 1000 ipsis
1600 956 1769 990 adhibere-

1028 1014 1090 1049 tur,
1105 1008 1129 1042 si
1146 1009 1251 1043 forent
1271 1009 1433 1043 exhibitae
1450 1010 1498 1044 vel
1519 1015 1675 1044 ostensae.

1070 1064 1184 1097 Datum
1202 1064 1324 1098 Romae
1346 1064 1431 1109 apud
1453 1066 1764 1107 sanctumMareum,

1026 1117 1078 1151 die
1099 1129 1118 1151 x
1140 1118 1282 1152 octobris
1299 1129 1408 1159 MDCVI,
1426 1129 1511 1152 anno
1532 1130 1564 1153 ιι.

1061 1180 1121 1208 Dat.
1139 1180 1181 1208 die
1198 1180 1231 1208 10
1245 1181 1364 1209 octobris
1382 1181 1459 1216 1606,
1477 1190 1520 1209 an.
1539 1188 1568 1210 it.

1348 1342 1426 1376 LIX.

1024 1442 1210 1476 Irritcmtzo·
1229 1445 1352 1474 statuta
1370 1441 1535 1475 nonnulla
1552 1452 1570 1474 α
1584 1442 1767 1486 vexillifero

1067 1499 1095 1528 et
1113 1495 1260 1527 [tutionis
1280 1494 1481 1539 reipublicae
1494 1495 1648 1528 Lucensis
1665 1496 1764 1537 edita,

1066 1549 1159 1593 iique
1179 1549 1397 1582 admonentur
1421 1559 1460 1582 ue
1484 1549 1693 1593 imposterum
1716 1550 1765 1582 si-

1066 1602 1164 1636 milia
1182 1607 1304 1636 tentent
1317 1603 1337 1636 ¹.

1021 1701 1146 1730 Dilectis
1161 1701 1233 1729 filiis
1245 1700 1396 1729 nobilibus
1408 1701 1484 1729 viris
1495 1701 1667 1729 vexillifero
1682 1701 1768 1730 iusti·

1083 1746 1145 1774 tiae
1161 1749 1191 1774 et
1208 1746 1342 1774 antiauis
1357 1747 1543 1780 reipublicae
1560 1746 1706 1774 Lucensis

1254 1809 1366 1837 Paulus
1395 1809 1475 1844 Papa
1503 1810 1533 1837 V·

1193 1899 1302 1927 Dilecti
1317 1899 1372 1926 filii
1390 1900 1507 1927 nobiles
1523 1899 1591 1932 viri,

1062 1946 1192 1973 salutem
1209 1948 1239 1972 et.
1255 1945 1453 1979 apostolicam
1469 1945 1720 1973 benedictionem.

1065 2034 1131 2077 gl.
1160 2033 1352 2068 Iamdudum
1383 2033 1567 2078 accepimus
1591 2044 1646 2068 vos
1676 2034 1763 2068 varia

1018 2094 1135 2122 statuta
1149 2095 1177 2122 et
1197 2089 1325 2122 decreta
1343 2089 1536 2129 condidisse,
1558 2100 1641 2133 quae
1656 2099 1761 2122 sacro-

1020 2153 1087 2176 rum
1108 2153 1268 2176 canonum
1289 2143 1436 2183 decretis,
1455 2143 1691 2177 ecclesiasticae
1713 2143 1760 2177 iu-

1020 2197 1197 2230 risdictioni
1224 2202 1254 2230 et
1278 2197 1378 2230 sancti
1405 2197 1628 2241 Inquisitionis
1659 2196 1761 2231 Officii

1018 2250 1193 2294 privilegiis
1214 2250 1374 2284 adversari
1393 2261 1429 2284 ac
1449 2250 1673 2294 praeiudicare
1693 2260 1762 2294 per-

1017 2305 1195 2349 speximus:
1236 2305 1504 2338 denunciationes
1536 2304 1691 2337 nimirum
1729 2304 1760 2337 in

1017 2358 1151 2392 crimine
1173 2358 1312 2392 haeresis
1333 2358 1427 2391 certis
1444 2357 1636 2391 officialibus
1650 2358 1761 2391 vestris

1019 2412 1180 2446 faciendas
1201 2423 1286 2446 esse:
1320 2412 1419 2446 libros
1449 2411 1655 2445 liaereticalia
1677 2422 1757 2445 con-

1019 2466 1154 2499 tinentes
1184 2472 1214 2500 et
1249 2466 1456 2506 scandalosa,
1488 2476 1625 2509 quorum
1665 2465 1758 2498 etiam

1829 375 1975 402 Transumptis

1788 402 1846 423 credi
1862 402 1929 423 iubet.

1825 2036 1907 2056 Antiani
1925 2037 1954 2057 Lu

1778 2068 1851 2083 censes
1885 2066 1963 2083 statuta

1777 2090 1875 2109 nonnulla
1901 2090 1963 2109 iuri<-

1778 2117 1875 2136 dictionis
1896 2117 1965 2136 eccle-

1777 2143 1963 2163 siastiratdaesiiu

1778 2170 1897 2190 ediderant.

243 2528 334 2552 mens
356 2519 585 2563 praedecessor
606 2525 637 2553 et
656 2530 714 2553 nos
733 2520 763 2553 in
782 2519 916 2562 singulis
935 2520 984 2552 lit-
1000 2565 1002 2614 >
1018 2521 1200 2562 catalogum
1226 2519 1491 2564 proposueritis²‚
1520 2519 1711 2562 legentibus,
1734 2519 1759 2552 si

285 2637 294 2663 1
309 2634 374 2663 flete
389 2639 416 2663 et
430 2635 496 2663 infra
508 2635 572 2664 edit.
583 2636 665 2665 Μαίη.
676 2636 727 2672 teg
740 2636 982 2672 eorumquemxr).

292 2689 370 2717 Bau.
388 2689 468 2718 Rom.
488 2691 546 2718 Vol.
564 2691 613 2719 XI.
829 2691 861 2718 47

1057 2637 1064 2663 t
1090 2635 1126 2663 Ex
1147 2636 1257 2672 aegest.
1280 2636 1306 2662 iu
1327 2635 1429 2663 Secret.
1450 2634 1527 2662 Brev.
