2227 3241
216 275 306 303 Amc.
332 277 396 305 ¹609

444 268 507 302 584

415 331 467 359 aut
486 326 615 369 quaevis
640 326 701 359 alia
727 327 880 371 exquisita
906 329 1007 362 forma
1032 329 1070 362 ad
1092 330 1152 364 boc

414 379 570 411 servanda
597 380 688 421 soret,
713 380 840 414 illorum
864 388 990 415 tenores
1003 393 1152 427 praesen-

414 433 497 466 tibus
518 444 576 476 pro
591 433 785 467 sufficienter
804 435 960 479 expressis
977 442 1007 469 et
1027 437 1066 469 ad
1084 447 1151 470 ver-

415 485 489 518 bum
510 485 646 527 insertis,
663 498 698 519 ac
720 487 853 520 sormam
877 498 986 521 eorum
1002 489 1148 522 traditam
1167 508 1168 511 =

414 548 472 581 pro
486 540 608 572 servata
625 539 790 580 babentes,
808 540 867 574 bac
887 541 953 574 vice
974 542 1147 584 dumtaxat,

416 590 475 624 illis
507 591 584 625 alias
616 592 645 625 in
671 603 729 627 suo
760 593 876 628 robore
907 596 1126 638 permansuris
1140 624 1147 637 ‚

384 662 388 663 ν
413 645 606 689 specialiter,
623 646 811 680 nominatim
832 653 860 681 et
881 659 1028 692 expresse
1048 650 1086 682 ad
1108 650 1150 682 es-

249 823 398 848 Transumptr-

215 855 259 870 rum
275 849 335 870 fides.

246 2317 365 2338 Exordium.

415 698 531 731 fectum
558 699 775 742 praesentium
801 701 1015 743 derogamus,
1048 708 1149 736 caete-

414 750 521 794 risque
542 752 710 785 contrariis
730 753 997 799 quibuscumque.

459 806 475 846 ξ
497 804 525 837 o.
550 805 589 838 Ut
617 811 722 839 autem
753 813 936 850 praesentes
964 814 1090 843 nostrae
1111 810 1148 843 ad

413 857 557 891 omnium
585 859 730 893 notitiam
753 860 875 894 facilius
896 861 1074 903 deveniant,
1098 873 1151 896 vo-

414 910 541 953 lumus,
565 917 599 946 ut
630 914 815 947 earumdem
849 915 1023 959 exemplis,
1055 916 1149 950 etiam

415 964 589 1009 impressis,
615 976 710 1000 manu
735 966 869 1001 alicuius
895 969 1009 1002 notarii
1030 969 1149 1013 publici

414 1018 611 1063 subscriptis,
637 1026 667 1053 et
690 1021 795 1064 sigillo
812 1031 968 1065 personae
994 1022 1024 1055 in
1046 1023 1150 1066 digni-

416 1077 479 1105 tate
500 1073 711 1107 ecclesiastica
726 1075 917 1109 constitutae
937 1076 1079 1117 munitis,
1099 1080 1150 1110 ea-

415 1125 486 1158 dem
507 1135 640 1169 prorsus
659 1127 738 1161 fides
764 1128 930 1170 habeatur,
954 1140 1036 1173 quae
1056 1129 1153 1164 babe-

415 1184 503 1211 retur
516 1178 592 1223 ipsis
603 1180 824 1223 originalibus,
841 1182 866 1215 si
877 1183 982 1216 forent
995 1183 1152 1217 exhibitae

415 1232 461 1265 vel
480 1237 636 1267 ostensae.

459 1287 572 1320 Datum
590 1288 716 1322 Tusculi
744 1290 801 1323 sub
828 1291 947 1324 annulo
971 1291 1150 1333 Piscatoris‚

416 1341 467 1374 die
489 1353 505 1375 x
531 1342 670 1376 octobris
694 1354 800 1381 notitx,
825 1345 1028 1389 pontificatus
1053 1346 1153 1380 nostri

416 1404 501 1430 anno
526 1407 554 1429 v.

452 1460 511 1487 Dat.
534 1461 576 1488 die
599 1461 630 1489 tt)
649 1463 768 1490 octobris
792 1464 867 1499 ¹609,
890 1464 983 1500 potuis.
1001 1474 1071 1493 anuo
1089 1473 1114 1494 v.

743 1625 825 1658 CXL.

419 1721 663 1763 Confirmantm
693 1722 819 1756 litterae
845 1723 1016 1757 Clementis
1049 1725 1156 1768 Papae

470 1775 549 1808 VIII
572 1775 688 1819 quilius
713 1776 894 1817 statuitur,
922 1777 1007 1821 quod
1037 1778 1155 1820 officia-

463 1828 517 1869 les,
542 1829 744 1873 provisores,
772 1834 800 1863 et
830 1830 947 1863 vicarii
969 1830 1152 1874 mucram,

459 1881 585 1925 aliique
604 1881 725 1916 iudices
745 1883 910 1917 ordinarii
926 1884 1155 1928 episcoporum,

461 1935 787 1980 archiepiscoporum,
808 1941 837 1970 et
850 1938 992 1971 aliorum
1014 1937 1155 1972 Ordine*

463 1989 587 2022 riorum
613 1989 755 2023 locorum
779 2001 953 2034 reynerum
981 1991 1152 2033 Castaliae,

461 2047 489 2076 et
513 2043 664 2087 Leyt'om's
688 2044 822 2078 debeant
842 2056 904 2079 esse
930 2046 966 2079 in
989 2046 1090 2080 sacris
1110 2057 1156 2080 or-

461 2097 594 2130 dinibus
621 2098 789 2131 constitute?
802 2098 820 2132 ¹.

657 2189 766 2216 Paulus
787 2190 865 2223 Papa
884 2189 916 2223 V,

540 2243 574 2268 ad
593 2244 771 2276 perpetuam
791 2242 833 2269 rei
854 2243 1035 2270 memoriam.

464 2312 656 2347 Provisionis
691 2319 818 2347 nostrae
854 2313 947 2347 debet
986 2314 1156 2358 provenire

417 2366 572 2407 subsidio,
599 2372 630 2400 ut
652 2366 699 2400 ius
724 2377 815 2400 suuni
838 2367 1013 2411 unicuique
1033 2377 1174 2416 conscr-y

418 2425 518 2454 vetur.

464 2475 480 2517 5
499 2473 524 2507 l.
546 2473 684 2508 Proinde
702 2484 759 2508 nos
779 2479 922 2507 tenorem
942 2475 1154 2519 quarumdam

418 2528 596 2561 litterarum
617 2527 647 2561 in
674 2528 777 2561 forma
798 2527 904 2561 Brevis
925 2527 1025 2562 felicis·
1051 2538 1156 2562 recor-

419 2581 557 2615 dationis
576 2581 746 2615 Clementis
767 2582 870 2625 Papae
890 2581 953 2615 VllI
974 2582 1157 2625 praedeces-

420 2635 500 2668 soris
514 2635 614 2668 nostri
630 2635 659 2667 in
678 2634 847 2668 secretaria
867 2635 1040 2668 domestica
1060 2635 1156 2679 ipsius

458 2699 466 2723 t
491 2696 526 2723 Ex
549 2697 654 2733 llegest.
678 2696 704 2724 in
724 2697 821 2725 Secret-
839 2697 919 2725 Brev.

1171 1643 1174 1688 i

1171 1689 1173 1713 l

1171 1718 1173 1731 i

992 282 1175 307 nULLAtttt'nt
1196 283 1348 309 ROMANUM

1185 331 1440 374 praedecessoris
1469 340 1630 378 repertum
1653 347 1688 369 ex
1710 337 1831 372 minuta
1852 339 1922 372 ori-

1185 383 1282 426 ginali
1303 385 1342 418 de
1362 387 1461 420 verbo
1477 388 1517 421 ad
1535 388 1668 422 verbum
1690 391 1872 431 transcribi,
1892 398 1923 425 et

1185 439 1406 482 praesentibus
1438 441 1585 474 adnotati
1622 442 1774 484 fecimus,
1802 455 1859 488 pro
1885 457 1923 479 eo

1185 491 1271 535 quod
1292 491 1477 527 huiusmodi
1510 500 1619 529 tenore
1645 496 1788 539 indigere
1815 497 1921 531 dilecti

1185 544 1242 578 filii
1275 547 1481 589 congregatio
1509 553 1608 582 status
1637 549 1840 584 ecclesiastici
1873 540 1923 585 re-

1185 608 1321 640 gnorum
1344 599 1497 634 Castellae
1524 607 1554 634 et
1583 602 1731 645 Legionis
1759 603 1852 637 nobis
1877 603 1920 637 si-

1184 650 1395 692 gnificat-unt·⁷
1424 653 1477 696 qui
1504 654 1634 698 quidem
1657 661 1749 689 tenor
1771 655 1840 690 talis
1864 663 1921 697 est,

1185 703 1344 738 videlicet:

1229 757 1372 792 Clemens
1394 760 1486 803 Papa
1505 760 1594 801 VIII,
1615 761 1657 794 acl
1673 767 1862 806 perpetuam
1878 763 1926 796 rei

1930 292 1979 317 An.
1994 292 2022 317 C.
2052 291 2118 319 1609

1981 772 2124 793 necensentur

1918 816 1923 822 ‚
1940 796 2052 820 Clementis
2066 798 2124 824 rapa
2172 816 2174 818 ,

1184 812 1383 845 memoriam.
1400 813 1608 848 Ecclesiastici
1631 814 1758 849 Ordinis
1779 815 1924 860 dignitati
1939 825 2023 855 litterae
2038 825 2064 846 do
2079 824 2124 854 quvi*

1184 869 1215 897 et
1233 864 1339 898 decori
1368 866 1504 900 maxime
1525 867 1684 909 convenit,
1708 874 1741 902 ut
1761 869 1814 913 qui
1847 879 1922 913 per-

1184 917 1271 951 sonis
1302 919 1525 953 ecelesiasticis
1551 925 1581 953 et
1602 931 1708 954 rerum
1736 921 1926 956 ecclesiasti-

1185 981 1294 1004 carum
1324 972 1355 1005 in
1376 973 1595 1017 spiritualibus
1615 975 1804 1019 praesertim
1822 976 1925 1010 admi-

1184 1022 1362 1059 nistrationi
1394 1026 1645 1070 praeficiuntur,
1673 1029 1693 1061 ii
1727 1038 1791 1062 non
1822 1029 1925 1063 solum

1186 1078 1289 1112 delata
1318 1080 1378 1113 sibi
1407 1081 1598 1116 auctoritate
1621 1083 1764 1125 suffulti,
1793 1084 1866 1126 sed,
1897 1090 1928 1118 ct

1188 1132 1240 1164 tali
1263 1132 1356 1166 etiarn
1383 1134 1496 1168 ordine
1516 1135 1578 1169 sint
1598 1136 1723 1178 initiati,
1747 1142 1781 1170 ut
1801 1147 1860 1170 nec
1884 1136 1927 1170 in-

1186 1184 1340 1218 decorum
1358 1186 1408 1228 sit,
1434 1187 1503 1221 illos
1522 1188 1654 1222 caeteris
1674 1189 1706 1222 in
1726 1189 1824 1223 sacris
1841 1189 1926 1223 ordi-

1187 1238 1280 1272 nibus
1302 1240 1480 1274 constitutis
1510 1241 1655 1286 personis
1683 1253 1839 1286 praeesse,
1869 1243 1928 1278 nec¹

1188 1293 1249 1327 illis
1269 1299 1340 1337 post
1369 1294 1515 1328 absoluta
1538 1305 1649 1328 eorum
1671 1295 1777 1329 officia
1803 1296 1926 1331 licitum

1187 1347 1228 1381 sit
1248 1347 1288 1380 ad
1305 1347 1429 1381 laicalia
1450 1354 1532 1389 vota,
1553 1359 1625 1382 cum
1647 1349 1850 1383 ecelesiastici
1871 1350 1928 1384 Or-

1188 1400 1272 1434 dinis
1304 1401 1483 1442 dedecore,
1514 1403 1722 1446 pertransire.
1756 1403 1823 1436 Hoc
1850 1413 1928 1438 sane

1189 1454 1334 1495 consilio,
1355 1455 1495 1499 primum
1524 1455 1555 1488 in
1576 1455 1838 1498 Chalcedonensi,
1861 1463 1926 1491 tum

1190 1506 1221 1540 in
1245 1507 1424 1552 llispalensi
1445 1508 1590 1542 conciliis
1616 1509 1750 1553 provide
1774 1514 1935 1544 statutum·

1190 1560 1268 1602 fuit,
1296 1567 1331 1594 ut
1355 1561 1464 1594 vicarii
1485 1561 1709 1606 episcoporum
1735 1573 1800 1596 non
1821 1563 1900 1597 laici
1918 1591 1924 1604 ,

1189 1615 1243 1658 sed
1269 1614 1377 1648 clerici
1408 1625 1475 1648 esse
1500 1615 1671 1648 deberent:
1701 1615 1866 1660 quinimog
1894 1622 1929 1650 ut

1190 1668 1394 1711 accepimus,
1429 1669 1459 1701 in
1492 1669 1680 1713 provinciali
1710 1670 1832 1714 synodo
1866 1671 1927 1704 To-

1190 1722 1291 1754 letana
1325 1731 1409 1754 anno
1444 1722 1570 1755 Domini
1604 1732 1721 1756 nDvai
1755 1723 1926 1765 celebrata,

1190 1785 1261 1808 cum
1284 1785 1347 1808 non
1373 1780 1453 1808 esset
1478 1785 1625 1819 expresse
1646 1776 1801 1817 decisum,
1825 1786 1863 1810 an
1886 1777 1929 1809 vi·

1190 1828 1304 1869 carius,
1332 1839 1389 1862 seu
1410 1829 1567 1870 officialis,
1591 1835 1646 1863 aut
1664 1830 1813 1874 provisor
1833 1841 1926 1873 gene-

1191 1881 1265 1915 ralis
1285 1882 1449 1927 episcopi,
1465 1888 1497 1916 et
1511 1883 1604 1916 iudex
1629 1883 1871 1925 ecclesiasticus,
1897 1884 1928 1917 in

1189 1935 1287 1969 sacris
1319 1942 1371 1969 aut
1401 1936 1579 1970 minoribus
1611 1942 1732 1970 tantum
1762 1937 1929 1971 ordinibus

1190 1990 1381 2024 constitutus
1406 2001 1473 2024 esse
1501 1991 1655 2032 deberet,
1679 1992 1718 2024 ad
1752 1991 1927 2024 tollendam

1190 2044 1427 2085 indecentiam,
1450 2055 1532 2088 quae
1555 2045 1627 2078 inde
1652 2045 1820 2088 provenire
1841 2050 1930 2089 potc-

1190 2104 1250 2139 rat,
1274 2098 1458 2132 ordinatum
1483 2098 1550 2138 suit,
1574 2104 1608 2132 ut
1629 2098 1749 2131 iudices
1774 2097 1926 2132 ecclcsia-

1190 2150 1257 2185 stiei
1294 2151 1324 2184 in
1351 2151 1449 2184 sacris
1476 2151 1645 2184 ordinibus
1670 2150 1834 2185 constituti
1861 2161 1929 2184 esse

1190 2205 1354 2238 deberent.
1376 2204 1520 2248 Cumque
1542 2204 1650 2248 itaque
1671 2215 1774 2248 nuper
1798 2204 1930 2238 dilecto-

1190 2270 1261 2292 rum
1280 2258 1421 2291 tiliorum
1440 2257 1698 2300 congregationis
1715 2263 1815 2291 status
1833 2258 1930 2291 eccle-

1189 2311 1306 2345 siastici
1339 2321 1511 2354 regnorum
1541 2311 1693 2344 Castellae
1724 2315 1755 2344 et
1783 2310 1930 2353 Legionis

1190 2366 1322 2400 nomine
1342 2365 1434 2399 nobis
1459 2365 1637 2409 expositum
1670 2364 1787 2406 suerit,
1819 2364 1904 2408 ipsos
1920 2391 1927 2405 ,

1190 2419 1381 2464 supradictis
1406 2419 1445 2452 dc
1466 2419 1590 2459 causis,
1625 2417 1761 2451 maxime
1785 2427 1926 2462 cupere,

1191 2479 1235 2514 ut,
1257 2483 1314 2517 pro
1344 2472 1442 2516 ipsius
1469 2477 1568 2506 status
1597 2470 1800 2505 ecelesiastici
1830 2470 1931 2504 dieto-

1190 2537 1260 2560 rum
1292 2535 1465 2568 regnorum
1491 2525 1547 2569 (in
1577 2524 1695 2569 quibus
1723 2520 1929 2558 sacerdotum

1191 2586 1222 2614 ct
1241 2579 1433 2614 clericorum
1456 2579 1487 2612 in
1506 2578 1604 2612 sacris
1628 2577 1796 2612 ordinibus
1816 2577 1932 2612 consti-

1191 2639 1345 2673 tutorum,
1370 2632 1517 2666 doctrina
1537 2631 1671 2676 aliisque
1695 2631 1866 2664 virtutibus
1883 2631 1930 2664 in-

1191 2686 1353 2730 signium,
1383 2695 1509 2730 magna,
1543 2684 1754 2719 benedicente
1777 2684 1925 2726 Domino,

1940 852 1979 873 bus
1993 858 2012 872 tu
2031 851 2122 873 rubrica.
2166 851 2167 854 ’
