2227 3241
32 254 79 282 An.
96 252 124 280 C.
146 251 212 279 1604

53 1389 83 1410 na
92 1391 111 1410 ul
121 1390 215 1410 collatis-

31 1422 68 1437 nes
95 1416 214 1437 huiusmodi

33 1443 125 1464 eamdem
133 1445 172 1464 run
179 1444 214 1464 lia·

33 1469 103 1492 beant.

60 1874 176 1896 Clausum·¹

51 2459 161 2487 Dei-ngat..)
171 2469 218 2484 con·

38 2488 153 2511 uariorum.

20 3088 28 3241 ——Hv-
20 3052 25 3081 ο
20 3021 24 3047 --
18 2923 24 3017 ——-=—

854 251 999 277 CLEMENs
1020 252 1075 276 VIII
1098 254 1142 276 1²1².

227 308 286 344 pro
305 310 454 344 expresso
469 300 635 342 habentes,
651 299 837 334 huiusmodi
854 300 973 344 suppli-

229 353 409 387 cationibus
426 354 582 396 inclinati,
599 354 667 398 tibi,
682 365 717 388 ac
731 354 972 388 successoribus

229 407 290 440 tuis
316 408 470 442 eeclesiae
494 409 736 453 Herbipolensis
754 408 968 452 praesulibus,

228 466 273 502 111,
290 462 483 496 succedente
495 462 738 506 praedictorum
756 462 853 495 trium
875 473 972 496 cano-

227 515 392 549 nicatuum
406 522 435 549 et
449 516 722 560 praebendarum,
736 527 795 560 pro
809 516 971 560 magistris

228 568 260 602 in
278 570 370 602 sacra
389 569 551 612 theologia
565 580 582 602 a
595 569 762 613 praedicto
776 570 857 604 Iulio
874 581 969 615 prae-

228 622 397 656 decessore
418 627 655 656 reservatorum
675 629 706 656 et
725 623 967 667 deputatorum,

227 676 394 710 vacatione
408 703 416 717 ,
440 676 510 710 illos
535 687 600 710 non
620 677 725 711 solum
755 678 917 720 magistris
938 678 969 711 in

227 729 408 772 theologia,
437 731 491 764 sed
512 731 608 764 etiam
635 732 822 765 doctoribus
848 732 879 765 in
901 733 969 766 iure

228 783 398 824 canonico,
421 784 588 818 catholicis
607 791 725 826 tamen,
747 791 776 819 et
793 788 917 820 servata
938 786 969 819 in

226 837 360 881 reliquis
375 838 562 871 earumdem
574 838 646 872 Iulii
657 840 914 883 praedecessoris
925 840 971 872 lit-

228 896 368 924 terarum
389 892 504 933 forma,
524 892 624 926 libere
641 894 786 927 conferre
807 899 836 926 et
855 894 894 927 de
908 893 970 927 illis

227 944 398 989 providere
426 945 556 979 valeatis
578 946 728 990 (perinde
753 957 789 980 ac
818 947 842 980 si
872 947 968 981 iidem

228 1004 292 1032 tres
319 999 527 1033 canonicatus
547 1006 577 1033 et
598 1000 813 1044 praebendae,
831 1012 897 1035 non
917 1013 969 1036 so-

227 1052 294 1085 lum
314 1063 374 1096 pro
395 1052 556 1095 magistris
569 1053 600 1086 in
615 1054 788 1097 theologia,
803 1055 859 1088 sed
874 1055 968 1088 etiam

227 1117 287 1151 pro
307 1106 496 1140 doctoribus
522 1107 554 1140 in
579 1107 649 1141 iure
674 1108 832 1142 canonico
857 1109 896 1142 ab
917 1119 970 1142 eo-

229 1161 302 1194 dem
323 1161 404 1195 Iulio
432 1162 683 1206 praedecessore
708 1163 899 1196 nominatim
922 1175 970 1197 re-

228 1214 344 1248 servati
377 1220 407 1248 et
432 1215 576 1259 deputati
597 1215 755 1258 fuissent),
779 1217 970 1251 auctoritate

229 1269 418 1312 apostolica,
442 1275 554 1303 tenore
575 1270 814 1314 praesentium,
840 1271 970 1305 faculta-

230 1328 293 1355 tem
315 1323 534 1363 concedimus,
559 1329 589 1356 et
608 1323 824 1366 indulgemus.

275 1377 291 1418 ξ
313 1376 342 1408 4.
368 1377 472 1420 Atque
493 1377 694 1418 collationes,
719 1383 749 1411 et
772 1378 971 1421 provisiones

230 1430 269 1463 de
290 1429 382 1463 dictis
400 1431 642 1464 canonicatibus
663 1432 899 1475 etpraehendis
913 1442 971 1476 pro

229 1488 376 1527 ternpore
404 1484 610 1525 vacantibus,
635 1485 821 1518 doctoribus
850 1485 881 1518 in
903 1485 972 1519 iure

229 1536 384 1570 canonico
398 1548 456 1581 per
466 1543 506 1578 te,
520 1543 574 1571 aut
585 1548 785 1572 successores
799 1544 869 1572 11105
880 1549 971 1583 prae-

229 1590 331 1624 dictos
355 1601 414 1634 pro
444 1596 590 1635 tempore
618 1591 798 1633 faciendas,
823 1593 970 1626 eamdem

228 1643 290 1676 vim
306 1648 337 1677 et
350 1644 451 1677 robur
463 1644 620 1686 obtinere,
639 1656 747 1689 quam,
764 1645 789 1679 si
811 1646 972 1689 magistris

228 1698 261 1731 in
279 1697 441 1741 theologia
461 1699 546 1732 iuxta
564 1699 722 1733 dictarum
746 1700 816 1733 Iulii
838 1701 972 1744 praede.-

228 1752 363 1785 cessoris
383 1752 564 1786 litterarum
592 1753 707 1786 seriem
730 1754 877 1787 collocati
899 1754 972 1787 suis-

229 1811 310 1847 sent,
333 1806 528 1840 obtinerent.

275 1862 292 1903 5
311 1859 341 1893 5.
366 1861 429 1894 Nec
450 1871 468 1893 a
489 1871 652 1905 quoquam
671 1862 785 1905 quovis
805 1868 971 1906 praetextu

230 1915 414 1959 impugnari
430 1915 591 1949 ullatenus
604 1927 709 1960 posse,
724 1916 835 1960 sicque
856 1922 886 1949 et
906 1927 970 1950 non

230 1968 324 2001 aliter
343 1979 401 2012 per
418 1979 641 2013 quoscumque
654 1969 775 2003 iudices
790 1970 972 2004 ordinarios

231 2026 262 2054 et
279 2021 454 2064 delegatos,
469 2022 563 2055 etiam
579 2034 747 2056 causarum
762 2024 874 2056 Palatii
888 2025 972 2068 Apo-

229 2075 332 2109 stolici
361 2076 525 2110 auditores
550 2077 687 2120 (sublata
715 2077 770 2117 eis,
798 2083 828 2111 et
858 2088 970 2111 eorum

230 2129 376 2173 quilibet,
398 2129 509 2173 quavis
530 2130 624 2163 aliter
644 2130 808 2164 iudicandi
824 2136 854 2164 et
875 2131 974 2164 inter-

230 2183 378 2227 pretandi
401 2184 549 2217 facultate
564 2190 593 2217 et
612 2184 814 2228 auctoritate)
828 2185 972 2228 iudicari,

231 2243 261 2270 et
282 2237 409 2270 definiri
436 2237 567 2277 deber03
596 2248 632 2271 ac
657 2238 782 2271 irritum
809 2245 838 2271 et
866 2239 970 2281 inane,

232 2290 388 2335 quidquid
403 2301 494 2324 secus
508 2291 667 2335 superbis
681 2302 698 2324 a
713 2303 888 2335 quoquam,
902 2304 974 2336 qua-

232 2344 277 2377 vis
297 2344 498 2385 auctoritate,
531 2345 669 2378 scienter
696 2346 742 2377 rel
776 2345 971 2388 ignoranter,

233 2398 406 2441 contigerit.
425 2399 588 2431 attentari.

277 2453 293 2493 ξ
314 2450 344 2484 6.
369 2452 437 2485 Non
457 2451 659 2485 obstantibus
673 2452 839 2496 quibusvis
858 2453 975 2486 consti-

235 2505 423 2545 tutionibuS,
447 2512 475 2538 et
497 2505 758 2539 ordinationibus
776 2506 972 2549 apostolicis,

233 2569 358 2593 necnon
378 2559 529 2593 omnibus
554 2559 626 2599 illis,
651 2570 734 2603 quae
754 2560 858 2593 (lictus
878 2560 976 2593 Iulius

233 2613 462 2657 praedecessor
473 2613 502 2646 in
516 2613 582 2646 suis
595 2613 709 2647 litteris
719 2613 817 2647 voluit
831 2624 894 2646 non
909 2614 977 2647 obs-

235 2666 517 2711 tare‚caeterisque
529 2667 698 2701 contrariis
708 2668 976 2712 quilmscumque.

295 2728 372 2756 Bull.
395 2729 476 2757 Rom.
494 2745 527 2748 —
546 2730 606 2757 Vol.
627 2730 675 2758 XI.
861 2729 892 2756 15

1659 244 1723 277 113
1768 254 1860 283 amc.
1883 257 1950 285 1601

1050 301 1163 334 Datum
1185 302 1306 335 Romae
1326 301 1412 346 apud
1433 302 1584 335 Sanctum
1606 302 1748 336 Marcum

1006 353 1064 387 sub
1083 354 1204 388 annulo
1221 354 1393 388 Piscatoris
1407 355 1458 389 die
1472 365 1547 390 xxm
1562 355 1631 389 iulii
1651 366 1750 391 uncw

1006 407 1213 451 pontificatus
1233 409 1336 441 nostri
1358 419 1442 442 anno
1463 419 1532 443 x111.

1040 471 1099 498 Dat.
1121 470 1164 499 die
1185 471 1214 499 31
1237 471 1296 498 iulii
1318 472 1395 506 1602,
1416 473 1512 508 pontif.
1535 481 1579 501 an,
1600 479 1660 500 xni.

1304 632 1447 667 CCCLIII.

1005 731 1160 765 Rcductio
1178 732 1221 764 ad
1237 733 1323 765 ‘vlam
1341 733 1425 765 iuris
1443 732 1628 767 litterarum
1647 735 1751 777 sacul-

1051 786 1127 819 latis
1146 785 1315 828 obtinendi
1331 787 1457 828 fructas
1476 798 1662 821 mensarum
1682 800 1750 821 ma-

1047 839 1241 882 (sz'seralium
1277 840 1481 873 militarium
1514 841 1545 874 S.
1574 842 1686 874 Iacotn'
1713 842 1750 873 de

1049 893 1191 936 Spallta,
1223 892 1261 925 de
1285 893 1468 926 Alconem-a
1493 899 1521 926 el
1553 895 1747 937 Calalraz'u,

1049 947 1159 980 clarae
1180 947 1351 980 memoriae
1373 946 1529 991 Philippo
1555 948 1595 982 II
1609 950 1680 993 reqz'
1699 960 1750 982 ca-

1051 1000 1169 1034 tholico
1189 1000 1268 1034 olim
1290 1011 1454 1034 concessae
1467 1001 1486 1034 ¹.
1631 1007 1635 1011 “

1210 1117 1345 1145 Clemens
1365 1118 1445 1152 Papa
1464 1118 1542 1150 VIII,

1146 1171 1188 1198 Ad
1208 1170 1342 1199 futuram
1362 1171 1406 1199 rei
1426 1171 1608 1199 memoriam.

1050 1267 1135 1303 Alias
1155 1280 1215 1313 pro
1233 1275 1324 1313 parte
1349 1270 1455 1303 clarae
1477 1270 1654 1305 memoriae
1679 1271 1752 1305 Phi·
1779 1285 1915 1315 mammen
1925 1285 1951 1306 111,

1007 1323 1085 1367 lippi
1100 1323 1124 1356 ll
1139 1323 1366 1367 Hispaniarum
1389 1323 1473 1366 regis
1495 1324 1643 1357 catholici
1658 1325 1751 1359 nobis
1767 1315 1951 1368 lilssf⁰1¹¹n⁸a⁵a<ass¹l¹u³rff

1007 1377 1162 1420 exposito,
1186 1377 1285 1420 quod,
1306 1387 1378 1410 cum
1401 1377 1469 1421 ipse
1494 1377 1664 1411 occasione
1681 1379 1750 1412 bel-
1766 1366 1953 1422 llf²¹⁰lilt¹1l3¹=3ssz

1007 1431 1124 1469 lorum,
1143 1441 1225 1473 quae
1246 1430 1338 1463 annis
1361 1436 1438 1464 111110
1454 1432 1635 1475 praeteritis
1654 1433 1749 1466 etiam
1765 1419 1954 1475 Fllss⁰¹ssfiih¹¹33¹r¹llli

1007 1485 1038 1517 in
1059 1484 1171 1527 belgii,
1192 1484 1257 1517 sive
1276 1484 1437 1518 inferioris
1450 1485 1653 1527 Germaniae,
1674 1498 1750 1530 pro-
1766 1473 1951 1531 dlliffiss'lssll'unl„

1008 1538 1141 1577 vinciis,
1166 1549 1202 1571 ac
1223 1537 1395 1571 novissime
1416 1538 1448 1570 in
1469 1539 1624 1573 Franciae
1651 1551 1751 1583 regno
1767 1527 1855 1552 ‘Qum'
1871 1528 1912 1546 Μ’

1008 1592 1213 1632 sustinuerat,
1232 1597 1262 1624 et
1284 1597 1359 1625 111110
1379 1592 1572 1633 sustinebat,
1596 1593 1752 1627 maximos

1008 1650 1155 1688 sumptus
1190 1644 1337 1685 fecisset,
1366 1655 1485 1690 cosque
1517 1651 1593 1680 tune
1623 1658 1752 1691 quoque

1009 1700 1113 1732 facere
1138 1709 1204 1733 non
1230 1700 1418 1741 destiterat,
1443 1707 1474 1733 et
1498 1706 1672 1745 propterea
1701 1713 1754 1735 aes

1008 1753 1149 1787 alienum
1165 1754 1204 1787 ad
1217 1753 1381 1796 ingentem
1397 1765 1557 1788 summam
1576 1756 1753 1789 ascendens

1008 1808 1202 1841 contrahere
1230 1814 1360 1842 coactus
1389 1808 1509 1850 suisset,
1535 1815 1565 1842 et
1586 1809 1623 1843 iis
1645 1810 1699 1853 qui
1721 1810 1751 1843 111

1008 1861 1191 1905 praemissis
1211 1861 1271 1895 sibi
1291 1867 1421 1905 praesto
1442 1863 1570 1896 fuerant
1595 1868 1625 1896 et
1649 1874 1749 1907 pecu-

1007 1915 1093 1947 niam
1108 1915 1325 1956 crediderant,
1339 1921 1373 1948 ut
1387 1922 1537 1959 parerat,
1555 1916 1750 1957 satisfacere,

1008 1979 1185 2013 eorumque
1211 1969 1413 2002 indemnitati
1445 1970 1632 2014 prospicere
1658 1982 1753 2014 cupe-

1009 2027 1066 2063 ret,
1083 2021 1236 2066 cumque*2
1249 2022 1357 2064 etiarn,
1374 2033 1435 2067 pro
1449 2023 1664 2057 conscientiae
1678 2035 1754 2057 suae

1008 2075 1237 2109 exoneratione
1258 2081 1286 2109 et
1308 2076 1491 2117 securitate,
1512 2076 1753 2119 ingravescente

1009 2129 1199 2172 praesertim
1222 2134 1296 2163 tunc
1322 2136 1448 2171 aetate,
1472 2131 1628 2163 nonnulla
1652 2132 1754 2172 legata

1010 2183 1135 2219 facere,
1156 2188 1186 2216 et
1211 2193 1311 2217 onera
1335 2183 1505 2228 imponere
1531 2190 1561 2217 et
1585 2195 1645 2228 pro
1671 2184 1754 2217 aeris

1010 2236 1167 2280 praedicti
1201 2237 1361 2270 solutione
1391 2243 1421 2270 et
1445 2238 1625 2279 legatorum
1658 2244 1753 2281 atquc

1010 2300 1145 2323 onerum
1159 2291 1413 2334 praemissorum
1429 2290 1643 2324 satisfactione
1658 2297 1752 2334 atque

1011 2343 1238 2387 exequutione,
1257 2344 1295 2377 de
1316 2344 1467 2377 omnibus
1488 2350 1518 2377 et
1534 2343 1668 2387 singulis
1689 2345 1753 2376 1111-

1048 2451 1055 2476 1
1082 2450 1117 2476 Ex
1139 2450 1247 2485 Ilegest.
1269 2449 1295 2477 in
1317 2451 1415 2477 500101-
1432 2450 1513 2477 Brev.

1045 2494 1060 2521 2
1081 2495 1135 2521 Vox
1156 2495 1206 2521 ista
1226 2504 1348 2529 cumque
1368 2494 1520 2521 redundare
1541 2493 1662 2527 videtum
1691 2503 1752 2521 nani

1011 2545 1151 2568 contextus
1167 2542 1224 2567 sere
1239 2540 1389 2567 istiusmodi
1406 2543 1458 2566 est:
1479 2540 1593 2566 Alias...
1612 2541 1752 2575 exposite,

1011 2587 1086 2621 quod
1104 2586 1181 2621 (cum
1205 2586 1297 2620 ipse...
1314 2586 1442 2619 cuperet)
1461 2586 1585 2612 ctiam...
1602 2585 1751 2613 desidera-

1012 2632 1128 2659 batfac
1155 2634 1310 2665 propterca
1336 2630 1452 2656 vnobis...
1480 2630 1657 2664 supplicato,
1688 2634 1750 2658 ut...

1011 2677 1220 2711 diffiterentur:
1238 2683 1299 2711 nos,
1312 2678 1376 2709 etc.>
1387 2677 1414 2701 ut
1426 2674 1547 2711 sequitur
1563 2674 1589 2702 in
1600 2674 1613 2710 ἓ
1623 2675 1639 2702 2
1652 2677 1689 2710 (11.
1702 2676 1750 2708 1.).
