2227 3241
199 252 247 280 An.
263 253 292 278 (Σ.
316 252 382 280 1608

241 689 384 713 Τῐεηιυπψῑιι

201 720 285 741 quoquo
327 714 385 735 credi

201 741 292 762 mandat,

229 2197 368 2220 Prooemium.

428 243 492 277 54ss
979 253 1154 277 eruanimi

398 302 617 345 buscumque·,
639 307 693 334 aut
714 300 737 332 si
763 300 934 344 aliquibus,
959 300 1138 334 communi-

399 360 446 387 ter
470 360 523 387 aut
547 354 693 393 divisim,
721 354 760 386 ab
782 353 963 398 Apostolica
991 354 1030 388 sit
1058 354 1138 388 Sede

399 408 557 441 indultum
574 435 581 449 ‚
606 408 692 451 quod
723 407 892 449 interdici,
916 408 1068 452 suspendi
1088 409 1138 442 vel

400 459 671 493 excommunicari
701 471 765 494 non
790 460 913 505 possint
936 471 994 505 per
1018 461 1139 496 litteras

400 514 590 558 apostolicas
607 524 672 547 non
699 514 849 548 facientes
873 515 1001 560 plenam
1030 521 1059 549 et
1089 526 1139 548 ex-

400 577 541 611 pressam
567 577 605 600 ac
629 567 669 600 de
694 568 791 601 verbo
817 569 856 602 ad
881 569 1012 601 verbum
1034 569 1073 602 de
1094 569 1139 602 in-

401 621 489 655 dulto
515 621 700 655 huiusmodi
728 622 937 656 mentionem.

444 675 459 718 5
479 673 508 708 5.
530 675 683 708 Volumus
708 680 813 709 autem
827 703 834 716 ‚
857 680 891 708 ut
923 675 1138 719 praesentium
1156 675 1158 707 ἓ

401 727 620 772 transumptis,
642 728 737 761 etiam
760 728 934 773 impressis,
960 739 1055 762 manu
1081 724 1158 762 no-'

401 781 471 814 tarii
496 781 618 826 publici
643 782 854 827 subscriptis,
887 788 918 815 et
949 782 1054 825 sigillo
1082 782 1158 820 ali-;

399 835 490 869 cuius
514 846 672 880 personae
698 836 728 869 in
750 836 907 880 dignitate
927 836 1158 870 ecclesiastica*

400 888 600 930 constitutae,
618 895 673 922 aut
690 899 787 923 manu
805 888 964 932 generalis
989 895 1019 922 et
1036 889 1141 932 sigillo
1157 901 1160 932 2

400 942 504 976 dictae
527 943 790 986 Congregationis
819 943 975 977 Fuliensis
996 943 1137 984 munitis,
1157 934 1160 944 ’

400 997 511 1031 eadem
533 1007 665 1041 prorsus
686 996 765 1030 tides
786 996 978 1031 adhibeatur
1003 997 1034 1030 in
1060 997 1141 1031 iudi-

400 1050 450 1084 cio
475 1055 506 1084 et
526 1050 613 1091 alibi,
638 1050 691 1083 ubi
717 1061 798 1095 opus
819 1050 934 1092 suerit,
958 1062 1040 1095 quae
1066 1051 1141 1096 ipsis

400 1104 620 1148 praesentibus
641 1104 861 1145 adhiberetur,
885 1104 910 1137 si
934 1106 1036 1138 forent
1057 1097 1160 1138 exhi-l

400 1157 485 1191 bitae
509 1158 556 1190 vel
577 1162 733 1191 ostensae.

446 1211 558 1244 Datum
577 1211 698 1244 Romae
716 1212 801 1256 apud
822 1217 967 1245 sanctum
988 1213 1138 1254 Marcum,
1158 1234 1161 1273 ἢ

401 1265 460 1298 sub
492 1265 612 1298 annulo
645 1265 815 1299 piscatoris
847 1265 898 1299 die
932 1276 984 1300 xiv
1016 1267 1141 1310 augusti

401 1328 533 1361 MDCVffl,
556 1318 764 1364 pontificatus
785 1320 883 1353 nostri
910 1330 995 1354 anno
1020 1331 1060 1354 iv.

436 1382 497 1410 Dat.
515 1382 557 1411 die
580 1383 612 1411 14
626 1382 733 1419 augusti
751 1383 829 1418 1608,
846 1383 938 1419 pontis·
956 1392 998 1412 au.
1017 1391 1050 1412 tv.

718 1541 817 1576 cxlx.

404 1643 648 1686 Confirmantur
692 1644 820 1677 litterae
863 1645 1036 1679 Clementis
1074 1646 1140 1679 Ρα-

443 1708 506 1741 pae
541 1697 624 1731 VIII
654 1708 750 1741 super
783 1698 967 1731 reductione
997 1699 1160 1751 fratruae·

450 1751 551 1784 Tertii
573 1750 708 1786 Ordinis
732 1752 838 1784 sancei
858 1751 1029 1785 Francisci
1049 1753 1141 1797 requi
1159 1761 1160 1774 ³

446 1804 477 1838 F
477 1805 608 1838 ranciae
624 1805 667 1837 acl
683 1805 900 1838 obedientiam
920 1807 1071 1850 ›nceyislri
1090 1817 1142 1850 gye-

446 1858 569 1892 ner-alis
601 1858 736 1893 Ordinis
768 1861 874 1894 sancti
904 1859 1076 1893 Francisci
1105 1860 1142 1894 de

447 1910 661 1947 observantia·
671 1912 690 1946 ¹.

642 2028 752 2057 Paulus
773 2029 851 2064 Papa
871 2030 903 2061 V,

526 2083 562 2111 ad
578 2086 753 2118 perpetuam
773 2083 817 2112 rei
838 2084 1018 2112 memoriam.

447 2181 480 2214 ln
505 2180 648 2226 supremi
673 2181 876 2225 Apostolatus
902 2182 992 2226 apice
1020 2182 1161 2216 consti-³

403 2234 460 2268 tuti
479 2234 538 2268 ad'
555 2244 591 2268 ea
609 2234 745 2268 libenter
763 2234 968 2277 intendimus,
986 2246 1045 2280 per
1062 2247 1144 2280 quae
1160 2246 1162 2260 ³

402 2287 636 2331 Religiosorum
670 2288 825 2322 Ordinum
863 2300 1162 2334 quorumcumque*

400 2346 500 2375 status
513 2342 634 2386 optime
646 2341 804 2384 dirigitur,
819 2348 849 2375 et
861 2352 943 2387 quae
958 2343 1030 2376 ideo
1049 2343 1141 2376 etiam

401 2395 577 2439 apostolica
605 2395 795 2429 auctoritate
822 2395 903 2429 facta
934 2396 1082 2437 fuerunt,
1112 2402 1162 2430 ut>

402 2448 546 2482 firmiora
582 2454 740 2493 perpetuo
776 2448 975 2490 subsistant,
1016 2455 1162 2483 nostrae

402 2512 532 2546 quoque
565 2502 758 2546 apostolicae
795 2502 994 2537 auctoritatis
1027 2503 1144 2537 robore

403 2555 653 2589 communimus.
758 2548 761 2551 ’

443 2627 451 2654 1
476 2625 513 2653 Ex
534 2626 641 2663 Regest.
662 2626 689 2654 in
710 2626 810 2655 Secret.
832 2626 909 2655 Brev.

442 2671 458 2699 2
478 2670 621 2708 Perpernam
637 2672 701 2701 edit.
718 2671 798 2701 Main.
815 2671 878 2709 legit
894 2672 925 2701 de
941 2680 973 2699 ea
989 2674 1029 2708 (n.
1046 2672 1094 2707 τ.>.

1180 254 1330 279 ROMANL'M
1928 257 1977 283 An.
1992 256 2021 284 c.
2042 256 2111 285 1608

1215 303 1232 344 ξ
1253 301 1281 335 l.
1307 302 1391 336 Alias
1416 303 1575 347 siquidem
1598 315 1615 337 a
1637 304 1736 338 felicis
1761 305 1910 340 recorda·
1953 319 2048 340 oiemens
2064 318 2112 340 viu

1173 354 1266 388 tionis
1285 355 1448 389 Clemente
1473 357 1557 400 Papa
1578 357 1642 390 Vlll
1663 358 1910 401 praedecessore
1927 345 2012 392 3323,
2025 345 2112 392 νιξῖῖἓῖ

1173 412 1284 441 nostro
1305 415 1496 442 emanarunt
1516 409 1547 442 in
1567 409 1663 443 simili
1686 411 1788 444 forma
1805 411 1911 446 Brevis
1925 397 2114 445 ssffeffissfflssffilfl

1172 460 1296 494 litterae
1315 461 1434 495 tenoris
1458 461 1693 506 subsequentis,
1716 462 1872 497 videlicet:
1926 451 2112 476 ¹²¹i¹¹³⁵¹'¹⁸⁰¹²⁰'³’

1926 477 1951 499 lis
1957 477 1984 498 de
1994 477 2112 498 observan-

1927 503 1956 525 tia
1966 504 2033 531 redigi
2044 503 2112 526 iussit.

1359 542 1501 577 Clemens
1518 543 1614 586 Papa
1635 543 1725 583 VIII,

1262 605 1306 637 acl
1326 609 1517 648 perpetuam
1542 606 1590 638 ree?
1614 607 1816 639 memoriam.

1264 677 1304 709 Ex
1331 676 1474 710 iniuncto
1495 676 1588 710 nohis
1608 677 1777 721 pastoralis
1794 688 1910 712 mune·
1955 690 2055 712 musam
2069 689 2114 712 cu·
2164 688 2166 690 ·
2186 673 2190 694 ”

1176 728 1218 762 ris
1242 729 1351 763 debito
1371 729 1606 772 Religiosorum
1633 740 1915 776 quorumcumque
1929 719 2005 738 ''⁰⁰⁰²'’
2019 717 2113 739 'mm'

1174 782 1268 816 statui
1293 793 1447 827 prospere
1479 783 1649 826 dirigendo
1681 783 1817 821 libenter
1841 795 1916 830 pro-

1175 835 1347 880 spicimus,
1380 842 1477 880 prout
1509 836 1540 869 in
1574 837 1710 871 Domino
1746 837 1916 872 salubriter

1175 889 1392 934 conspicimus
1412 890 1573 934 expedire.
1897 892 1900 894 ’

1266 943 1413 978 Volentes
1449 944 1545 987 igitur
1575 954 1731 989 prospero
1762 945 1857 980 statui
1887 952 1918 980 et

1177 997 1259 1031 felici
1273 997 1422 1040 regimini
1445 998 1578 1031 fratrum
1593 997 1688 1031 Tertii
1707 997 1834 1032 Ordinis
1850 1009 1917 1033 san-

1176 1051 1215 1084 cti
1247 1051 1405 1085 Francisci
1428 1051 1458 1084 in
1484 1061 1584 1094 regno
1605 1051 1757 1085 Franciae
1782 1052 1918 1087 existen-

1178 1105 1267 1146 tium,
1291 1110 1446 1149 quantum
1462 1105 1492 1138 in
1506 1105 1642 1139 Domino
1662 1115 1844 1150 possumus,
1865 1117 1919 1152 op·

1158 1163 1159 1167 ’
1176 1163 1314 1202 portune
1332 1157 1537 1203 prospiceres
1552 1164 1640 1192 motu
1660 1159 1804 1204 proprio,
1825 1166 1856 1194 et
1880 1172 1917 1194 ex

1177 1216 1262 1247 certa
1284 1215 1392 1247 nostra
1417 1213 1570 1255 scientia,
1594 1225 1631 1247 ac
1651 1216 1739 1247 mera
1760 1214 1917 1250 delibera·

1178 1267 1274 1308 tione,
1296 1264 1401 1314 deque
1414 1266 1608 1311 apostolicae
1628 1268 1795 1311 potestatis
1813 1269 1918 1313 pleni-

1179 1320 1298 1362 tudine,
1323 1320 1487 1354 universos
1508 1321 1624 1354 fratres
1649 1321 1725 1355 dicti
1745 1322 1841 1356 Tertii
1860 1323 1917 1358 Or·
1967 1321 1971 1324 ”

1177 1374 1261 1408 dinis
1292 1373 1392 1408 sancti
1424 1374 1582 1408 Francisci
1618 1375 1709 1418 regni
1741 1375 1914 1418 Franciae,

1177 1438 1355 1472 eorumque
1376 1434 1570 1469 conventus,
1595 1438 1651 1462 seu
1677 1429 1790 1464 domos
1816 1441 1914 1475 quas-

1178 1492 1315 1526 cumque
1330 1510 1337 1523 ,
1361 1482 1478 1516 dilecto
1503 1482 1570 1516 filio
1595 1482 1743 1517 ministro
1774 1485 1918 1526 generali

1176 1536 1304 1570 Ordinis
1328 1536 1430 1570 sancti
1451 1536 1610 1571 Francisci
1637 1537 1675 1571 de
1696 1537 1914 1581 Observatum,

1177 1601 1213 1624 ac
1238 1589 1459 1624 commissario
1484 1591 1626 1633 generali
1660 1591 1918 1627 ultramontanae

1178 1643 1317 1676 familiae
1337 1642 1492 1687 praedicti
1510 1643 1649 1685 Ordinis,
1671 1654 1730 1678 nec
1747 1655 1813 1678 non
1831 1656 1918 1680 com-

1178 1697 1324 1731 missario
1364 1697 1505 1740 generali
1544 1698 1697 1732 nationali
1735 1699 1888 1734 Franciae
1907 1728 1915 1743 ,

1177 1761 1271 1795 quem
1297 1751 1480 1795 praedictus
1505 1751 1651 1786 minister
1671 1753 1830 1796 generalis
1858 1765 1918 1798 pro

1158 1803 1160 1839 ἶ
1178 1810 1322 1849 tempore
1348 1805 1558 1849 deputaverit,
1579 1806 1646 1849 qui,
1663 1811 1697 1840 ut.
1720 1807 1915 1852 accepimus,

1178 1857 1208 1890 in
1231 1857 1373 1901 ipsorum
1396 1858 1532 1892 ministri
1565 1864 1596 1892 et
1628 1859 1839 1894 commissarii
1865 1871 1919 1904 ge-

1159 1938 1160 1942 ,
1177 1910 1295 1945 neralis
1317 1911 1459 1945 absentia
1479 1918 1601 1956 septem
1618 1913 1813 1957 'provincias
1842 1914 1918 1949 dieti

1178 1964 1310 2001 Ordinis
1341 1965 1499 1998 Minorum
1527 1966 1565 1999 de
1590 1966 1797 2001 Observantia
1826 1968 1919 2012 regni

1178 2019 1331 2053 Franciae
1366 2019 1546 2062 gubernare
1589 2020 1694 2063 solet,
1729 2022 1919 2057 auctoritate

1178 2073 1364 2118 apostoliea,
1382 2079 1493 2108 tenore
1511 2074 1739 2118 praesentium,
1763 2082 1919 2120 perpetuo

1160 2154 1161 2179 ᾗ
1177 2126 1376 2169 subiicimuS,
1394 2126 1535 2172 ipsisque
1552 2127 1700 2162 ministro
1721 2134 1752 2163 et
1772 2129 1920 2164 commis-

1178 2180 1262 2214 sario
1276 2180 1479 2223 generalibus
1493 2181 1752 2216 ultramontanae
1769 2181 1920 2224 familiae,

1178 2245 1237 2269 nec
1257 2244 1321 2267 non
1343 2234 1566 2268 commissario
1592 2235 1733 2278 generali
1765 2236 1919 2271 nationali

1178 2288 1332 2322 Franciae
1358 2287 1533 2332 respective
1546 2315 1554 2329 ,
1587 2294 1622 2322 ut
1642 2299 1754 2323 eorum
1775 2289 1915 2333 singuli,

1179 2351 1308 2386 perse,
1333 2341 1379 2374 vel
1405 2340 1485 2374 alios
1511 2341 1559 2375 sui
1585 2340 1712 2376 Ordinis
1738 2342 1854 2376 fratres
1878 2343 1917 2377 ad

1179 2395 1240 2429 hoc
1260 2394 1405 2435 idoneos,
1435 2394 1474 2428 ab
1496 2394 1541 2428 eis
1562 2395 1738 2439 respective
1756 2396 1915 2440 deputan-

1179 2449 1247 2489 dos,
1268 2448 1382 2482 domos
1400 2454 1429 2481 et
1446 2453 1621 2482 conventus
1636 2445 1673 2482 ac
1694 2448 1806 2482 fratres
1822 2448 1918 2483 Tertii

1178 2502 1304 2537 Ordinis
1324 2502 1424 2536 sancti
1445 2501 1603 2536 Francisci
1632 2501 1833 2546 supradictos
1854 2508 1916 2537 tani

1180 2557 1209 2589 in
1229 2556 1331 2600 capite
1349 2566 1443 2600 quam
1464 2556 1495 2588 in
1517 2555 1671 2589 membris
1687 2555 1826 2597 visitare,
1847 2566 1918 2590 cor-

1180 2610 1295 2653 rigere,
1323 2610 1502 2643 reformare
1530 2615 1560 2643 et.
1589 2609 1761 2652 castigare,
1791 2620 1918 2645 necnon

1179 2663 1368 2697 electionem
1388 2662 1524 2696 ministri
1541 2662 1757 2707 provincialis,
1774 2668 1809 2698 ut
1826 2663 1918 2706 infra,
