2227 3241
49 265 99 293 An.
110 264 140 292 C.
163 263 232 293 1610

61 1180 194 1207 Νενίςιιυιεῑ,
203 1184 238 1202 etc.

105 1451 126 1471 ln
142 1450 241 1470 claustri>

56 1477 157 1503 degentes
180 1477 221 1497 aba
235 1486 242 1492 -

56 1509 96 1529 que
146 1503 240 1527 impediti

57 1530 106 1556 quid
127 1534 191 1556 agera
206 1530 241 1550 de-

55 1557 128 1577 beant

107 2251 243 2281 confessarii-

59 2284 174 2299 concessae
216 2280 244 2298 ta·

60 2306 157 2326 cuttates.

894 266 1015 291 PAULUS
1039 266 1058 289 V
1078 266 1127 291 PP-

248 311 441 346 indicendae
470 317 501 345 et
529 311 673 355 agendae
701 311 915 353 interfuerint,
943 313 990 346 vel

249 364 417 399 ecclesiam
438 376 494 399 seu
520 365 668 399 ecclesias
692 376 752 410 per
784 366 912 400 eosdem
936 366 991 399 de-

248 418 420 462 signandas
437 419 549 452 saltem
575 419 675 453 semel
701 419 907 460 visitaverint,
933 419 993 452 ibi-

249 481 312 516 que
324 481 384 516 pro
402 471 582 505 infidelium
603 471 788 515 praedictae
808 471 993 516 provinciae

250 531 280 558 et
301 524 392 567 regni
410 524 503 558 Chilii
524 525 564 558 ad
585 523 681 558 fidem
704 524 895 558 catholicam
916 536 993 559 con-

251 578 396 612 versione
414 578 514 612 Deum
532 578 705 619 oraverint,
726 589 763 612 ac
781 578 858 612 seria
869 581 993 622 quarta,

250 633 336 665 sexta
357 637 387 665 et
407 631 540 665 sabbato
567 631 698 665 alterius
719 641 756 664 ex
773 631 898 665 duabus
915 631 994 664 beb-

251 685 399 719 domadis
435 685 474 718 ab
512 685 632 719 eisdem
667 685 860 730 deputandis
877 685 995 719 ieiuna-

253 738 363 780 verint,
389 744 418 772 et
442 744 575 782 peccata
599 749 656 772 sua
681 739 826 781 confessi,
845 749 881 772 ac
905 741 995 772 sacra

252 792 482 826 communione
500 792 610 826 resecti
631 792 750 826 fuerint
767 798 798 826 ct
818 792 994 837 elcemosy-

251 857 309 880 nas
318 856 378 890 pro
392 856 450 880 suo
460 845 595 879 arbitrio
613 845 758 887 fecerint,
774 846 994 890 plenissimam

254 899 399 933 omnium
426 904 634 944 peccatorum
661 909 793 933 suorum
819 899 991 942 indulgen-

255 952 332 986 tiam
353 958 383 987 et
403 951 638 992 remissionem,
662 952 743 986 sicut
763 952 794 986 in
815 963 900 986 anno
914 952 996 987 iubi-

254 1005 316 1039 laei
334 1004 535 1039 visitantibus
561 1010 665 1039 certas
690 1005 840 1039 ecelesias
860 1005 944 1038 intra
965 1011 996 1038 et

255 1064 343 1093 extra
362 1059 479 1092 Urbem
513 1059 645 1092 concedi
671 1059 856 1101 consuevit,
885 1065 996 1093 tenore

253 1112 472 1157 praesentium
495 1112 702 1146 concedimus
721 1119 751 1146 et
772 1113 958 1156 elargimur.

299 1165 360 1210 53.
381 1166 571 1210 Navigantes
592 1177 678 1207 vero,
699 1173 753 1201 aut
774 1167 834 1201 iter
851 1173 993 1210 agentes,

255 1226 288 1254 ut
317 1231 389 1254 cum
417 1221 559 1265 primum
586 1221 625 1254 ad
655 1232 712 1255 sua
738 1231 807 1255 sese
835 1221 997 1254 domicilia

254 1275 453 1320 receperint,
481 1275 706 1320 suprascriptis
731 1275 881 1308 omnibus
905 1285 997 1319 pera-

255 1329 333 1371 ctis,
366 1335 401 1363 ut
431 1339 548 1374 supra,
583 1329 729 1362 eamdem
764 1329 996 1372 indulgentiam

256 1382 412 1428 consequi
430 1383 554 1428 possint
574 1389 606 1416 et
624 1384 761 1417 valeant.

301 1440 317 1481 ἓ
338 1438 368 1471 4.
389 1437 603 1481 Regularibus
627 1443 733 1471 autem
754 1438 900 1482 personis
921 1437 998 1471 utri-

256 1503 358 1536 usque
371 1503 462 1526 sexus
483 1492 515 1525 in
533 1492 679 1526 claustris
696 1498 851 1536 perpetuo
873 1493 994 1534 degen-

258 1545 352 1586 tibus,
368 1555 427 1578 nec
447 1555 513 1578 non
531 1545 602 1579 aliis
622 1545 800 1589 quibusvis,
826 1553 888 1578 tam
909 1545 998 1578 laicis

256 1608 353 1643 quam
371 1598 529 1642 religiosis
541 1598 560 1640 ¹,
580 1599 800 1632 saecularibus
816 1610 872 1632 seu
902 1609 996 1641 regu-

256 1652 387 1693 laribus,
405 1651 436 1685 in
455 1662 582 1686 carcere
596 1658 650 1685 aut
668 1652 848 1696 captivitate
866 1652 999 1685 existen-

256 1706 351 1748 tibus,
368 1706 416 1740 vel
436 1706 542 1751 aliqua
564 1706 709 1750 corporis
727 1706 924 1748 infirmitate,
942 1717 996 1740 scu

256 1760 318 1793 alio
336 1771 543 1804 quocumque
564 1760 808 1804 impedimento,
829 1760 883 1804 qui
901 1771 998 1805 supra

256 1824 405 1858 expressa
425 1814 473 1847 vel
493 1824 604 1847 corum
627 1813 735 1857 aliqua
754 1819 919 1858 praestare
935 1824 995 1847 ne-

257 1867 430 1911 quiverint,
444 1867 712 1908 utconsessarius,
730 1878 838 1912 quem,
859 1874 893 1901 ut
907 1868 998 1908 infra,

257 1921 424 1964 elegerint,
448 1921 614 1965 praedicta
636 1921 744 1954 omnia
758 1927 789 1954 et
806 1921 931 1964 singula
951 1922 998 1955 vel

258 1986 370 2009 eorum
393 1975 502 2019 aliqua
523 1975 554 2008 in
572 1974 633 2008 alia
653 1975 780 2019 pietatis
801 1985 899 2018 opera
912 1985 998 2008 com-

259 2034 395 2070 mutare,
420 2028 467 2062 vel
489 2028 520 2061 in
550 2028 636 2061 aliud
664 2028 847 2072 proximum
875 2034 1000 2073 tempus

258 2093 435 2127 prorogare
450 2082 562 2126 possit,
587 2092 687 2125 eaque
714 2081 894 2125 iniungere,
918 2093 1000 2126 quae

260 2137 318 2181 ipsi
339 2136 541 2181 poenitentes
569 2136 699 2170 efficere
723 2142 895 2180 poterunt,
916 2137 1001 2181 pari-

262 2196 309 2223 ter
325 2189 532 2224 concedimus
551 2195 581 2223 et
602 2189 817 2232 indulgemus.

305 2246 321 2286 g
343 2243 372 2276 5.
401 2243 570 2288 Cupientes
591 2249 697 2277 autem
721 2254 832 2276 omnes
853 2243 1001 2277 christifi-

261 2297 347 2331 deles
366 2308 539 2340 regnorum
563 2303 591 2330 et
612 2297 853 2341 provinciarum
875 2298 1001 2341 praedi-

261 2357 383 2384 ctarum
399 2351 572 2396 participes
589 2350 658 2384 fieri
675 2351 1000 2395 huiuspretiosissimi

261 2404 423 2445 thesauri,
448 2403 603 2437 universis
625 2410 654 2437 ct
681 2404 814 2446 singulis
835 2404 1002 2449 utriusque

259 2470 362 2500 sexus,
385 2465 446 2492 tam
470 2458 556 2491 laicis
570 2468 665 2502 quam
680 2457 918 2499 ecclesiasticis,
939 2470 1002 2492 sae-

260 2513 422 2546 cularibus
438 2518 469 2546 et
491 2511 691 2554 regularibus
709 2511 847 2544 cuiusvis
861 2511 998 2551 Ordinis,

260 2565 522 2610 ‹long-rogationis
543 2571 573 2598 et
593 2565 729 2599 instituti
752 2565 781 2598 in
808 2565 869 2598 illis
897 2566 998 2609 parti-

295 2638 306 2664 1
332 2637 430 2665 Forsan
451 2636 595 2673 legendum
610 2637 808 2664 ecclesiasticis
826 2645 863 2671 χιι.
880 2638 928 2671 Τῇ).

296 2682 311 2708 2
332 2681 473 2711 videretur
493 2682 675 2718 supplendum
692 2683 811 2710 detentis
829 2688 864 2715 tn.
886 2682 933 2716 τ.).

1026 313 1086 347 bus
1102 313 1310 347 existentibus
1328 313 1490 347 licentiam
1511 313 1720 348 concedimus
1737 320 1768 347 et

1027 366 1207 400 facultatem
1230 368 1354 408 damus,
1379 374 1413 401 ut
1433 367 1493 401 sibi
1518 369 1558 401 ad
1582 368 1668 401 hunc
1693 367 1768 401 effe-

1027 425 1112 453 ctum
1131 420 1250 463 eligere
1270 421 1393 465 possint
1411 432 1615 466 quecumque
1636 421 1769 467 presby-

1027 479 1130 507 terum
1144 475 1373 509 confessarium
1386 482 1448 509 tam
1458 476 1655 509 saecularem
1672 486 1768 520 quam

1028 527 1165 561 cuiusvis
1176 527 1303 562 Ordinis
1322 530 1515 572 regularem,
1533 540 1569 562 ex
1583 528 1770 573 approbatis

1028 591 1046 613 a
1066 581 1211 614 locorum
1234 581 1422 623 Ordinariis,
1444 583 1498 627 qui
1525 593 1579 616 eos
1604 583 1642 616 ab
1664 582 1769 616 omni-

1029 633 1087 666 bus
1108 634 1469 676 excommunicationis,
1498 634 1716 679 suspensionis
1741 641 1772 669 et

1028 687 1098 720 aliis
1119 687 1343 722 ecclesiasticis
1363 689 1528 722 sententiis
1554 694 1584 722 ct
1613 688 1767 730 censuris,

1029 751 1046 773 a
1068 740 1134 773 iure
1157 741 1203 774 vel
1225 742 1264 774 ab
1292 742 1423 775 bomine
1445 742 1555 786 quavis
1576 745 1670 776 causa
1699 743 1770 776 latis

1029 804 1083 827 seu
1098 794 1235 836 inflictis,
1247 805 1305 828 nec
1322 805 1386 828 non
1400 796 1439 828 ab
1454 796 1604 830 omnibus
1621 796 1771 840 peccatis,

1029 848 1220 890 excessibus,
1250 849 1439 883 criminibus
1458 857 1487 884 et
1508 850 1642 891 delictis,
1666 861 1769 894 quan-

1029 902 1145 936 tumvis
1163 903 1313 946 gravibus
1331 910 1361 938 et
1379 905 1576 946 enormibus,
1605 905 1698 938 etiam
1725 905 1771 938 lo-

1030 966 1141 989 corum
1175 956 1370 999 Ordinariis,
1405 957 1470 992 sive
1506 958 1598 992 nobis
1630 964 1660 991 et
1698 958 1770 992 Sedi

1030 1009 1243 1053 Apostolicae,
1268 1010 1362 1044 etiam
1386 1011 1417 1044 in
1438 1011 1552 1045 litteris
1573 1011 1623 1045 die
1648 1012 1772 1045 Coenae

1030 1062 1156 1096 Domini
1177 1063 1238 1106 legi
1263 1064 1363 1098 solitis
1381 1065 1548 1106 contentis,
1573 1070 1669 1109 atque
1694 1065 1772 1098 alias

1030 1127 1087 1160 per
1097 1127 1317 1161 quascumque
1332 1119 1551 1152 Romanorum
1562 1117 1770 1152 Pontificum¹

1030 1171 1314 1214 praedecessorum
1326 1178 1510 1206 nostrorum
1522 1172 1773 1206 Constitutiones

1032 1225 1184 1268 (quarum
1208 1230 1334 1259 tenores
1351 1225 1573 1270 praesentibus
1591 1226 1703 1260 haberi
1720 1236 1773 1260 vo-

1032 1278 1138 1311 lumus
1164 1289 1224 1322 pro
1259 1280 1437 1323 expressis)
1466 1280 1774 1324 quomodocumque

1031 1332 1210 1371 reservatis,
1228 1332 1259 1365 in
1281 1333 1350 1366 soro
1365 1333 1578 1366 conscientiae
1592 1338 1623 1366 et
1635 1333 1694 1366 hac
1708 1333 1774 1367 vice

1033 1391 1154 1419 tantum
1176 1386 1341 1420 absolvere
1370 1393 1398 1420 et
1420 1388 1558 1420 liberare
1583 1388 1717 1421 valeant.
1737 1387 1775 1420 Et

1032 1439 1163 1484 insuper
1184 1446 1256 1474 vota
1285 1452 1508 1486 quaecumque
1536 1441 1724 1485 (Religionis
1745 1447 1776 1475 et

1033 1494 1184 1527 castitatis
1202 1495 1354 1539 exceptis)
1375 1495 1407 1528 in
1430 1495 1491 1528 alia
1508 1495 1560 1539 pia
1574 1501 1604 1529 et
1624 1495 1776 1528 salutaria

1032 1557 1130 1591 opera
1155 1554 1366 1585 commutare,
1386 1548 1528 1581 iniuncta
1549 1554 1654 1582 tamen
1676 1548 1721 1581 eis
1746 1554 1777 1582 et

1032 1611 1144 1634 corum
1174 1602 1301 1635 cuilibet
1343 1603 1373 1635 in
1402 1602 1595 1646 supradictis
1627 1602 1776 1636 omnibus

1032 1655 1156 1688 casibus
1174 1656 1370 1699 poenitentia
1388 1656 1530 1698 salutari,
1545 1656 1679 1700 aliisque
1693 1656 1776 1690 eius-

1032 1709 1105 1742 dem
1124 1710 1310 1743 confessarii
1331 1710 1465 1743 arbitrio
1488 1707 1704 1752 iniungendis'.

1076 1763 1091 1805 ξ
1117 1762 1146 1796 r».
1175 1764 1379 1808 Quapropter
1410 1771 1519 1798 tenore
1552 1764 1771 1807 praesentium

1034 1815 1065 1848 in
1092 1816 1207 1849 virtute
1240 1823 1369 1850 sanctae
1403 1817 1607 1850 obedientiae
1633 1817 1776 1851 districte

1032 1869 1249 1913 praecipimus
1279 1876 1375 1913 atque
1409 1870 1598 1903 mandamus
1624 1870 1775 1904 omnibus

1033 1928 1063 1955 ct
1097 1923 1356 1967 quibuscumque
1388 1923 1565 1957 Ordiuariis
1598 1924 1745 1957 locorum
1765 1952 1772 1966 ,

1035 1987 1207 2019 regnorum
1223 1983 1254 2010 ct
1269 1978 1505 2021 provinciarum
1525 1979 1774 2022 praedictarum,

1035 2040 1213 2074 eorumque
1234 2031 1360 2065 vicariis
1381 2038 1411 2065 et
1432 2032 1635 2073 officialibus,
1657 2033 1716 2073 vel,
1738 2033 1776 2066 iis

1035 2084 1270 2125 deficientibus,
1296 2085 1355 2118 illis
1377 2085 1429 2129 qui
1457 2096 1566 2118 curam
1593 2086 1773 2120 animarum

1035 2144 1196 2179 exercent,
1211 2144 1254 2180 ut,
1270 2150 1340 2172 cum
1359 2139 1576 2183 praesentium
1596 2139 1774 2173 litterarum

1037 2197 1235 2235 transumpta
1256 2199 1307 2225 aut
1330 2194 1476 2236 exempla
1497 2193 1698 2237 acceperint,
1723 2194 1775 2226 illa

1035 2246 1139 2279 statim
1167 2246 1287 2290 absque
1313 2246 1375 2278 ulla
1402 2247 1618 2280 retardatione
1644 2247 1691 2280 vel
1718 2248 1775 2280 iin-

1035 2299 1221 2343 pediiucnto
1243 2311 1299 2344 per
1323 2311 1396 2333 suas
1417 2300 1578 2342 ecclesias,
1599 2300 1772 2341 dioeceses,

1035 2353 1239 2396 provincias,
1264 2354 1426 2393 civitates,
1454 2351 1592 2397 oppida,
1621 2360 1720 2387 terras
1745 2361 1776 2388 et

1037 2407 1106 2439 loca
1136 2406 1298 2450 publicent
1328 2413 1355 2440 et
1382 2407 1538 2450 publicari
1575 2407 1711 2447 saciant,
1740 2419 1776 2441 ac

1036 2459 1159 2493 clericis
1178 2467 1207 2493 ct
1226 2460 1352 2504 populis
1371 2460 1429 2493 sibi
1449 2460 1598 2493 sulm-ciis
1616 2461 1776 2495 solemnes

1037 2513 1257 2556 processiones
1283 2519 1309 2546 ct
1337 2513 1586 2557 supplicationes
1613 2514 1772 2555 indicent,

1036 2571 1066 2598 ct
1091 2566 1270 2606 celebrent,
1295 2566 1527 2610 c‹:clesi.·unque
1548 2578 1603 2601 seu
1625 2567 1775 2601 ecclesias

1075 2639 1081 2663 l
1107 2637 1176 2664 Edit.
1197 2637 1275 2664 Maiu.
1298 2638 1360 2671 legit
1383 2638 1507 2665 Romani
1529 2639 1677 2673 Pontz'licis
1690 2647 1775 2674 prae-

1035 2682 1210 2710 decessorum
1229 2686 1391 2710 nostrorum
1406 2688 1442 2715 tn.
1460 2684 1506 2716 T.).

1671 255 1735 291 639
1781 264 1831 293 An.
1845 265 1872 295 C.
1896 265 1965 296 1610

1832 1777 1975 1797 Praesentium

1791 1803 1889 1824 sarienda
1906 1803 1976 1829 publi-

1791 1833 1855 1852 catto.
