2227 3241
244 303 331 329 amc.
357 302 424 329 icto
469 294 533 327 660

441 353 586 392 cesibus,
611 352 775 384 constabat
800 344 837 385 ex
868 353 1098 396 praeceptoriis
1121 364 1175 387 seu

440 405 638 439 commendis
670 405 851 438 Militiarum
877 405 977 439 sancti
1006 407 1112 440 laeobi
1137 408 1177 440 de

438 458 556 502 Spauta
581 458 638 491 sub
665 459 773 500 regula
799 459 898 492 sancti
925 460 1115 502 Augustini,
1146 465 1178 493 et

437 511 535 544 saneti
555 511 716 544 Benedicti
731 512 770 545 de
791 512 863 545 Avis
876 513 935 546 sub
956 513 1076 556 Regula
1094 513 1176 547 eius—

437 565 508 596 dem
531 565 631 598 sancti
660 565 842 607 Benedicti3
867 560 949 610 quae
975 567 1175 610 parochiales

437 618 609 658 ecclesiae,
635 625 696 651 tam
723 620 830 663 quoad
861 620 1041 654 animarum
1064 632 1175 654 curam

436 682 531 715 quarn
554 673 660 716 quoad
689 673 750 706 alia
773 674 970 716 necessaria,
999 685 1171 718 per,pres-

434 725 563 770 hyteros
587 726 744 760 Ordinum
771 728 958 761 earumdem
990 728 1173 762 Militiarum

434 780 608 824 respective
625 781 785 824 professos
800 782 830 823 (a
844 782 1010 826 praedicto
1028 782 1174 827 Philippo

433 843 518 875 rege,
540 833 593 878 qui
612 834 706 867 etiam
727 835 884 868 dictarum
904 835 1085 869 Militiarum
1104 847 1175 880 per-

431 892 546 930 petuus
578 888 820 922 administrator
853 890 1028 933 apostolica
1062 896 1172 924 aucto—

431 939 525 973 ritate
561 941 731 985 deputatus
764 941 891 983 existit,
930 953 990 986 pro
1027 948 1172 987 tempore

430 996 695 1037 praesentandos,
715 1000 746 1028 et
766 996 804 1028 ab
825 995 1001 1030 Ordinariis
1025 997 1170 1030 locorum

430 1048 605 1092 respective
630 1050 860 1094 instituendos>
892 1051 1065 1093 gubernari
1090 1051 1171 1085 sole-

430 1101 526 1143 bant,
560 1109 590 1136 et
623 1104 741 1137 multae
767 1104 894 1137 illarum
928 1105 959 1137 in
992 1105 1188 1154 civitatibus

429 1161 459 1190 et
480 1157 607 1200 oppidis
632 1157 814 1202 praecipuis
840 1159 1027 1192 eorumdem
1054 1170 1171 1202 regno-

428 1219 498 1242 rum
522 1210 708 1252 existebant,
732 1217 763 1244 et
787 1218 959 1255 propterea
981 1223 1045 1246 non
1066 1213 1168 1246 solum

427 1273 486 1306 per
508 1263 632 1307 priores
658 1270 688 1297 et
713 1269 871 1306 rectoreS,
903 1267 959 1299 sed
992 1267 1087 1300 etiam
1112 1278 1171 1311 per

429 1316 571 1350 diversos
592 1317 672 1350 alios
697 1319 882 1351 earumdem
905 1319 1089 1353 Militiarum
1108 1321 1170 1353 be—

427 1369 593 1404 neficiatos
611 1372 820 1414 collegialiter
837 1373 988 1406 deserviri
1007 1375 1165 1416 solebant,

427 1424 513 1468 quod
529 1425 658 1468 quidem
674 1426 801 1459 nonnisi
816 1427 960 1460 adhibito
974 1438 1090 1470 magno
1105 1429 1169 1462 ido·
1184 1443 1186 1453 ι

427 1487 561 1511 neorum
596 1479 819 1512 ministrorum
845 1490 981 1514 numero
1017 1481 1086 1514 fieri
1116 1493 1186 1526 po-'

427 1537 522 1572 terat,
546 1537 591 1572 et,
616 1532 689 1566 licet
721 1533 750 1565 in
777 1534 987 1567 conventibus
1008 1535 1165 1568 dictarum

426 1585 607 1618 Militiarum
628 1592 694 1620 turn
713 1589 943 1629 grammaticae
964 1595 1029 1622 tum
1054 1590 1185 1623 morali¹

427 1639 585 1681 teologiae
610 1650 741 1683 operam
763 1648 928 1683 navarent,
950 1643 1096 1676 nonnulli
1124 1650 1168 1676 ta-

426 1703 499 1726 men
519 1693 549 1725 in
567 1693 788 1728 Colimbriensi
808 1701 838 1728 et
858 1696 1022 1730 Elborensi
1046 1697 1168 1730 univer-

424 1746 572 1780 sitatibus
600 1748 780 1781 studiorum
807 1750 1022 1791 generalium,
1055 1761 1168 1795 expen—

424 1801 466 1834 sis
492 1802 648 1835 dictarum
671 1803 871 1843 Mindarum,
898 1805 1031 1837 seorsim
1054 1811 1084 1838 et
1111 1816 1162 1839 se-

424 1856 582 1899 paratim,
613 1862 642 1889 et
669 1856 788 1900 absque
813 1857 917 1901 aliqua
947 1859 1093 1892 clausura
1119 1860 1165 1892 vel

424 1910 580 1952 regularis
610 1910 798 1954 disciplinae
831 1911 1054 1953 observantia,
1082 1913 1165 1946 litte-

425 1975 532 1997 rarum
551 1964 663 1998 studiis
681 1964 923 2006 incumbebant,
945 1972 977 1999 ut
998 1971 1108 2010 postea
1126 1968 1165 2000 de

424 2017 620 2061 prioratibus
644 2024 673 2051 et
694 2019 764 2052 aliis
784 2019 950 2053 beneficiis
976 2021 1164 2054 earumdem

424 2071 606 2104 Militiarum
636 2072 754 2115 provisi
780 2072 872 2106 dictis
898 2074 1041 2107 ecclesiis
1069 2074 1166 2107 inser-

424 2124 541 2157 virent:
564 2125 715 2169 quoniam
743 2131 850 2159 tamen
874 2127 1059 2170 praedictae
1083 2128 1163 2161 Mili-

425 2178 486 2211 tiae
514 2190 572 2222 pro
606 2179 746 2223 ipsarum
773 2181 981 2214 ecclesiarum
1008 2182 1163 2225 regimine

424 2237 453 2264 et
466 2232 745 2266 administratione
764 2233 877 2267 maiori
892 2235 1094 2269 eruditorum
1110 2247 1164 2269 nu-

424 2295 512 2318 mero
532 2285 726 2328 indigebant,
740 2297 808 2327 nos,
830 2287 904 2321 dicti
923 2288 1061 2332 Philippi
1080 2289 1163 2331 regis

424 2343 453 2370 et
480 2338 749 2382 administratoris
773 2340 1061 2384 supplicationibus
1086 2347 1162 2375 tunc

422 2391 758 2436 humiliter-porrectis
773 2393 926 2435 inclinati,
943 2406 1001 2438 per
1015 2395 1092 2429 alias
1105 2406 1161 2428 no-

423 2449 503 2478 stras
524 2445 555 2478 in
573 2446 669 2478 simili
690 2446 792 2480 forma
809 2448 915 2480 Brevis
933 2449 1095 2492 expeditas
1113 2449 1162 2482 lit-

423 2503 518 2539 teras,
542 2499 573 2531 in
594 2500 757 2543 praedicta
778 2501 983 2534 universitate
1000 2503 1096 2535 studii
1110 2513 1162 2545 ge-

423 2553 541 2585 neralis
554 2553 776 2587 Colimbriensi
790 2566 890 2588 unum
912 2556 1084 2598 collegium
1106 2567 1161 2590 seu

423 2606 629 2639 seminarium
648 2608 832 2641 Militiarum
858 2609 1095 2653 praedictarun·i
1115 2611 1161 2653 (in

423 2669 497 2702 quo,
526 2660 583 2692 sub
605 2661 698 2694 unius
719 2662 852 2695 rectoris
866 2673 883 2695 a
900 2662 1065 2706 praedicto
1090 2663 1162 2695 Phi-

422 2712 510 2756 lippo
530 2725 604 2755 rege
630 2722 658 2748 et
680 2726 737 2759 pro
765 2721 908 2760 tempore
934 2716 1086 2750 existente
1108 2717 1157 2749 di-

1022 304 1207 328 BULLARIUM
1227 305 1382 329 ROMANUM

1213 357 1337 385 ctarum
1370 352 1553 386 Militiarum
1586 354 1866 398 administratore,
1894 366 1950 390 seu

1214 416 1330 449 magno
1350 406 1515 449 magistro,
1535 407 1574 440 ad
1595 413 1708 441 nutum
1730 408 1904 453 deputandi
1916 416 1951 455 ‘et

1212 460 1380 493 amovendi
1402 462 1477 493 cura
1503 466 1533 494 et
1551 461 1719 504 gubernio,
1739 461 1838 506 aliqui
1858 473 1952 507 prae-

1212 513 1367 547 dictarum
1397 514 1578 547 Militiarum
1607 515 1747 558 religiosi
1776 516 1834 549 sub
1855 526 1952 560 regu-

1212 566 1268 599 lari
1291 567 1439 602 clausura
1468 574 1497 601 et
1524 568 1708 602 obedientia
1737 579 1846 603 sacrae
1867 569 1954 603 theo-

1210 620 1314 663 logiae
1346 632 1400 654 sen
1433 621 1492 655 iuri
1525 622 1681 656 canonico
1713 632 1844 667 operam
1874 624 1951 657 dare

1210 673 1362 719 debeant)
1379 681 1536 720 perpetuo
1562 675 1721 710 ereximus
1746 681 1778 710 et
1805 676 1948 710 institui-

1211 738 1291 769 mus,
1312 734 1352 770 et,
1382 728 1464 762 inter
1490 729 1562 770 alia,
1585 733 1620 763 ut
1638 729 1838 774 praedictum
1851 730 1949 764 colle-

1209 782 1308 824 gium,
1328 793 1383 817 seu
1404 780 1613 817 seminarium
1632 783 1781 826 militare,
1803 789 1833 817 et
1854 784 1949 818 colle-

1208 835 1306 878 giales
1332 837 1364 870 in
1396 837 1474 870 illud
1506 847 1565 881 pro
1586 842 1732 882 tempore
1758 837 1947 871 admittendi

2016 779 2035 796 ὕ

1208 890 1292 923 iuxta
1309 896 1425 925 statuta
1440 897 1470 925 et
1487 892 1616 934 regulas
1635 902 1766 926 suorum
1789 892 1945 926 Ordinum
1993 902 2146 924 Cuiusstatuta
2188 911 2190 914 -

1961 934 1973 950 a
1988 929 2081 950 locorum
2090 928 2146 950 ortti-

1208 949 1238 976 et
1255 944 1331 978 alias
1345 953 1404 988 pro
1418 945 1501 978 felici
1523 945 1608 979 illius
1630 946 1787 989 gubernio
1806 946 1845 980 de
1861 956 1945 980 novo
1961 956 2145 982 nariisapprobu·
2191 950 2195 957 “

1207 997 1368 1032 faciendas
1387 999 1579 1042 (dummodo
1605 999 1711 1033 licitae
1734 1005 1763 1033 et
1791 1000 1944 1034 honestae
1959 984 2039 1004 “³⁰¹⁰‘'

1206 1062 1242 1084 ac
1263 1052 1360 1085 sacris
1381 1053 1573 1095 canonibus,
1602 1059 1633 1087 et.
1654 1053 1787 1087 Concilii
1806 1053 1942 1087 Triden-

1206 1104 1263 1138 tini
1294 1106 1445 1148 decretis,
1478 1117 1539 1141 nee
1569 1117 1634 1140 non
1663 1107 1946 1140 constitutionibus

1205 1159 1389 1201 apostolicis
1414 1161 1597 1194 conformes
1626 1160 1820 1201 existerent,
1849 1166 1879 1193 et
1906 1161 1946 1194 ab

1204 1211 1373 1246 Ordinario
1393 1213 1455 1247 loci
1476 1219 1640 1258 tamquam
1666 1225 1684 1247 a
1703 1214 1784 1248 Sede
1808 1215 1945 1258 Aposto-

1185 1266 1264 1299 ³lica
1289 1267 1501 1310 approbatae¹
1526 1267 1616 1312 prius
1637 1267 1898 1301 examinarentur
1917 1274 1948 1301 et

1204 1321 1481 1364 approbarentur)
1510 1321 1575 1364 regi
1601 1326 1632 1355 et
1655 1321 1828 1364 gubernari
1849 1321 1946 1355 debe-

1204 1379 1262 1414 ret,
1290 1374 1460 1407 statuimus
1481 1380 1512 1407 et
1531 1374 1754 1408 ordinavimus
1764 1373 1785 1407 ².

1247 1427 1262 1470 ἓ
1282 1427 1312 1460 Q.
1340 1428 1380 1461 Ut
1396 1433 1501 1462 autem
1519 1433 1758 1472 praeceptores,
1778 1437 1943 1462 commen·
1970 1435 2145 1466 ‚commendaui-
2178 1450 2187 1467 χ

1957 1467 2000 1484 rios
2015 1465 2092 1487 autem.
2105 1465 2141 1484 etc.

1203 1481 1328 1522 datarii,
1352 1482 1489 1525 priores,
1512 1487 1666 1522 rectores,
1690 1487 1720 1515 et
1744 1482 1797 1515 alii
1817 1481 1940 1516 benefi-
1956 1493 1969 1510 a
1987 1490 2141 1511 contributione
2182 1483 2189 1522 ⁴,

1957 1521 2089 1543 quacumque
2095 1522 2142 1538 ἥθ’

1203 1535 1274 1568 ciati
1290 1545 1326 1568 ac
1347 1535 1465 1569 milites
1485 1535 1641 1569 dictarum
1660 1535 1842 1569 Militiarum
1860 1546 1942 1570 onus
1957 1542 2007 1563 teris
2022 1543 2141 1564 seminariis
2189 1563 2192 1567 .

1957 1569 2034 1590 erectis
2043 1569 2141 1591 facienda

1202 1589 1449 1623 contributionis
1481 1590 1645 1623 faciendae
1675 1600 1735 1634 pro
1767 1595 2098 1624 manuten-tttzeraverat,
2119 1598 2142 1617 ¹³¹
2178 1603 2192 1629 3·

1916 1643 1923 1650 ,
1956 1623 2007 1644 huic
2031 1623 2142 1649 uniparoz

1203 1643 1288 1676 tione
1314 1643 1389 1676 dicti
1410 1643 1555 1685 collegii,
1584 1654 1640 1677 seu
1659 1643 1835 1685 seminarii,
1863 1644 1940 1678 fact·
1957 1651 2028 1670 essent
2059 1651 2140 1671 contri-
2179 1661 2183 1664 ·

1202 1697 1261 1729 lius
1285 1697 1429 1740 perferre
1449 1703 1597 1741 possent,
1627 1697 1698 1731 illos
1719 1698 1884 1733 universos
1911 1703 1941 1732 et
1957 1675 2048 1697 ''uem’'

1200 1751 1344 1793 singulos
1361 1761 1377 1784 a
1399 1761 1603 1795 quacumque
1624 1751 1685 1784 alia
1702 1751 1941 1785 contributione

1200 1804 1380 1837 seminariis
1410 1804 1632 1852 ecclesiasticis
1658 1804 1689 1838 in
1715 1805 1878 1849 quibusvis
1899 1805 1942 1839 ci-

1201 1857 1349 1891 vitatibus
1375 1864 1404 1891 et
1430 1858 1631 1891 dioecesibus
1651 1859 1937 1902 (attentaieorum-

1200 1911 1272 1943 dem
1294 1911 1542 1944 seminariorum
1561 1911 1688 1945 illarum
1709 1912 1849 1956 partium
1869 1913 1941 1946 red-

1200 1965 1323 1998 dituum
1340 1965 1497 2006 nbertate,
1518 1966 1671 2010 quodque
1685 1965 1753 2010 ipsa
1767 1966 1940 2000 seminaria

1199 2029 1263 2052 non
1290 2025 1381 2052 erant
1406 2019 1438 2052 in
1459 2019 1548 2063 quasi
1569 2020 1771 2063 possessione
1792 2019 1938 2064 exigendi

1199 2072 1472 2106 contributionem
1504 2084 1520 2106 a
1547 2073 1639 2107 dictis
1669 2073 1810 2118 Militiis)
1842 2074 1936 2108 etiam

1199 2135 1355 2173 perpetuo
1377 2129 1554 2163 exemimus
1579 2134 1609 2162 et
1639 2119 1939 2172 liberavimus⁸,⁰ac

1199 2181 1318 2215 liberos
1335 2182 1402 2215 fore
1421 2187 1451 2215 et
1471 2192 1538 2215 esse
1560 2182 1771 2224 decrevimus,
1791 2187 1887 2228 prout
1907 2182 1937 2216 in

1199 2234 1290 2268 dietis
1315 2235 1428 2268 litteris
1448 2235 1576 2279 plenius
1601 2235 1794 2270 continetur.

1243 2289 1258 2330 ξ
1284 2287 1313 2321 3.
1343 2288 1432 2322 Nunc
1451 2293 1557 2321 autem
1574 2316 1581 2330 ,
1614 2289 1779 2333 cupientes
1803 2298 1933 2333 peram-

1950 2371 2065 2398 spoliorum
2074 2371 2100 2394 R.
2110 2371 2132 2393 C.

1197 2394 1279 2428 felici
1301 2395 1478 2437 gubernio,
1502 2405 1539 2428 ac
1564 2394 1717 2437 rectoris,
1740 2402 1932 2440 praecepto·
1950 2403 1997 2447 gfff
2012 2398 2166 2427 apvwbm*

1198 2459 1281 2489 rum,
1306 2445 1534 2491 collegialium,
1558 2454 1589 2482 et
1617 2449 1834 2490 alumnorum,
1859 2448 1935 2482 alia-

1198 2511 1334 2545 rumque
1360 2511 1571 2546 personarum
1597 2502 1628 2535 in
1649 2512 1686 2535 eo
1710 2512 1769 2546 pro
1790 2506 1935 2546 tempore

1234 2593 1243 2617 t
1259 2591 1334 2618 Fors.
1347 2599 1395 2627 pro
1406 2592 1581 2626 approbatae
1591 2591 1699 2626 legend.
1715 2592 1844 2626 deleyato
1853 2592 1933 2626 (uxr).

1231 2635 1247 2661 2
1269 2635 1331 2663 Vide
1346 2644 1406 2670 sup.
1424 2644 1485 2672 pag,
1503 2637 1552 2663 217
1570 2636 1597 2663 h.
1616 2636 1668 2663 vol.
1686 2639 1726 2669 (n.
1743 2636 1792 2670 T.).

1232 2680 1247 2707 3
1268 2680 1336 2707 Edit.
1352 2679 1432 2707 Main.
1449 2680 1509 2708 heic
1529 2680 1593 2716 legit
1611 2680 1769 2708 eximimus
1785 2683 1811 2708 et
1826 2681 1932 2710 tibera-

1196 2734 1269 2757 πως,
1292 2728 1317 2753 et
1337 2729 1428 2761 postea
1449 2725 1630 2753 decernimus
1651 2726 1688 2760 [n.
1703 2725 1751 2758 Τ.).

1967 307 2018 334 An.
2031 307 2059 335 C.
2082 308 2150 338 4610
2176 287 2182 290 -

1978 2291 2036 2322 Nunc
2043 2297 2093 2314 vero
2099 2291 2135 2314 du·
2148 2283 2164 2303 *¹⁸

1951 2320 2019 2340 cernit
2029 2324 2084 2340 nova
2092 2321 2134 2340 sta-
2144 2342 2146 2346 ,

1197 2341 1279 2384 plius
1309 2341 1434 2384 collegii
1470 2352 1524 2375 seu
1556 2341 1720 2375 seminarii
1750 2341 1934 2376 huiusmodi
1951 2345 2181 2388 tut³³⁰0¹¹⁶⁶2⁰¹fin
