2227 3241
243 268 426 296 An.c.ieo7
473 260 536 294 390

268 1084 317 1104 Exul
325 1084 386 1104 dnn-n.

269 1884 382 1904 Constiiuit
395 1890 426 1904 <e-

242 1913 297 1936 ptem
307 1911 426 1935 prouincias

242 1937 325 1957 Ordinis
333 1938 352 1958 in
360 1938 427 1958 Falla.

1013 269 1195 294 erirtnirn

485 319 597 352 Datum
623 318 742 350 Romae
767 317 853 360 apud
882 322 1026 350 sanctum
1053 318 1180 351 Petrum

441 371 499 405 sub
510 371 628 404 annulo
641 370 811 404 Piscatoris
825 371 875 404 die
891 382 921 405 1v
934 371 1045 415 aprilis
1058 381 1178 413 naevii,

442 423 646 468 pontificatus
667 424 767 458 nostri
786 434 870 458 anno
889 435 922 458 ιι.

477 485 534 513 Dat.
557 485 600 513 die
622 486 634 514 t
655 486 747 522 aprilis
767 486 853 521 1607,
875 486 969 522 pontif.
985 495 1029 514 an.
1047 493 1074 515 n.

759 650 859 684 LXXI.

444 746 674 781 Ordinationes
694 751 723 780 et
743 750 867 780 statuta
883 757 979 791 super
996 747 1075 780 bono
1095 747 1180 791 reqi-

485 800 573 833 mt'ne
598 800 867 844 Conyregyationis
893 800 1094 834 Cassinensis
1116 811 1200 838 mo-¹

486 854 666 886 nucleorum
694 852 828 887 Ordinis
851 854 958 887 sancti
978 853 1145 887 Benedicti
1159 851 1177 885 ¹.
1198 858 1200 880 ἔ

1198 930 1200 953 l

682 944 792 971 Paulus
813 944 891 978 Papa
910 945 942 976 V,
1198 955 1200 978 ῃ

565 999 600 1026 ad
617 1002 791 1033 perpetuam
812 999 855 1026 rei
876 998 1057 1026 memoriam.

486 1070 577 1111 Cum,
601 1070 682 1104 sicut
701 1070 894 1114 accepimus,
916 1070 947 1102 in
965 1069 1082 1103 Ordine
1103 1080 1178 1103 san·
1198 1075 1200 1087 ¹

442 1124 483 1157 cti
506 1124 667 1158 Benedicti
694 1123 958 1166 Congregationis
974 1123 1179 1165 Cassincnsis,

441 1177 519 1211 alias
532 1182 661 1211 sanctae
671 1177 809 1210 Iustinae
820 1177 1065 1221 Paduanae,qui
1077 1177 1182 1222 primo
1199 1167 1201 1192 ¹

441 1231 480 1264 ab
506 1231 619 1265 eodem
652 1236 762 1264 sancto
787 1230 960 1264 Benedicto
994 1231 1178 1272 institutus,

441 1291 471 1319 et
491 1285 607 1319 deinde
628 1296 645 1318 a
675 1290 722 1319 tot
747 1285 906 1329 tantisque
934 1285 1083 1319 Patribus
1109 1295 1181 1319 san-

442 1339 552 1373 ctitate
579 1345 609 1372 et
634 1338 822 1383 disciplinae
852 1339 1008 1381 regularis
1036 1339 1182 1383 exemplo

441 1403 496 1436 per
527 1392 667 1426 diversas
693 1392 790 1426 totius
822 1392 908 1426 orbis
933 1392 1097 1426 christiani
1125 1388 1201 1426 rc·-!

441 1446 553 1487 giones
578 1451 796 1490 propagatus,
821 1446 936 1479 virtute
962 1445 1114 1493 Alpssinii
1143 1447 1182 1480 ad

443 1500 570 1534 laudem
592 1501 639 1534 sui
662 1500 802 1534 nominis
823 1500 884 1533 iarn
913 1500 1023 1534 multis
1046 1499 1085 1534 ab
1107 1500 1183 1534 hinc

441 1554 577 1588 saeculis
609 1553 738 1593 floruit,
762 1553 909 1587 nonnulli
940 1553 1058 1586 abusus
1083 1553 1182 1586 exorti

444 1607 571 1648 luerint,
585 1607 702 1651 quibus
721 1606 778 1640 nisi
798 1612 926 1640 nostrae
940 1605 1109 1650 pastoralis
1121 1607 1183 1640 sol-

443 1660 617 1694 licitudinis
640 1659 844 1704 providentia
864 1660 1011 1693 celeriter
1034 1670 1184 1693 occurra-

443 1720 503 1757 tur,
521 1713 734 1747 dubitandum
747 1713 850 1755 sitne,
871 1713 1055 1747 huiusmodi
1070 1713 1184 1746 morbo

444 1767 667 1808 invalescente,
689 1767 844 1809 regularis
865 1767 1054 1811 disciplinae
1075 1767 1185 1801 obser-

443 1820 549 1854 vantia
570 1820 724 1864 paulatim
746 1819 942 1861 collabamr3

488 1876 504 1917 ξ
526 1874 555 1908 1.
584 1875 646 1908 Nos
675 1874 773 1917 igitur
797 1875 997 1908 attendentes
1023 1874 1109 1918 quod
1130 1875 1185 1908 ubi

443 1928 699 1971 gubernaculum
728 1928 916 1972 disciplinae
945 1928 1182 1969 contemnitur,

443 1987 540 2016 restat
564 1987 599 2015 ut
615 1982 739 2025 Religio
763 1983 984 2025 naufragetur,
1005 1992 1063 2026 pro
1083 1982 1185 2015 nostri

443 2035 611 2080 pastoralis
633 2036 730 2069 officii
752 2036 860 2070 debito
882 2036 1059 2080 praemissa
1075 2035 1186 2069 conni-

444 2089 588 2123 ventibus
616 2089 717 2123 oculis
743 2090 939 2134 pertransire
966 2090 1181 2134 nequivimus.

442 2142 656 2188 Quapropter,
677 2143 728 2176 re²
745 2143 834 2187 prius
853 2149 978 2177 mature
996 2144 1137 2178 discussa
1156 2150 1186 2177 et

442 2196 633 2238 examinata,
650 2196 803 2230 adhibitis
829 2197 903 2231 viris
926 2197 1091 2240 gravitate,
1108 2208 1184 2241 pru-

441 2251 549 2284 dentia
563 2256 594 2284 et
607 2262 666 2284 usu
680 2261 787 2284 rerum
806 2252 1054 2295 praestantibus,
1068 2251 1185 2295 quibus

441 2304 611 2347 negocium
634 2304 910 2347 demandavimus,
930 2306 969 2339 de
987 2315 1100 2338 eorum
1114 2315 1186 2338 con-

442 2358 513 2391 silio
530 2357 716 2392 huiusmodi
746 2358 910 2400 abusibus,
935 2364 1091 2403 quantum
1110 2369 1182 2392 cuin

442 2411 578 2445 Domino
592 2422 776 2456 possumus,
793 2412 1030 2446 occurrendum
1047 2412 1186 2445 decrevi-

444 2476 524 2499 mus.
541 2466 626 2499 Motu
644 2466 741 2509 igitur
754 2465 899 2510 proprio,
915 2476 979 2499 non
996 2466 1036 2499 ad
1051 2466 1184 2500 alicuius

480 2556 489 2582 1
513 2554 586 2586 Quae
600 2554 631 2581 ad
647 2554 715 2582 hanc
727 2555 862 2590 pertinent
873 2554 1114 2590 Congregationein
1124 2554 1184 2581 vide

444 2598 469 2626 in
485 2599 597 2627 Constit.
621 2607 639 2626 ιι
654 2599 713 2627 lulii
729 2599 751 2627 ΙΙ
767 2600 862 2635 Super
878 2599 1065 2634 Cathedram,
1083 2603 1146 2627 tom.
1171 2608 1185 2626 v

443 2652 503 2679 pag.
518 2645 579 2672 ΙιΟΟ.

479 2690 494 2716 2
515 2689 585 2717 llant-
603 2699 691 2718 vocem
707 2698 795 2718 renos
811 2689 1202 2725 mtdewt,0011s111111ustn.r.>2

1220 270 1373 294 nonAxrn

1216 318 1308 351 nobis
1333 318 1459 351 oblatae
1484 317 1645 361 petitionis
1671 317 1852 351 instantiam
1868 345 1875 359 ,
1898 317 1954 351 sed

1217 382 1252 405 ex
1273 373 1358 404 certa
1380 373 1487 404 nostra
1511 371 1654 412 scientia,
1680 381 1716 404 ac
1740 371 1780 404 de
1802 371 1954 415 apostoli-

1217 436 1271 458 cae
1285 425 1450 469 potestatis
1464 425 1676 469 plenitudine,
1692 424 1955 468 Congregationis

1217 478 1411 522 praedictae,
1435 478 1563 527 Qidinis
1587 479 1688 512 sancti
1712 478 1896 519 Benedicti,
1924 478 1956 512 in

1217 531 1363 565 universa
1385 531 1485 573 ltalia,
1503 532 1679 576 insulisque
1693 532 1721 565 ei
1735 531 1957 566 adiacentibus

1216 590 1337 628 septem
1357 584 1537 629 provincias
1557 595 1673 629 nempe
1692 586 1882 626 Romanam,
1897 585 1958 619 He-

1198 639 1356 680 ,truriae,
1380 639 1547 683 Neapolis,
1574 638 1720 680 Siciliae,
1748 649 1874 673 necnon
1899 638 1958 672 Ve-

1217 692 1388 733 netiarum,
1418 693 1629 727 Lonibardiae
1654 703 1690 727 ac
1714 692 1872 736 Liguriae,
1898 702 1958 736 per

1217 752 1402 790 praesentes
1427 753 1583 791 perpetuo
1604 747 1765 789 valituras,
1789 745 1956 781 constitui-

1218 812 1288 835 mus
1306 807 1336 835 ct
1358 803 1560 846 deputamus,
1579 801 1704 846 illisque
1718 801 1763 835 sic
1776 799 1956 835 constitutis

1217 861 1247 888 et
1268 855 1443 899 deputatis3

1261 909 1275 952 g
1296 909 1325 942 2.
1356 910 1530 949 Romanae,
1551 909 1718 950 videlicet,
1743 908 1842 942 sancti
1868 907 1957 942 Pauli

1198 981 1200 1010 j
1218 973 1318 1007 prope
1334 968 1361 996 ct
1377 969 1463 996 extra
1473 973 1583 996 muros
1595 963 1697 996 almae
1711 961 1805 996 Urbis
1819 967 1957 1003 nostrae,

1198 1011 1200 1037 ἕ
1217 1025 1343 1049 necnon
1373 1021 1500 1050 sanctae
1518 1016 1732 1050 Scholasticae
1751 1015 1879 1049 Sublaci
1893 1042 1901 1058 ‚
1921 1025 1957 1049 ac

1216 1075 1345 1103 sanctae
1365 1070 1482 1103 Mariae
1500 1070 1672 1110 FarsensiS,
1697 1075 1727 1103 et
1747 1074 1834 1104 extra
1848 1079 1958 1103 muros

1199 1123 1478 1165 caesenatensis,
1510 1135 1544 1158 ac
1570 1123 1669 1158 sancti
1702 1123 1809 1157 Vitalis
1830 1124 1959 1157 Raven—

1217 1178 1357 1212 natcnsis
1383 1184 1409 1211 et
1438 1178 1537 1211 sancti
1571 1178 1696 1211 Proculi
1726 1177 1957 1219 Bononiensis,

1217 1242 1342 1265 necnon
1365 1232 1508 1265 eiusdem
1529 1231 1629 1265 sancti
1655 1230 1819 1265 Benedicti
1840 1231 1955 1264 Ferra-

1218 1283 1368 1325 riensis⁴;
1918 1315 1920 1317 ,

1262 1340 1278 1380 ἕ
1299 1338 1329 1372 3.
1354 1338 1390 1372 Et
1410 1339 1595 1379 Iletruriae,
1617 1338 1716 1373 sancti
1742 1338 1875 1382 Eugenii
1904 1338 1959 1373 Se-

1217 1391 1335 1433 nensis,
1359 1401 1485 1425 necnon
1502 1397 1630 1425 sanctae
1650 1391 1762 1425 Florae
1777 1398 1808 1425 et
1821 1390 1959 1426 Lucillae

1220 1445 1424 1486 Aretinensis,
1449 1455 1575 1479 necnon
1595 1451 1724 1479 sanctae
1749 1445 1864 1479 Mariae
1889 1445 1961 1480 Flo-

1219 1499 1422 1541 rentinensis,
1446 1505 1477 1533 et
1496 1499 1594 1533 sancti
1614 1499 1766 1533 Honorati
1786 1497 1903 1540 Lerini,
1924 1509 1959 1532 ac

1218 1559 1346 1587 sanctae
1378 1554 1493 1587 Mariae
1521 1554 1713 1592 Cromensis,
1734 1553 1960 1597 Ragusinensis

1219 1607 1385 1648 dioecesis,
1409 1614 1437 1641 et
1459 1607 1560 1641 sancti
1582 1607 1667 1641 Petri
1683 1606 1870 1650 Regiensi83

1264 1662 1279 1703 ξ
1298 1660 1328 1693 lt.
1346 1660 1474 1694 Necnon
1490 1660 1730 1704 Neapolitanae,
1748 1659 1846 1704 ipsius
1858 1659 1959 1694 sancti

1219 1714 1381 1748 Benedicti
1395 1714 1668 1754 Castrovillm‘um,
1683 1714 1783 1748 sancti
1797 1713 1960 1747 Michaelis

1220 1767 1332 1801 Montis
1352 1767 1493 1809 Caveosi,
1513 1773 1641 1801 sanctae
1666 1767 1782 1801 Mariae
1803 1766 1961 1801 Andrien-

1219 1821 1273 1863 sis,
1290 1822 1510 1855 sanctissimae
1529 1820 1693 1855 Trinitatis
1712 1821 1869 1862 navensis,
1886 1831 1962 1855 nec-

1219 1885 1284 1909 non
1314 1875 1413 1909 sancti
1440 1874 1583 1909 Severini
1611 1874 1898 1919 Neapolitanensis‚
1925 1884 1962 1908 ac

1220 1928 1321 1962 sancti
1335 1928 1447 1972 Angeli
1461 1927 1674 1970 Caetanensis,
1687 1928 1787 1962 sancti
1797 1927 1961 1962 Laurentii

1220 1982 1400 2025 Aversanae
1431 1987 1461 2015 et
1491 1981 1634 2015 eiusdem
1665 1980 1766 2015 sancti
1798 1979 1961 2015 Benedicti

1221 2036 1333 2069 Montis
1353 2035 1488 2076 Cassini;

1265 2088 1323 2131 §5-
1340 2089 1475 2130 Siculae,
1489 2091 1590 2123 sancti
1607 2088 1725 2122 Placidi
1739 2086 1958 2128 Messanensis,

1220 2152 1346 2176 necnon
1364 2142 1445 2176 santi
1466 2142 1589 2176 Nicolai
1610 2141 1819 2183 Cataniensis,
1840 2146 1873 2175 et
1890 2150 1962 2174 san-

1221 2201 1289 2229 ctae
1318 2196 1434 2229 Mariae
1463 2195 1648 2237 Fondroni,
1676 2205 1803 2229 necnon
1833 2199 1986 2240 sanctac-

1221 2249 1355 2290 Flaviae‚
1379 2260 1415 2282 ac
1435 2254 1562 2283 sanctae
1586 2240 1702 2282 Mariae
1730 2247 1962 2290 Montisregalis

1220 2308 1250 2336 et
1263 2303 1363 2337 sancti
1377 2303 1501 2336 Martini
1516 2301 1822 2343 Panomffltanensis,
1835 2311 1960 2335 necnon

1219 2357 1363 2391 eiusdem
1381 2363 1510 2391 sanctae
1523 2357 1640 2390 Mariae
1658 2356 1696 2390 de
1709 2355 1832 2399 Gangio
1847 2360 1877 2389 et
1889 2365 1961 2388 san-

1219 2411 1260 2445 cti
1283 2411 1421 2456 Philippi
1443 2411 1482 2445 de
1502 2411 1692 2454 Argirione3

1264 2467 1279 2508 g
1298 2465 1328 2498 6.
1346 2465 1390 2498 Ac
1402 2464 1552 2506 Venetae,
1568 2464 1668 2498 sancti
1681 2462 1804 2498 Nicolai
1817 2462 1961 2504 Lictoris,

1219 2528 1346 2552 necnon
1364 2519 1464 2552 sancti
1478 2517 1606 2560 Georgii
1626 2516 1833 2550 Venetiarum
1848 2521 1877 2549 et
1889 2525 1961 2549 san-

1256 2600 1264 2626 l
1289 2598 1464 2634 Subintellige
1482 2597 1659 2625 monasteria
1674 2597 1843 2624 subiicimus
1855 2598 1882 2624 el
1896 2605 1962 2630 snp-

1217 2644 1352 2679 ponimus
1368 2643 1406 2670 uti
1423 2643 1521 2670 dicitur
1532 2641 1557 2668 in
1570 2641 1683 2677 fi11e§83
1697 2649 1756 2668 nain
1769 2649 1889 2676 eousque
1901 2648 1960 2667 ora·

1219 2687 1253 2715 tio
1271 2691 1359 2715 manet
1374 2695 1504 2723 suspensa
1522 2693 1555 2722 sn.
1573 2686 1622 2719 r).

1967 268 2015 295 An.
2031 267 2060 295 c.
2082 259 2199 301 teos&⁴

1999 901 2122 927 Rmnanam,

2000 1355 2118 1380 neuun-iao,

1989 1662 2168 1702 Neapolitanum
2208 1674 2209 1683 ¹

2003 2475 2026 2497 V«
2035 2476 2104 2499 notae.
2152 2485 2164 2491 ·-
2179 2459 2205 2503 ι(
