2227 3241
30 277 76 305 An.
88 274 117 304 C.
139 273 207 302 1606

61 1241 209 1272 Archinresbys

30 1270 61 1291 ῑιι·
73 1271 95 1290 et
114 1270 210 1290 canonici

30 1301 44 1317 a
59 1295 170 1317 residentia
184 1296 210 1317 tt-

30 1321 138 1348 boi-mur,
150 1328 210 1349 prae·

29 1349 148 1376 tuendaeque
159 1349 210 1375 ipsis

31 1375 57 1397 ad
65 1381 133 1397 eorum
149 1376 209 1397 vitam

31 1404 166 1424 mervantur.

22 3130 23 3133 „
17 3035 22 3098 ⁴,ss
16 2962 21 2967 K
16 2912 21 2950 na
14 2654 20 2894 ,-v-..m.⁸.-.-

874 271 992 297 metus
1013 272 1031 296 v
1052 272 1101 296 pr.
1651 259 1715 294 305
1765 270 1814 296 An.
1829 269 1857 297 c.
1881 270 1949 298 1606

222 321 464 367 presbyteratus
488 330 615 355 necnon
647 320 897 355 canonicatuum
929 332 966 355 ac

222 374 481 419 praebendarum
508 385 544 408 ac
576 374 810 408 beneficiorum
836 374 965 419 praedi-

223 434 348 462 ctorum
379 439 415 462 ex
447 428 576 462 illorum
609 428 874 469 fundationibus,
910 439 966 461 seu

223 482 368 516 fidelium
394 482 659 527 dispositionibus
685 482 733 516 vel
759 482 884 524 legatis,
912 488 966 515 aut

223 536 302 569 alias
327 535 574 580 quomodolibet
597 535 741 569 adstricti
771 542 801 569 et
834 535 965 578 obligati

224 589 385 633 existunt)
410 589 519 623 subire
543 595 574 622 et
598 589 777 633 adimplere
802 589 963 630 debeant;

223 649 255 678 et
279 654 351 677 cum
372 643 514 687 primum
540 642 661 676 ibidem
688 643 864 677 introducti
892 643 963 676 sue-

222 697 298 737 rint,
323 696 431 730 dilecti
448 695 507 729 filii
524 696 672 730 moderni
691 696 962 742 archipresbyter,

223 747 371 782 canonici
401 753 431 781 et
460 746 641 781 beneficiati
675 747 831 781 ecclesiae
865 747 964 781 saneti

222 801 385 836 Laurentii
416 800 625 842 huiusmodi,
654 801 694 834 ab
721 801 806 834 illius
836 801 966 835 servitio

223 866 259 890 ac
283 855 458 889 residentia
482 855 568 900 apud
593 866 663 889 eam
694 855 861 896 facienda,
890 866 984 889 nec-¹

222 920 288 943 non
313 909 465 943 omnibus
497 915 528 943 et
557 909 692 952 singulis
721 909 963 952 functionibus,

222 963 349 1005 officiis,
377 963 548 1005 exercitiis,
572 963 727 997 oneribus
747 969 777 997 et
798 964 967 1007 obligatio-

222 1017 317 1051 nibus
346 1016 519 1062 praedictis
554 1019 619 1050 tuta
644 1017 841 1051 conscientia
872 1018 967 1051 liberi

223 1077 254 1105 et
278 1071 416 1115 exempti
450 1077 663 1113 censeantur3
693 1078 722 1105 et
754 1071 968 1106 nihilomiuus

223 1126 331 1170 quoad
356 1125 502 1167 vixerint,
530 1137 585 1160 seu
612 1127 715 1160 donec
741 1126 799 1171 ipsi
826 1127 865 1161 ad
891 1128 985 1161 alte-¹

223 1180 290 1214 rius
311 1180 391 1214 sacri
417 1180 479 1214 loci
496 1180 659 1214 servitium
682 1191 755 1214 cum
781 1181 967 1215 huiusmodi

223 1234 272 1267 vel
297 1233 367 1267 aliis
393 1234 505 1267 saltem
538 1234 796 1278 equivalentibus
829 1235 964 1269 redditi-

225 1286 285 1320 bus
310 1287 425 1321 annuis
450 1298 508 1332 per
539 1298 597 1321 nos
627 1298 682 1321 seu
709 1288 825 1321 dictam
852 1288 967 1322 Sedem

227 1340 363 1374 traducti
384 1341 433 1374 vel
459 1341 604 1374 translati
634 1347 689 1374 aut
717 1341 794 1375 alias
815 1342 967 1387 adscripti

224 1394 355 1435 suerint,
383 1395 641 1440 archipresbyter
666 1396 811 1429 videlicet
833 1396 911 1430 duas
932 1408 969 1430 ex

224 1454 297 1482 octo
331 1449 478 1493 partibus
503 1450 816 1491 emolumentorum,
845 1451 968 1484 ratione

222 1555 432 1597 venientium,
449 1556 508 1590 sibi
528 1567 586 1601 per
600 1557 731 1591 eosdem
746 1558 966 1602 praepositum

222 1615 254 1644 et
285 1610 455 1654 religiosos
487 1611 517 1644 in
551 1611 614 1645 fine
646 1611 818 1646 cuiuslibet
850 1613 985 1647 mensis,

223 1664 470 1707 consignandas,
499 1671 528 1698 et
551 1670 614 1698 tam
637 1665 704 1709 ipse
730 1676 826 1710 quam
849 1666 985 1709 singuli*

223 1718 371 1752 canonici
403 1725 433 1752 et
463 1719 645 1753 beneficiati
679 1730 765 1753 nunc
797 1720 985 1755 existentest

222 1772 378 1817 praedicti
403 1773 512 1807 omnia
533 1779 564 1806 et
588 1773 715 1816 singula
735 1774 871 1815 fruetus,
895 1775 967 1808 red-

224 1826 327 1867 ditus,
355 1833 551 1871 proventus,
580 1827 671 1868 iura,
701 1828 912 1862 obventiones
937 1831 985 1862 et*

224 1880 442 1914 emolumenta
467 1880 506 1914 ad
527 1881 889 1926 archipresbyteratum,
914 1893 966 1916 ca-

223 1934 404 1976 nonicatus,
424 1935 637 1979 praebendas,
655 1936 814 1970 beneficia
829 1943 857 1970 et
876 1948 966 1971 men-

223 1998 291 2022 sam
306 1988 516 2033 capitularem
531 1999 587 2022 seu
606 2000 743 2023 massam
759 2001 965 2025 communem

224 2041 423 2083 huiusmodi,
447 2048 511 2076 tam
533 2043 731 2077 coniunctim
757 2054 853 2088 quam
880 2044 963 2077 divi-

224 2096 283 2130 sim
299 2124 306 2137 ,
334 2097 512 2141 spectantia
537 2103 567 2130 et
592 2098 803 2141 pertinentia,
831 2109 890 2142 pro
911 2101 966 2132 sua

225 2150 380 2194 cuiusque
399 2153 466 2184 rata
490 2157 592 2195 parte,
616 2157 649 2184 ut
670 2151 767 2195 prius,
785 2152 964 2196 percipere,

226 2204 362 2246 exigere,
388 2205 503 2245 levare,
528 2215 564 2238 ac
587 2205 616 2237 in
638 2216 712 2238 snos
733 2216 807 2238 usus
829 2211 859 2238 et
880 2205 966 2238 utili·
984 2206 986 2212 '

227 2263 321 2291 tatem
341 2264 527 2291 convertere
549 2259 649 2292 libere
668 2264 699 2292 et
719 2259 805 2291 licite
828 2259 963 2300 valeant,

227 2310 257 2343 in
278 2311 429 2344 omnibus
450 2318 476 2344 et
501 2322 558 2355 per
579 2312 705 2351 omnia;
729 2313 864 2356 perinde
885 2324 921 2345 ac
941 2313 965 2346 si

226 2420 438 2462 personaliter
463 2420 660 2458 residerent,
684 2430 810 2453 necnon
843 2421 964 2461 missas,

226 2471 321 2507 horas
338 2473 508 2507 canonicas
527 2480 556 2507 et
573 2474 635 2507 alia
657 2474 761 2507 divina
782 2474 888 2507 ot'sieia
909 2475 969 2507 ibi-

227 2526 299 2559 dem
317 2528 514 2561 celebrarent
536 2534 567 2561 et
584 2528 766 2569 recitarent,
785 2528 911 2572 illisque
926 2529 970 2562 in-

228 2585 395 2621 teressent,
413 2587 443 2614 et
461 2588 588 2615 caetera
602 2593 700 2615 onera
719 2584 883 2626 praedicta
901 2595 968 2617 res-

227 2633 349 2677 pective
369 2635 515 2668 subirent
540 2641 569 2669 et
589 2637 843 2680 supportarentj,
872 2637 966 2670 etiam

227 2692 383 2731 perpetuo
408 2688 561 2731 erigimus
585 2695 616 2722 et
640 2689 853 2730 instituimus;

273 2749 351 2779 Bull.
367 2750 450 2778 Rom.
471 2751 529 2779 Vol.
548 2751 598 2779 XI.
803 2752 836 2780 39

1045 322 1061 363 ξ
1090 320 1120 354 3.
1152 319 1266 365 Illique
1290 319 1335 354 sic
1356 324 1482 354 erectae
1502 324 1532 352 et
1560 318 1741 360 institutae,
1797 332 1949 368 scaenaque.

1000 383 1126 407 necnon
1145 374 1330 417 praeposito
1352 379 1380 407 et
1401 372 1559 416 religiosis
1579 372 1611 405 in
1630 371 1665 406 ea
1686 382 1745 417 pro
1761 364 1887 419 Ξὲἶῗέῗῖἲῗῖἓ,
1911 365 1947 405 531

1003 431 1148 470 tempore
1163 427 1353 469 degentibus
1367 437 1459 460 nsum
1475 426 1579 460 dictae
1592 427 1745 460 ecclesiae
1760 418 1948 465 ssiiii‘ss'ssssffiisslii’c'

1002 490 1074 512 eum
1095 480 1220 513 duabus
1235 480 1385 513 domibus
1404 480 1447 513 illi
1463 480 1697 521 adiacentibus,
1710 491 1746 514 ac
1761 466 1879 486 'munim'

1001 533 1156 573 cameris,
1190 532 1411 567 mansionibus
1436 539 1466 566 et
1491 533 1747 568 habitationibus

1002 586 1186 630 praedictis,
1203 597 1329 620 necnon
1348 587 1554 631 paramentis,
1574 598 1747 621 ornamen-

1003 640 1050 681 tis,
1075 651 1112 674 ac
1132 640 1222 674 omni
1240 646 1269 673 et
1296 651 1500 686 quacumque
1521 644 1609 676 sacra
1624 648 1654 676 et
1672 653 1748 687 pro-

1001 694 1073 727 fana
1098 694 1308 738 supellectile,
1329 701 1580 740 sanctorumque
1601 697 1746 740 corpori-

1001 748 1060 781 bus
1086 753 1116 781 et
1141 748 1211 781 aliis
1232 748 1331 781 sacris
1357 749 1514 793 reliquiis,
1543 751 1747 794 quantumvis

1001 801 1234 845 principalibus
1264 807 1295 835 et
1319 802 1518 845 insignibus,
1548 803 1748 848 caeterisque

1000 855 1097 888 rebus
1123 855 1153 887 in
1181 855 1315 888 ecclesia
1340 857 1441 889 sancti
1466 857 1631 890 Laurentii
1652 864 1682 891 et
1699 869 1747 892 sa-

1001 908 1109 942 cristia
1128 909 1306 953 praedictis
1324 910 1533 945 existentibus
1552 912 1596 945 eis
1617 913 1675 946 sub
1698 912 1747 946 in—

1001 962 1146 995 ventario
1171 962 1420 1006 consignandis,
1449 964 1571 1009 absque
1597 975 1634 999 eo
1660 966 1748 1010 quod

1002 1017 1281 1062 archipresbyter,
1317 1018 1464 1053 canonici
1500 1026 1530 1053 et
1566 1020 1748 1054 beneficiati

1002 1071 1157 1115 praedicti
1174 1071 1353 1116 quidquam
1368 1072 1443 1106 inde
1461 1073 1587 1107 auferre
1603 1075 1650 1107 vel
1664 1085 1749 1109 amo-

1001 1135 1074 1158 vere
1095 1125 1239 1169 possint,
1269 1137 1305 1159 ex
1338 1136 1423 1160 nunt:
1454 1127 1518 1171 [ita
1543 1128 1630 1172 quod
1655 1128 1749 1163 liccat

1003 1178 1251 1222 congregationi
1277 1190 1332 1214 seu
1352 1191 1413 1224 pro
1436 1186 1582 1225 tempore
1605 1182 1744 1215 existen-

1003 1232 1087 1265 tibus
1113 1233 1300 1277 pracposito
1332 1240 1362 1267 et
1389 1234 1548 1277 religiosis
1576 1236 1748 1279 praedictis

1003 1286 1131 1319 illorum
1154 1287 1300 1320 omnium
1327 1289 1542 1332 corporalem,
1571 1290 1690 1323 realem
1718 1295 1749 1324 et

1003 1341 1160 1374 actualem
1180 1342 1428 1385 possessionem,
1444 1353 1503 1387 per
1516 1353 1559 1385 se,
1572 1344 1620 1377 vel
1634 1344 1744 1386 alium,

984 1430 985 1435 Ἰ
1003 1405 1058 1427 seu
1079 1394 1169 1433 alios,
1195 1405 1306 1429 eorum
1329 1407 1364 1429 ac
1393 1396 1497 1430 dietae
1515 1397 1631 1431 domus
1651 1408 1747 1441 regu-

984 1454 986 1487 }
1002 1448 1076 1480 laris
1091 1448 1288 1490 nominibus,
1305 1450 1438 1493 propria
1457 1451 1660 1492 auctoritate,
1677 1451 1747 1485 abs-

223 1502 365 1535 exercitii
380 1513 475 1536 curae
489 1503 671 1537 animarum
691 1503 877 1537 huiusmodi
893 1515 966 1548 pro·
984 1523 985 1529 =

1003 1512 1065 1545 quc
1083 1502 1175 1546 spolii
1195 1508 1225 1535 et
1245 1508 1478 1537 attentatorum
1501 1504 1588 1546 vitio,
1614 1516 1649 1539 ac
1668 1506 1748 1539 dile-

1003 1555 1043 1588 cti
1066 1555 1122 1587 tilii
1144 1556 1245 1589 nostri
1264 1556 1482 1600 Evangelistae
1501 1557 1644 1591 eiusdem
1666 1559 1748 1592 tituli

1002 1610 1102 1643 sancti
1117 1610 1281 1644 Laurentii
1299 1612 1476 1656 presbyteri
1498 1613 1671 1647 cardinalis
1690 1613 1749 1648 Cu-

1003 1663 1118 1696 sentini
1134 1665 1311 1709 nuncupati
1326 1665 1460 1709 eiusque
1482 1665 1511 1698 in
1536 1665 1749 1700 titulohuius-

1004 1718 1090 1751 modi
1112 1729 1346 1760 successorum,
1371 1730 1427 1752 seu
1448 1729 1508 1763 pro
1525 1725 1669 1764 tempore
1684 1721 1749 1754 exi-

1002 1772 1114 1806 stentis
1135 1773 1235 1807 nostri
1261 1773 1293 1806 in
1318 1773 1401 1807 dicta
1427 1773 1512 1807 Urbe
1533 1779 1564 1808 et
1585 1774 1670 1808 illius
1695 1775 1745 1809 di-

1001 1826 1114 1860 strictu
1141 1827 1250 1861 vicarii
1272 1828 1303 1861 in
1324 1828 1549 1872 spiritualibus
1573 1829 1745 1872 generalis,

1001 1887 1056 1914 aut
1070 1881 1200 1915 alterius
1212 1881 1446 1926 cuiuscumque
1462 1882 1576 1916 iudicis
1586 1883 1748 1928 mandato,

1002 1935 1132 1969 decreto
1159 1935 1207 1969 vel
1233 1935 1422 1977 ministerio,
1447 1936 1548 1970 libere
1570 1937 1749 1981 apprehen-

983 1990 1078 2023 *dere
1104 1995 1133 2023 ct
1166 1995 1323 2033 perpetuo
1357 1990 1516 2031 retinere,
1545 2001 1580 2024 ac
1606 1991 1748 2025 ibidem¹

1002 2054 1127 2077 necnon
1146 2043 1284 2077 fabricae
1305 2043 1449 2078 ciusdem
1473 2045 1628 2079 ecclesiae
1646 2046 1747 2080 sancti

1001 2097 1163 2130 Laurentii
1185 2097 1307 2131 fructus
1323 2125 1330 2138 ,
1354 2097 1519 2139 redditus,
1548 2105 1745 2142 proventus,

1003 2151 1083 2191 iura,
1108 2151 1319 2185 obventiones
1341 2157 1371 2184 ct
1398 2152 1619 2185 emolumenta
1644 2163 1744 2196 quae-

1003 2216 1152 2249 cumque,
1172 2205 1268 2238 etiam
1291 2205 1322 2238 in
1337 2205 1575 2246 anniversariis,
1606 2213 1748 2240 mortua-

1002 2259 1067 2299 riis,
1094 2259 1303 2299 fuueralibus,
1320 2258 1491 2301 suffragiis,
1517 2259 1746 2301 oblationibus,

984 2346 986 2351 ,
1003 2312 1213 2356 elecmosynis
1231 2318 1261 2345 et
1278 2313 1538 2356 quibuscumque
1560 2312 1629 2345 aliis
1651 2313 1747 2346 rebus

226 2364 310 2408 apud
336 2365 453 2398 dictam
483 2365 651 2398 ecclesiam
678 2366 779 2399 sancti
806 2363 986 2400 Lam-enuit

1002 2370 1079 2410 (non
1104 2372 1209 2399 tamen
1231 2366 1385 2399 hactenus
1400 2366 1503 2399 dietae
1519 2376 1648 2399 mensae
1662 2366 1747 2410 capi-

1002 2420 1096 2454 tulari
1119 2431 1173 2453 seu
1200 2430 1322 2453 massae
1344 2419 1507 2453 communi
1531 2419 1746 2463 incorporatis

984 2486 1084 2519 1quac
1106 2474 1246 2518 capitulo
1268 2480 1299 2507 et
1327 2473 1489 2507 canonicis
1516 2473 1687 2516 praedictis
1708 2473 1745 2506 li-

1003 2530 1078 2562 bcrc
1105 2529 1305 2570 remaneant)
1332 2528 1556 2567 consistentia,
1588 2538 1623 2561 ac
1649 2527 1745 2560 etiam

1003 2583 1126 2615 ratione
1148 2593 1245 2615 curae
1270 2582 1450 2615 animarum
1481 2587 1511 2614 et
1539 2581 1745 2614 adi‘ninistra-

1005 2637 1089 2670 tione
1115 2641 1392 2669 sacramentorum
1419 2635 1603 2668 huiusmodi
1630 2645 1745 2678 prove-

1041 2701 1050 2726 1
1073 2699 1199 2726 Fortasse
1220 2697 1260 2725 lxtc
1281 2697 1356 2724 deest
1376 2697 1564 2731 commorari,
1579 2697 1618 2732 (n.
1633 2697 1682 2731 r).
