2227 3241
878 271 1000 297 esurus

242 321 344 355 cultus
363 327 573 365 augmentum
595 327 625 356 et
642 321 863 355 ministrorum
884 319 983 353 virtu-

241 380 304 409 tem
330 375 477 409 alendam
507 381 538 410 et
562 375 743 408 litterarum
770 374 876 408 studia
906 383 982 417 pro-

241 429 399 463 movenda
418 429 591 474 pertinent,
609 428 747 471 benigne
764 437 906 461 annuere
926 437 982 460 vo·
999 451 1000 466 ,

240 479 355 524 lentes,
372 483 440 516 eius
458 482 489 516 in
507 482 567 516 hac
579 487 671 526 parte
688 479 982 525 supplicationibus

241 535 406 577 inclinati,
431 546 466 570 ex
491 542 564 569 voto
588 534 819 568 venerabilium
847 533 980 566 fratrum

240 595 428 624 nostrorum
459 589 490 624 S.
526 589 562 622 R.
590 589 624 622 E.
653 587 866 622 cardinalium
899 585 980 619 sacri

240 642 373 677 Concilii
398 642 575 677 Tridentini
600 642 837 686 interpretum,
866 640 982 684 quibus

240 695 302 730 hoc
322 696 487 739 negotium
509 695 761 729 examinandum
777 700 807 727 et
820 694 915 727 nobis
933 703 982 726 re-

241 749 409 784 ferendum
430 748 663 790 commisimus]
685 749 717 782 in
734 748 900 793 praedicta
912 748 982 780 uni-

240 803 389 838 versitate
428 804 524 838 studii
563 803 723 846 generalis
757 801 980 837 Colimbriensi

240 867 341 892 unum
362 858 534 901 collegium
549 869 606 892 seu
625 857 835 891 seminarium
854 856 983 889 militia-

240 921 312 945 rum
331 911 584 956 praedictarum,
602 911 634 944 in
656 922 720 955 quo
738 911 796 944 sub
817 910 911 944 unius
932 921 982 943 re·
1000 917 1001 930 ¹

240 965 338 999 ctoris
351 967 382 1011 (a
397 966 562 1010 praedicto
576 965 725 1009 Philippo
739 975 814 1008 rege
827 965 982 998 moderno

241 1024 272 1053 et
290 1030 351 1064 pro
373 1025 518 1064 tempore
538 1020 692 1053 existente
713 1019 899 1052 earumdem
923 1019 983 1051 mi-

241 1073 384 1107 litiarum
407 1075 681 1115 administratore,
706 1085 762 1107 seu
778 1084 896 1115 magno
917 1084 983 1106 ma—

241 1127 351 1170 gistro,
371 1128 411 1161 ad
428 1134 542 1161 nutum
561 1128 737 1172 deputandi
752 1134 782 1161 et
799 1129 983 1171 amovendi)

241 1185 319 1216 eura
354 1187 385 1215 et
413 1182 572 1225 gubernio
607 1182 706 1226 aliqui
742 1182 983 1226 praedictarum

241 1235 430 1268 militiarum
446 1235 588 1278 religiosi
605 1235 664 1269 sub
678 1236 819 1277 regulari
837 1235 986 1269 clausura

241 1298 278 1322 ae
299 1288 485 1323 obedientia
504 1300 613 1323 sacrae
640 1289 820 1331 theologiae
841 1288 984 1322 seussiuri

242 1342 399 1376 canonico
420 1353 553 1386 operam
576 1343 653 1376 dare
674 1343 824 1383 debeant,
842 1342 984 1375 auctori-

241 1401 305 1429 tate
315 1396 502 1440 apostolica,
514 1402 624 1430 tenore
634 1397 863 1440 praesentium,
872 1407 986 1440 perpe<

244 1454 298 1483 tuo
312 1449 465 1492 erigimus
483 1455 513 1483 et
526 1449 734 1491 instituimus,
747 1460 783 1483 ac
797 1449 901 1483 eidem
916 1450 986 1482 Phi·

244 1503 333 1548 lippo
353 1504 421 1547 regi
446 1510 477 1537 et
502 1504 757 1537 administratori
776 1514 862 1537 nune
880 1509 909 1537 et
927 1514 985 1547 pro

243 1562 389 1601 tempore
415 1552 560 1590 existenti
586 1557 730 1600 praefato
744 1585 751 1597 ‚
775 1563 810 1590 ut
830 1567 887 1601 per
907 1568 982 1600 per-

242 1620 337 1644 sonas
358 1611 544 1644 earumdem
565 1610 752 1643 militiarum
774 1610 814 1643 ab
829 1620 866 1644 eo
887 1610 987 1654 depu-

243 1664 356 1698 tandas
375 1665 481 1698 locum
504 1675 563 1708 pro
583 1665 704 1698 fabrica
721 1664 796 1698 dicti
811 1664 936 1706 collegii
955 1664 986 1696 in

245 1718 358 1751 eadem
377 1718 584 1752 universitate
605 1718 786 1761 designare,
808 1728 935 1751 necnon
954 1723 988 1750 ut

245 1780 304 1815 pro
329 1771 441 1805 eadem
466 1771 588 1805 fabrica
613 1776 645 1805 et
666 1782 725 1815 pro
746 1770 988 1804 manutentione

245 1825 380 1859 rectoris
394 1831 424 1858 et
445 1825 661 1868 collegialium
684 1825 827 1858 eiusdem
847 1824 986 1867 collegii,

184 1872 190 1878 ’
244 1877 300 1922 qui
315 1888 374 1922 pro
394 1884 540 1922 tempore
553 1878 681 1920 fuerint,
701 1878 987 1917 contributionem,

245 1940 263 1964 a
279 1931 413 1975 singulis
424 1932 596 1976 prioribus,
611 1933 889 1977 praeceptoribus,
907 1943 990 1966 com-

243 1985 452 2020 mendatariis
463 1986 573 2020 etaliis
586 1986 787 2020 beneficiatis
802 1987 988 2019 earumdem

242 2038 441 2081 militiarum,
452 2050 512 2084 pro
525 2044 591 2075 rata
601 2040 774 2081 fructuum,
789 2040 987 2080 reddituum,

247 2092 540 2127 emolumentorum
563 2100 593 2127 et
614 2094 731 2127 iurium
746 2104 876 2127 suarum
899 2104 992 2138 prae-

246 2147 464 2191 ceptoriarum
487 2153 517 2181 et
542 2148 758 2192 prioratuum,
783 2147 990 2181 commenda-

242 2209 314 2233 rum
340 2206 371 2233 et
395 2200 643 2241 beneficiorum,
665 2200 842 2244 respective
865 2200 987 2233 sacien-

244 2253 331 2295 dam,
359 2260 475 2296 taxare,
499 2260 638 2288 statuere
657 2260 687 2287 et
708 2254 928 2295 determinari,
959 2260 989 2287 et

244 2307 382 2352 persolvi
408 2308 512 2342 facere
532 2308 631 2353 possit
658 2308 841 2341 facultatem
865 2307 986 2351 imper-

247 2360 356 2395 timur.

92 2421 180 2471 §mets
196 2429 233 2472 ει»,-
292 2414 350 2459 §7-
362 2415 587 2456 Praeterea,ut
600 2414 801 2460 praedictum
817 2414 987 2457 collegium

56 2455 306 2526 ιΙιιτῐῗέὲίἷῖᾞεῖιξιιῖεεειι
335 2468 545 2503 seminarium
576 2469 714 2502 militare
747 2474 778 2501 et
807 2468 990 2510 collegiales

57 2510 237 2578 augaunensium&
251 2520 283 2554 in
308 2521 386 2555 illud
411 2532 470 2566 pro
505 2529 651 2567 tempore
681 2522 871 2556 admittendi
905 2521 990 2554 iuxta

111 2571 116 2578 '
252 2579 368 2608 statuta
392 2581 423 2608 et
451 2576 578 2618 regulas
609 2586 743 2609 suorum
773 2575 929 2609 Ordinum
961 2579 1008 2607 et¹

252 2627 330 2662 alias
348 2638 407 2672 pro
419 2628 502 2663 felici
517 2629 602 2663 illius
616 2629 773 2672 gubernio
791 2628 830 2662 de
847 2637 930 2661 novo
944 2627 990 2660 fa-

9 274 12 315 g
44 275 92 308 Α-ῃ.
114 273 231 302 &1605

252 2680 399 2724 ciendas,
428 2682 605 2717 dummodo
636 2683 742 2717 licitae
775 2688 805 2716 et
837 2682 990 2716 honestae

1023 272 1042 295 v
1060 272 1106 296 ιη».
1667 259 1731 294 219
1777 269 1827 296 An.
1842 269 1870 297 c.
1893 269 1961 298 ¹605

1017 330 1053 352 ac
1073 320 1171 353 saeris
1192 319 1370 353 canonibus
1383 324 1413 352 et
1429 318 1564 353 Concilii
1576 318 1756 353 Tridentini

1017 373 1156 405 decretis
1192 379 1221 406 et
1257 373 1539 406 constitutionibus
1570 372 1754 417 apostolicis

1017 426 1203 459 conformes
1224 426 1370 466 existant,
1395 433 1425 460 et
1444 427 1483 460 ab
1504 426 1674 461 Ordinario
1693 425 1755 459 loci

1019 484 1182 522 tamquam
1198 480 1381 523 Apostolica
1402 480 1491 513 Sedis
1505 481 1652 523 delegato
1670 480 1758 524 prius

1017 532 1243 565 examinentur
1264 540 1294 566 et
1314 534 1548 576 approbentur,
1570 534 1638 576 regi
1659 539 1690 566 et
1705 544 1761 576 gu-

999 585 1159 625 lbernari,
1183 591 1283 629 utque
1308 587 1467 629 praedicti
1499 587 1683 637 col'legiales
1703 597 1761 630 per

1016 649 1222 679 coneursum,
1252 646 1286 672 ut
1310 640 1504 684 praefertur,
1533 651 1591 684 pro
1614 647 1760 684 tempore

1017 693 1169 735 eligendi,
1186 694 1374 737 priusquam
1392 694 1432 727 ad
1450 694 1623 736 collegium
1641 704 1696 727 seu
1712 705 1761 727 se-

1017 747 1191 780 minarium
1225 748 1458 788 admittantur,
1488 748 1519 780 in
1552 747 1763 781 conventibus

1017 801 1175 834 dictarum
1192 802 1379 835 militiarum
1394 803 1574 845 regularem
1588 814 1696 836 carum
1709 803 1764 835 ha-

1017 856 1118 888 bitum
1140 856 1314 900 suscipere,
1332 863 1373 898 et,
1395 857 1417 890 si
1434 857 1519 889 dicto
1534 857 1599 899 regi
1619 864 1647 890 et
1663 857 1765 890 admi-

1017 910 1180 943 nistratori
1202 910 1244 943 ita
1270 911 1364 943 etiam
1386 911 1486 943 visum
1509 911 1614 951 suerit,
1637 911 1763 954 regula-

1018 974 1084 996 rem
1112 970 1142 997 et
1162 965 1339 997 solemnem
1360 965 1593 1008 professionem
1616 966 1763 998 emittere

1018 1018 1167 1057 debeant,
1184 1018 1353 1052 statuimus
1374 1025 1404 1051 et
1418 1019 1617 1052 ordinamus.

1064 1074 1079 1115 ξ
1101 1071 1131 1106 8.
1156 1072 1196 1106 Ut
1215 1080 1322 1106 autem
1344 1080 1582 1117 praeceptores,
1598 1085 1764 1107 commen-
1792 1093 1826 1105 ,[ι.
1844 1086 1861 1104 in
1879 1085 1965 1105 mv...-

1001 1126 1145 1165 :datarii‚
1164 1126 1300 1169 priores,
1319 1133 1460 1159 rectores
1473 1132 1500 1159 et
1515 1127 1567 1159 alii
1581 1127 1787 1160 beneficiatis
1801 1119 1854 1159 ..Ὗ
1890 1118 1894 1122 ’
1918 1119 1947 1158 ..ῗ

1862 1177 1869 1186 ³
1910 1172 1943 1185 „m

1020 1186 1050 1213 et
1071 1180 1187 1213 milites
1201 1180 1359 1213 dictarum
1379 1180 1567 1212 militiarum
1587 1191 1667 1213 onus
1684 1191 1762 1214 con·
1778 1169 1819 1186 '¹¹⁸¹'

1021 1233 1206 1266 tributionis
1232 1233 1397 1266 faciendae
1429 1244 1488 1277 pro
1519 1234 1762 1267 manutentione

1002 1286 1095 1320 ‘dicti
1118 1286 1244 1329 collegii
1271 1297 1326 1319 seu
1352 1287 1517 1320 seminarii
1540 1288 1663 1320 facilius
1688 1298 1763 1331 per-

1002 1340 1101 1373 ¹serre
1122 1340 1256 1384 possint,
1281 1340 1353 1374 illos
1374 1341 1541 1373 universos
1566 1346 1596 1374 et
1620 1341 1764 1381 singulos

1020 1405 1037 1426 a
1058 1404 1252 1437 quacunque
1274 1394 1336 1427 alia
1358 1394 1599 1428 contributione
1623 1394 1763 1427 semina-

1021 1446 1077 1480 riis
1098 1447 1323 1480 ecclesiasticis
1344 1447 1376 1479 in
1401 1447 1566 1490 quibusvis
1581 1447 1764 1480 civitatibus

1021 1507 1050 1534 et
1065 1501 1266 1534 dioecesibus
1277 1502 1411 1543 (attenta
1426 1502 1615 1534 eorumdem
1630 1502 1766 1535 semina-

1020 1555 1145 1588 riorum
1160 1555 1286 1588 illarum
1299 1555 1437 1598 partium
1456 1555 1642 1588 reddituum
1662 1556 1762 1588 uber-

1022 1615 1095 1649 tate,
1120 1609 1273 1653 quodque
1288 1609 1356 1652 ipsa
1375 1609 1550 1642 seminaria
1564 1620 1629 1642 non
1646 1616 1720 1643 sunt
1734 1610 1763 1642 in

1022 1663 1111 1707 quasi
1125 1662 1325 1706 possessione
1333 1662 1478 1704 exigendi
1490 1664 1764 1696 conti-iliutionem

1023 1727 1040 1749 a
1053 1716 1146 1749 dietis
1161 1716 1295 1759 militiis)
1308 1716 1497 1749 auctoritate
1512 1723 1540 1750 et
1553 1722 1665 1750 tenore
1678 1728 1767 1760 prae-

1023 1770 1116 1803 dictis
1138 1770 1308 1803 eximimus
1329 1775 1359 1803 et
1380 1770 1567 1811 liberamus;
1592 1781 1628 1803 ac
1646 1771 1766 1804 liberos

1024 1830 1054 1858 et
1071 1829 1235 1868 exemptos
1257 1824 1324 1857 sore
1346 1829 1377 1857 et
1397 1834 1481 1865 esse,
1505 1824 1616 1868 sicque
1634 1824 1673 1857 ab
1694 1835 1765 1858 om·

1024 1879 1119 1912 nibus
1139 1879 1275 1919 censeri,
1294 1889 1330 1911 ac
1344 1877 1387 1911 ita
1402 1889 1460 1921 per
1473 1889 1697 1922 quoscumque
1716 1878 1764 1911 iu-

1025 1932 1110 1966 dices
1131 1932 1312 1966 ordinarios
1333 1932 1548 1977 etflelegatos
1569 1932 1662 1965 etiam
1689 1943 1765 1965 cau-

1024 1997 1130 2019 sarum
1141 1986 1434 2030 PalatiiApostolici
1449 1986 1614 2019 auditores
1628 1986 1766 2030 (sublata

1025 2040 1070 2073 eis
1091 2045 1121 2073 et
1142 2050 1253 2073 eorum
1276 2039 1408 2073 cuilibet
1428 2039 1538 2083 quavis
1563 2039 1657 2072 aliter
1677 2039 1762 2073 iudi-

1025 2093 1118 2126 candi
1140 2098 1170 2126 et
1188 2092 1423 2136 interpretandi
1445 2093 1596 2126 facultate
1616 2098 1766 2126 etaucto-

1026 2147 1131 2190 ritate)
1153 2147 1288 2180 iudicari
1310 2152 1341 2180 et
1361 2146 1489 2180 definiri
1507 2146 1638 2187 debere,
1667 2157 1703 2180 ac
1724 2146 1765 2178 ir-

1025 2201 1123 2233 ritum
1146 2206 1176 2233 ct
1197 2201 1290 2233 inane
1311 2199 1467 2244 quicquid
1484 2210 1576 2233 secus
1600 2210 1696 2243 super
1716 2199 1765 2232 his

1025 2264 1042 2287 a
1062 2265 1238 2298 quoquam,
1268 2254 1379 2299 quavis
1404 2254 1605 2293 auctoritate,
1628 2253 1766 2286 scienter

1024 2308 1072 2341 vel
1085 2308 1282 2349 ignoranter,
1300 2307 1470 2350 eontigerit
1481 2306 1642 2347 attentari,
1655 2306 1765 2339 decer-

1024 2361 1140 2394 nimus.

1069 2416 1085 2457 S
1103 2414 1133 2448 9.
1155 2414 1310 2454 Quocirca
1330 2413 1453 2448 dilectis
1474 2413 1548 2446 filiis
1568 2413 1677 2446 curiae
1691 2423 1765 2445 cau·
1811 2421 1964 2459 &equum-⁴22

1024 2478 1131 2501 sarum
1154 2469 1305 2502 Gamerae
1326 2467 1527 2511 Apostolicae
1547 2466 1688 2509 generali
1702 2477 1762 2499 au·
1780 2450 1848 2503 1233?
1857 2450 1912 2470 ''¹¹¹¹‘'
1929 2449 1964 2470 ‘³⁸'

1025 2521 1119 2554 ditori
1148 2527 1177 2555 et
1205 2522 1383 2565 spoliorum
1411 2526 1442 2554 et
1468 2520 1586 2553 iurium
1613 2519 1765 2553 Gamerae

1025 2580 1154 2608 nostrae
1175 2574 1378 2618 Apostolicae
1397 2573 1580 2606 debitorum
1597 2573 1627 2605 in
1645 2572 1762 2605 Portu-

1025 2628 1141 2670 galliae
1162 2634 1193 2661 et
1213 2628 1439 2670 Algarbiorum
1467 2626 1576 2669 regnis
1601 2626 1766 2660 collectori

1025 2681 1165 2724 generali
1186 2687 1215 2714 et
1234 2680 1363 2714 officiali
1374 2679 1597 2714 Colimbriensi
1608 2689 1766 2724 perprae-
