2227 3241
202 277 260 303 Ἀη.
274 277 301 304 C.
327 278 392 304 1607

231 340 252 358 S·
263 339 317 363 relus
326 339 394 359 Art-tit-

223 366 279 391 pium
291 371 320 385 uus
357 365 395 385 Dn-

255 400 262 411 t
312 398 319 411 ς
369 392 395 411 ad

305 424 331 438 vm
349 424 395 441 '‘t-'d‘

209 447 239 463 tn<
266 450 278 464 a
308 448 394 469 patriai·

207 472 246 491 clia
255 486 261 495 ,
297 485 302 487 >

224 1505 262 1528 Qui
272 1510 317 1525 cum
327 1506 383 1526 obie-

199 1532 262 1555 rit‚ut
274 1533 337 1552 alium
348 1533 382 1553 vti-

199 1561 247 1584 μοι
265 1562 380 1580 mouentur.

440 269 503 299 531²»

457 330 472 367 g
511 327 534 358 l.
571 327 660 364 (jumi
694 336 769 359 sane
801 327 953 368 gaudium
987 327 1148 359 renovavit

412 384 438 410 et
462 378 546 411 auxit
569 388 761 421 magnopere
788 379 817 410 in
840 379 931 412 nohis
950 379 1149 421 gratissimus

411 432 564 464 adventus
593 431 784 465 venerabilis
818 432 921 465 tratris
945 432 1057 475 Sergiii
1084 433 1145 466 Da-

411 484 548 517 masreni
571 485 803 529 archiepiscopi
823 485 1064 526 Maronitarum,
1086 488 1147 519 una

408 549 480 570 rum
507 538 630 571 dilectis
656 539 728 571 liliis
750 539 815 571 Elia
842 545 871 571 et
895 539 1032 581 Georgio
1058 551 1146 584 pres-

407 591 524 634 hyteris
550 592 716 625 monachis
741 592 867 625 Ordinis
891 593 991 626 saneti
1018 593 1145 627 Antonii

405 655 440 677 ac
466 645 600 689 losepho
626 646 753 686 clerico,
776 646 815 679 ad
841 647 1062 690 Apostolatum
1087 658 1145 681 no-

404 704 525 738 strum,
557 699 594 732 ad
626 700 852 742 praestandum
885 700 1057 734 humilitati
1087 711 1145 734 no-

403 758 487 785 strae
509 759 536 785 ct
561 754 592 786 Β.
614 754 695 787 Petri
715 754 787 787 Sedi
814 754 1032 788 obedientiam
1055 760 1085 788 et
1105 755 1144 788 dc

403 807 473 839 aliis
498 807 647 849 gravibus
665 809 824 841 Ecclesiae
846 815 967 842 vestrae
988 809 1141 852 negociis,

404 859 510 892 missi:
539 862 593 893 sed
627 861 779 903 gaudium
806 868 962 901 nostrum,
991 862 1071 895 sicut
1098 862 1142 895 di-

403 912 493 946 vinae
515 913 708 956 dignationis
730 915 874 949 voluntas
900 916 980 956 suit,
1006 926 1045 949 ne
1071 916 1143 959 plc-

402 976 479 998 num
514 974 615 1007 essct,
646 969 762 1001 sactum
790 974 835 1002 est
860 969 947 1010 gravi
974 969 1092 1002 nuncio
1114 975 1143 1002 ct

404 1018 603 1063 inexpectato
618 1021 724 1054 obitus
742 1022 845 1055 honac
864 1023 1040 1055 memoriae
1058 1022 1140 1055 Petri

401 1073 603 1115 patriarchae
638 1076 730 1108 vestri
764 1077 992 1109 Maronitarum
1026 1077 1138 1110 Antio-

402 1126 506 1167 cheni,
524 1127 578 1170 qui
592 1139 651 1171 pro
665 1132 721 1163 sua
734 1129 887 1173 pastorali
909 1130 1138 1170 sollicitudine,

401 1180 577 1214 catholicae
609 1182 773 1223 religionis
793 1184 872 1224 zelo,
889 1190 926 1217 et
951 1184 982 1216 iu
1008 1185 1142 1227 Aposto-

401 1233 494 1266 licam
512 1234 626 1267 Sedem
648 1235 771 1269 sincera
793 1236 973 1277 devotione,
993 1237 1139 1280 Sergium

400 1287 678 1332 archiepiscopum
693 1301 786 1322 suum
801 1291 931 1323 fratrem
951 1301 1139 1332 germanum

400 1340 500 1373 misit:
523 1352 586 1385 quo
607 1348 694 1376 tanto
712 1350 839 1387 pastore
857 1344 989 1377 orbatos
1014 1355 1089 1377 sane
1108 1351 1142 1377 ut

400 1405 454 1428 vos
470 1395 583 1429 merito
602 1396 711 1430 dolere
725 1407 790 1430 non
809 1397 1003 1439 dubitamus,
1023 1398 1065 1431 ita
1083 1408 1141 1431 nos

400 1448 482 1481 iusto
503 1449 665 1482 vobiscum
693 1451 805 1483 dolore
830 1451 1055 1495 compatimur.

444 1504 459 1543 ξ
479 1501 508 1535 2.
531 1503 658 1545 Verum,
680 1504 810 1548 quando
828 1504 892 1546 ille,
913 1505 1020 1539 divina
1038 1506 1141 1550 dispo·

398 1561 493 1588 nente
518 1556 707 1598 clementia,
737 1569 864 1592 cursum
892 1560 1136 1601 consummavit,

398 1615 427 1642 et
447 1609 487 1642 ad
508 1621 661 1644 coronam
684 1612 823 1646 iustitiae
845 1613 1066 1656 accipiendam
1085 1614 1139 1647 de-

397 1663 510 1703 cessit,
534 1665 694 1708 reliquum
716 1672 773 1706 est,
799 1672 846 1707 ut,
875 1676 933 1710 pro
955 1669 1057 1701 vestra
1077 1667 1138 1700 sra-

396 1718 485 1749 terna
518 1728 553 1749 ac
589 1718 678 1751 filiali
710 1718 845 1762 pietate,
874 1720 1041 1762 sacrificia⁷
1067 1731 1138 1753 ora-

397 1769 498 1802 tiones
523 1776 553 1803 et
578 1771 797 1816 eleemosynas
821 1784 881 1816 pro
903 1773 957 1806 illo
975 1774 1039 1807 Deo
1061 1774 1137 1807 offe-

393 1823 481 1863 ratis,
503 1829 548 1864 ut,
571 1824 595 1857 si
614 1825 691 1868 quid
710 1836 745 1858 ex
766 1826 868 1870 culpis
885 1835 943 1870 per
960 1826 1135 1860 humanam

394 1876 598 1918 fragilitatem
615 1878 645 1910 in
664 1878 725 1913 vita
740 1879 913 1913 contractis
930 1881 1134 1924 purgandum

394 1928 438 1961 illi
460 1936 573 1973 restat,
605 1932 890 1976 propinationibus
918 1934 1029 1968 vestris
1050 1934 1136 1968 iuve-

394 1988 456 2024 tur,
480 1990 535 2018 aut
558 1985 732 2028 gratiarum
756 1987 890 2020 actionis
916 1988 987 2021 loco
1008 1988 1059 2031 pia
1077 1988 1133 2021 hu-

395 2037 533 2071 iusmodi
549 2048 646 2082 opera
659 2040 741 2074 Deus
754 2040 918 2084 suscipiat,
935 2041 960 2074 si
978 2042 1017 2075 ad
1035 2048 1135 2075 aeter-

392 2101 453 2124 nae
470 2092 557 2135 pacis
574 2092 805 2127 beatitudinem
825 2105 882 2138 per
901 2095 1131 2128 abundantiam

392 2145 514 2185 gratiae
529 2145 644 2179 Christi
660 2147 827 2190 pervenire
841 2148 1032 2191 promeruit.
1052 2149 1133 2182 lllud

392 2203 498 2230 autem
518 2199 621 2242 (voltis
639 2199 701 2232 illis
718 2200 894 2243 loquimur,
914 2202 953 2235 ad
972 2212 1052 2245 quos
1070 2203 1133 2236 ele-

392 2251 456 2284 ctio
487 2252 559 2285 novi
585 2253 787 2296 patriarchae
817 2256 962 2298 spectat)
990 2256 1133 2300 illudque

392 2304 481 2337 cordi
509 2316 593 2345 csse,
617 2305 696 2340 illud
725 2318 778 2341 vos
804 2307 1046 2350 diligentissime
1071 2320 1129 2342 cu-

392 2367 463 2390 rare
483 2364 513 2391 ct
538 2370 554 2391 a
576 2359 713 2393 Domino
734 2360 889 2395 instanter
912 2368 1021 2406 petere
1051 2362 1132 2395 desi-

392 2410 552 2455 deramus,
569 2418 609 2452 ct,
629 2419 662 2446 ut
683 2424 716 2446 re
736 2413 804 2457 ipsa
825 2415 981 2456 efficiatis,
1001 2426 1059 2459 pro
1077 2426 1132 2460 pa-

392 2465 518 2498 storalis
544 2466 640 2499 officii
660 2467 768 2500 debito
789 2468 881 2501 enixe
901 2468 1081 2509 hortamur,
1098 2475 1132 2502 ut

392 2517 485 2551 Petro
522 2530 739 2554 successorem
777 2521 908 2564 dignum
925 2550 932 2563 ‚
971 2533 1008 2556 ac
1046 2528 1132 2556 tanto

393 2572 482 2605 oneri
512 2575 663 2615 gerendo·
691 2581 799 2619 aptum
826 2575 960 2617 eligatis.
998 2576 1128 2617 Videte,

392 2634 527 2659 necaro
560 2632 591 2659 ct
623 2628 752 2671 sanguis
782 2628 900 2662 revelet
925 2629 1032 2669 vobis,
1061 2629 1131 2673 quis

393 2677 430 2709 ad
454 2679 663 2713 ministerium
691 2692 786 2715 rurae
818 2682 987 2726 pastoralis
1014 2682 1126 2716 liuius-

990 279 1174 302 ntttLAtttttM
1195 278 1347 304 nolitANt'M

1184 326 1270 360 modi
1291 328 1530 370 promovendus
1550 328 1607 360 sit:
1632 328 1688 360 sed
1712 338 1824 362 omnes
1847 339 1921 372 par-

1183 380 1272 413 vutos
1304 386 1447 419 vestros,
1476 380 1535 414 hoc
1567 386 1614 414 est
1645 381 1754 414 omnia
1781 382 1922 415 carnalia

1183 433 1360 473 desideria,
1395 434 1433 466 ad
1465 440 1589 477 petram
1616 435 1803 476 angularem
1827 433 1920 468 Chri-

1181 493 1264 519 stum
1288 487 1390 520 lesum
1411 488 1583 521 Dominum
1615 494 1758 522 nostrum
1788 488 1921 522 alliden-

1183 546 1238 581 tes,
1263 541 1293 573 in
1315 541 1498 576 sinceritate
1517 548 1546 575 et
1566 542 1756 576 rectitudine
1776 541 1917 586 spiritus,

1179 594 1282 627 zelum
1303 595 1417 628 domus
1429 595 1482 628 Dei
1501 595 1599 629 solius
1616 601 1798 640 sequentes,
1817 595 1921 630 virum

1180 648 1287 691 eligite
1305 650 1497 693 prudentem
1522 649 1553 682 in
1571 649 1684 694 primis
1706 655 1737 683 et
1753 649 1920 693 humilem,

1180 702 1253 735 fidei
1269 702 1468 736 chatholicae
1486 703 1602 736 ardore
1615 703 1837 747 conspicuum,
1855 703 1920 748 qui,

1179 766 1252 788 cum
1275 766 1354 799 opus
1375 756 1480 796 suerit,
1504 755 1604 800 possit
1621 766 1748 790 murum
1767 767 1800 790 se
1819 766 1921 800 oppo-

1178 818 1254 841 nere
1272 819 1331 852 pro
1349 809 1446 842 domo
1467 809 1574 850 Israel,
1595 814 1625 842 et
1642 815 1772 853 paratus
1787 809 1828 843 sit
1844 809 1920 843 obe-

1179 862 1247 895 dire
1271 863 1371 905 magis
1393 863 1457 896 Deo
1472 874 1567 907 quam
1583 862 1783 905 hominibus,
1800 863 1921 908 quique

1178 916 1392 959 evangelicam
1416 917 1615 958 doctrinam,
1641 917 1720 951 ritus
1744 917 1916 958 Ecclesiae,

1177 980 1213 1002 ac
1237 980 1402 1003 sacrorum
1430 981 1590 1004 canonum
1620 971 1750 1004 decreta
1773 970 1919 1004 docendo

1179 1033 1293 1056 munus
1318 1034 1410 1056 suum
1433 1023 1611 1067 adimplere
1641 1028 1728 1057 recte
1753 1023 1865 1065 valeat,
1889 1029 1920 1057 et

1176 1086 1306 1119 gregem
1332 1077 1392 1109 sibi
1418 1077 1624 1111 commissum
1647 1077 1745 1111 verbo
1763 1084 1793 1112 et
1813 1088 1919 1112 exem-

1177 1130 1229 1174 plo
1250 1141 1381 1174 pascere
1401 1137 1430 1163 et
1456 1131 1495 1163 ad
1521 1130 1616 1164 vitam
1647 1131 1808 1165 deducere
1833 1141 1917 1165 sern-

1177 1183 1347 1227 piternam.

1220 1239 1236 1279 ξ
1257 1237 1287 1270 3.
1315 1238 1495 1278 Caeterum,
1518 1238 1671 1282 quoniam
1692 1239 1733 1272 ob
1756 1238 1842 1272 Petri
1865 1249 1918 1283 pa-

1178 1290 1335 1324 triarchae
1369 1292 1560 1332 transitum,
1592 1302 1650 1333 ea,
1675 1302 1759 1336 quae
1779 1303 1797 1325 a
1822 1292 1916 1326 nobis

1176 1351 1206 1377 ct
1229 1345 1411 1389 Apostolica
1431 1345 1511 1379 Sede
1535 1346 1737 1390 postulabat,
1761 1346 1916 1390 indugere

1174 1409 1239 1432 non
1271 1399 1381 1439 licuit,
1409 1399 1624 1433 fraternitates
1658 1411 1695 1433 ac
1726 1399 1916 1434 dilectiones

1175 1458 1293 1485 vestras
1318 1453 1399 1486 scire
1424 1453 1582 1494 volumus,
1610 1453 1826 1487 humilitatem
1856 1464 1915 1488 no-

1174 1512 1272 1539 stram
1293 1513 1322 1540 et
1343 1507 1560 1551 Apostolicam
1585 1507 1698 1541 Sedent
1726 1518 1780 1541 vos
1800 1519 1839 1541 ac
1857 1518 1916 1541 na-

1174 1559 1295 1592 tionem
1311 1566 1446 1593 vestram
1461 1560 1556 1594 unice
1574 1560 1605 1593 in
1619 1561 1756 1594 Domino
1771 1561 1915 1604 diligere,

1174 1618 1203 1645 et
1224 1612 1413 1646 memoriam
1433 1614 1527 1647 vostri
1546 1624 1604 1647 nos
1625 1613 1729 1647 facere
1747 1613 1778 1646 in
1800 1613 1916 1648 oratio-

1173 1666 1267 1700 nihus
1292 1667 1420 1708 nostris,
1445 1677 1499 1701 vos
1520 1667 1619 1701 beatis
1644 1668 1804 1712 Apostolis
1827 1677 1915 1702 com-

1173 1721 1372 1761 mendantes,
1398 1727 1430 1754 ut
1453 1721 1590 1764 eripiant
1609 1723 1667 1754 sua
1687 1721 1915 1755 intercessione

1172 1784 1187 1806 e
1204 1773 1475 1814 tribulationibus,
1492 1772 1609 1817 quibus
1623 1774 1813 1808 circumdati
1826 1775 1930 1816 estis;-

1172 1837 1230 1860 nec
1256 1827 1417 1860 deerimus
1440 1838 1594 1871 umquam
1617 1834 1754 1862 vestram
1775 1828 1808 1861 in
1828 1838 1915 1861 earn-

1171 1881 1242 1914 dem
1257 1881 1371 1914 Sedem
1386 1880 1552 1925 antiquam
1573 1887 1838 1927 constantemque
1858 1883 1914 1916 de-

1170 1934 1330 1968 vononem
1347 1936 1490 1980 paternis
1504 1935 1619 1970 officiis
1634 1941 1665 1969 et
1681 1935 1801 1979 gratiis,
1816 1946 1914 1980 quan-

1170 1994 1237 2022 tum
1259 1989 1290 2021 in
1310 1989 1447 2023 Domino
1469 1990 1676 2031 concedetur,
1700 1989 1913 2024 libentissime

1168 2042 1331 2086 prosequi.
1352 2043 1495 2085 Interim,
1517 2043 1605 2087 quod
1622 2043 1718 2076 etiam
1739 2043 1778 2076 ab
1797 2042 1912 2076 eodem

1168 2095 1278 2138 Sergio
1310 2096 1555 2140 archiepiscopo
1590 2096 1725 2140 petitum
1757 2095 1838 2137 suit,
1875 2105 1912 2129 ex

1168 2155 1257 2192 parte
1282 2149 1512 2193 omnipotentis
1532 2149 1598 2191 Dei,
1621 2149 1724 2183 Patris
1744 2159 1781 2183 ac
1794 2148 1864 2182 Filii
1882 2154 1913 2182 et

1167 2202 1303 2246 Spiritus
1332 2203 1462 2244 Sancti,
1497 2214 1533 2236 ac
1563 2203 1732 2237 beatorum
1765 2202 1848 2236 Petri
1881 2209 1912 2236 et
1943 2225 1953 2233 .

1167 2256 1256 2288 Pauli
1283 2257 1504 2300 apostolorum
1527 2257 1614 2298 eius,
1638 2255 1730 2290 vobis
1759 2255 1910 2290 omnibus

1167 2315 1197 2343 ct
1221 2309 1356 2352 singulis
1376 2310 1586 2354 apostolicam
1611 2315 1757 2344 nostram
1775 2309 1910 2344 benedi-

1167 2363 1306 2396 ctionem
1328 2363 1545 2408 impertimur.
1850 2394 1851 2397 ,

1212 2417 1227 2458 ξ
1257 2415 1287 2449 li.
1323 2416 1474 2450 Mittimus
1501 2410 1596 2450 etiam
1628 2417 1667 2450 ad
1695 2415 1910 2450 fraternitates

1167 2475 1197 2503 ct
1218 2469 1405 2503 dilectiones
1431 2475 1549 2503 vestras
1574 2470 1751 2504 iubilaeum
1779 2468 1908 2502 univer-

1167 2523 1243 2563 sale,
1266 2523 1487 2567 superioribus
1512 2523 1643 2564 diebus,
1666 2533 1726 2567 pro
1750 2532 1905 2567 praesen-

1169 2576 1251 2610 tibus
1269 2577 1429 2623 Ecclesiae
1446 2576 1700 2618 necessitatibus,
1717 2587 1735 2610 a
1749 2576 1844 2610 nohis
1861 2575 1909 2609 in-

1166 2630 1313 2672 dictum,
1349 2631 1583 2674 hortamurque
1616 2640 1692 2672 VOS,
1727 2635 1762 2664 ut
1793 2629 1908 2664 devote

1166 2689 1287 2717 tantum
1318 2683 1476 2717 Ecclesiae
1503 2683 1688 2717 thesaurum
1713 2682 1904 2727 accipiatis,

1951 1247 2072 1273 apostotica
2079 1248 2117 1270 lvo-

1930 1274 2023 1295 nedietio
2032 1275 2063 1296 eis
2071 1280 2120 1296 eon-

1930 1300 2023 1326 ceditur,

1937 2405 1963 2427 Et
1974 2405 2110 2427 tubiteaeum.

1939 278 2028 306 Aac.
2052 279 2120 308 ¹608
2165 262 2170 270 “
