2227 3241
488 266 550 300 ¹100

450 335 538 365 rum,
563 330 684 364 tenore,
712 329 741 356 et
764 323 938 367 praecipue
959 333 996 356 ex
1017 324 1187 366 consigna-

451 379 537 412 tione
551 378 689 422 quadam
708 376 864 410 mercium
886 376 919 409 in
939 376 1066 411 civitate
1079 380 1188 411 nostra

451 430 673 471 Cavallicensi‚
698 430 793 472 vulgo
814 429 974 463 busellum
992 434 1187 475 nuncupata,

451 484 604 526 stabilita)
622 483 731 516 dilecti
744 484 840 516 etiam
858 483 916 516 filii
939 484 1114 518 comitativi
1139 496 1192 519 co-

453 536 580 569 mitatus
594 535 694 569 nostri
707 536 903 580 Vemyssini,
916 546 949 570 se
962 542 1107 580 gravatos
1126 548 1193 572 esse

451 589 700 632 praetendentes
728 589 819 633 (licet
850 589 939 634 prius
966 601 1075 623 coram
1101 601 1194 635 prae-

453 642 539 675 dicto
576 642 774 686 vice-legato
812 643 964 677 adversus
994 644 1193 688 praedictam

455 696 705 731 transactionem
723 703 754 731 et
773 698 973 741 proclamata
985 708 1018 731 se
1032 698 1195 743 opposuis-

454 756 535 792 sent‚
552 750 663 795 etipse
676 750 885 794 vice-legatus
899 762 1028 785 causam
1043 758 1073 785 et
1089 757 1195 796 partes

455 806 495 838 ad
514 815 573 839 nos
594 804 719 838 ratione
738 805 993 849 praemissorum
1011 805 1194 849 remiserit),

454 869 513 903 per
533 869 646 892 eorum
676 864 806 901 agentes
832 864 862 892 et
881 864 1110 903 procuratores
1139 870 1195 892 an-

455 912 668 946 nullationem
687 917 718 945 et
738 912 950 946 cassationem
980 912 1083 946 dictae
1104 919 1194 947 tran-

456 965 609 999 sactionis
633 965 800 999 humiliter
823 966 1005 1009 petiissent:
1034 976 1112 1007 nos,
1140 977 1196 1000 au-

457 1019 531 1053 ditis
552 1019 679 1064 saepius
699 1019 732 1052 in
755 1020 1008 1054 contradictorio
1039 1021 1194 1064 partibus,

459 1073 587 1107 tandem
623 1078 837 1118 utrorumque
869 1074 998 1108 utilitati
1030 1075 1198 1108 consulere

458 1127 612 1168 volentes,
636 1132 667 1160 et
686 1127 869 1171 praedictos
888 1128 1035 1161 consules
1053 1138 1198 1161 commu—

458 1180 658 1224 nitatemque
683 1186 713 1214 et
738 1180 887 1214 homines
908 1181 1044 1214 civitatis
1071 1186 1199 1215 nostrae

458 1234 690 1268 Avenionensis
710 1245 728 1267 a
748 1234 914 1278 quibusvis
935 1235 1197 1269 excommunica-

460 1287 567 1328 tionis,
584 1287 804 1331 suspensionis
821 1293 852 1321 et
870 1288 1043 1328 interdicti,
1066 1288 1201 1332 aliisque

461 1340 684 1374 ecclesiasticis
709 1340 887 1381 sententiis,
911 1341 1054 1374 censuris
1076 1347 1107 1375 et
1123 1352 1200 1385 poe-

460 1393 521 1433 nis,
542 1404 560 1426 a
580 1393 649 1427 iure
668 1394 718 1427 vel
736 1393 775 1426 ab
796 1393 939 1435 homine,
971 1394 1082 1438 quavis
1103 1405 1198 1428 occa-

461 1447 551 1481 sione
575 1448 624 1481 vel
649 1449 745 1481 causa
765 1447 851 1488 latis,
874 1448 900 1481 si
924 1448 1041 1492 quibus
1065 1459 1202 1493 quomo—

463 1501 584 1535 dolibet
614 1500 760 1534 innodati
792 1500 949 1541 existunt,
981 1501 1022 1534 ad
1053 1501 1202 1534 effectum

462 1554 684 1598 praesentium
713 1554 881 1587 dumtaxat
912 1554 1200 1598 consequendum,

463 1608 578 1640 harum
593 1607 676 1641 serie
696 1607 897 1641 absolventes
915 1612 946 1640 et
959 1607 1122 1641 absolutos
1136 1608 1204 1641 sore

464 1666 640 1702 censentes,
653 1660 838 1694 huiusmodi
852 1660 1141 1704 supplicationibus
1158 1661 1205 1694 in-

465 1713 591 1755 clinati,
620 1718 651 1746 et
678 1713 717 1746 ad
738 1713 886 1746 effectum
908 1719 942 1746 ut
966 1713 1131 1758 praedicta
1154 1725 1205 1747 ars

464 1766 557 1800 serici
579 1766 611 1799 in
636 1766 748 1800 eadem
770 1766 896 1800 civitate
921 1777 981 1810 pro
1006 1767 1120 1800 solatio
1148 1778 1205 1811 po-

464 1820 532 1864 puli
557 1825 588 1853 et
611 1819 815 1853 subditorum
839 1824 1037 1861 nostrorum,
1060 1831 1203 1864 praeser-

466 1874 522 1907 tim
550 1884 742 1918 pauperum‚
769 1873 1001 1907 sustentatione
1029 1874 1206 1908 retineatur

466 1933 497 1962 et
521 1933 688 1970 augeatur,
718 1927 967 1961 transactionem
992 1927 1204 1971 praedictam,

467 1982 641 2026 omniaque
659 1981 691 2014 in
709 1982 745 2014 ea
763 1986 912 2014 contenta
931 1986 961 2014 et
978 1981 1053 2014 inde
1073 1987 1207 2025 sequuta

467 2046 710 2080 quaecumque,
738 2035 894 2079 praedicti
920 2041 996 2068 tunc
1021 2036 1204 2078 vicelegati,

467 2096 522 2124 aut
546 2090 613 2124 eius
638 2090 794 2123 auditoris
814 2089 1005 2123 auctoritate
1030 2095 1060 2123 ct
1079 2100 1207 2123 assensu

466 2144 609 2187 legitime
635 2143 792 2177 munitam
807 2142 827 2183 ¹,
855 2143 1045 2176 auctoritate
1074 2149 1205 2187 aposto-

467 2198 547 2239 lica,
576 2204 687 2231 tenore
711 2197 952 2241 praesentium,
980 2197 1209 2231 confirmamus

468 2259 499 2286 et
523 2252 754 2296 approbamus,
783 2251 894 2295 illique
920 2251 1113 2285 inviolabilis
1133 2262 1209 2295 apo-

468 2305 600 2339 stolicae
631 2304 794 2338 firmitatis
826 2304 926 2337 robur
950 2304 1139 2346 adiicimus,
1174 2315 1211 2338 ac

469 2370 581 2393 omnes
606 2364 637 2392 et
661 2358 804 2402 singulos
831 2364 893 2392 tam
919 2358 997 2392 iuris
1018 2369 1115 2402 quam
1138 2359 1210 2392 sacti

470 2414 633 2454 desectus,
661 2411 687 2446 si
712 2412 767 2456 qui
792 2412 931 2456 desuper
961 2411 1208 2453 intervenerint,

470 2467 677 2510 supplemus3
703 2466 742 2499 ab
763 2465 831 2509 ipsa
852 2471 958 2498 tamen
982 2465 1208 2506 transactione,

273 2521 457 2571 miiiuiii'v'ssnssssl
473 2520 605 2564 eiusque
638 2526 669 2554 et
701 2519 938 2564 proclamatum
972 2519 1210 2563 praedictorum

273 2571 440 2601 ‘'flumem-'⁵9³⁸
473 2573 627 2614 vinculis,
657 2573 845 2607 comitatum
875 2572 1105 2617 Venayssinum
1135 2573 1209 2606 uni-

249 277 300 304 An.
316 277 346 304 C.
367 276 437 305 1604

306 1990 400 2010 Clemens
421 1992 451 2010 ta-

267 2023 313 2037 men
336 2023 382 2037 eain
402 2023 450 2037 Cve-n-

267 2044 339 2065 firmat.

513 2688 521 2713 1
544 2687 614 2715 Edit.
632 2687 708 2716 Μαίη.
727 2687 809 2716 babet
824 2688 939 2717 mantea
953 2690 991 2723 (n.
1005 2688 1052 2721 τ.).

1029 276 1208 300 BULLAIRIUM
1233 277 1385 301 nomam!

2162 0 2197 86 aaa&

1977 278 2027 306 Λη.
2043 278 2072 306 C.
2093 277 2160 308 160⁴
2179 315 2182 318 Δ
2213 295 2216 298 >

1222 336 1348 359 versum
1368 335 1403 359 ae
1421 326 1489 359 eius
1506 326 1628 359 incolas
1644 331 1674 359 et
1690 336 1844 370 personas
1868 337 1963 371 quas-

1224 389 1364 424 cumque
1383 379 1510 423 penitus
1531 378 1700 413 eximimus
1720 385 1751 413 et
1772 379 1960 422 liberamus,

1225 443 1261 466 ac
1285 437 1449 476 exemptos
1474 438 1505 465 et
1524 432 1643 466 liberos
1668 442 1736 466 esse
1760 432 1909 466 volumus
1934 439 1965 466 et

1226 486 1417 519 mandamus
1433 512 1440 526 ,
1471 495 1590 529 eosque
1615 485 1648 518 in
1673 485 1788 519 eodem
1804 513 1811 526 ‚
1839 485 1872 518 in
1901 496 1965 530 quo

1227 545 1300 572 ante
1325 544 1451 582 tempus
1476 538 1700 572 transactionis
1725 544 1757 572 et
1783 539 1966 582 proclama-

1230 596 1295 625 tum
1321 591 1562 635 praedictorum
1592 590 1717 632 statu¹,
1745 591 1964 633 restituimus,

1229 645 1414 689 reponimus
1434 650 1465 678 et
1489 645 1635 689 plenarie
1651 645 1904 688 reintegramu53
1927 644 1969 679 ita

1228 705 1263 732 ut
1286 709 1346 732 nec
1363 698 1486 732 ratione
1503 704 1655 740 setarum,
1676 704 1740 732 tam
1759 698 1791 732 in
1811 698 1897 732 dicto
1917 709 1970 732 co-

1231 753 1366 792 mitatu,
1395 763 1491 797 quam
1522 752 1651 786 aliunde
1684 752 1967 796 provenientium,

1230 817 1289 840 nec
1306 806 1431 840 ratione
1452 816 1635 850 pannorum
1655 806 1845 847 sericorum,
1865 806 1971 840 cuius-

1231 870 1369 904 cumque
1387 859 1581 893 eonditionis
1601 859 1747 901 existant,
1767 859 1889 903 aliquid
1907 860 1972 893 sol-

1231 924 1304 947 vere
1321 919 1375 947 aut
1393 914 1469 947 dare
1485 913 1651 957 praedicto
1669 912 1861 957 appaltatori
1883 918 1971 947 tene-

1232 973 1337 1007 antur,
1366 973 1396 1000 et
1416 967 1488 1000 ideo
1506 966 1704 1011 praedictam
1725 965 1972 1000 Cavallicensem

1233 1019 1521 1063 consignationem,
1534 1019 1694 1053 busellum
1708 1025 1865 1060 vocatam,
1879 1018 1974 1053 eximi

1232 1074 1450 1118 praecipimus
1475 1079 1505 1107 et
1526 1073 1737 1114 mandamus3
1764 1072 1917 1118 illamque
1942 1073 1975 1107 in

1235 1127 1431 1161 territorium
1445 1126 1678 1168 Avenionense,
1700 1126 1726 1160 si
1744 1126 1787 1160 ita
1804 1126 1975 1170 praedictis

1234 1181 1419 1214 consulibus
1431 1186 1461 1214 et
1471 1179 1694 1214 communitati
1706 1189 1778 1213 cum
1792 1179 1975 1214 interventu

1236 1234 1400 1277 vicelegati
1419 1233 1597 1275 videbitur,
1618 1233 1853 1267 transferimus.

1280 1289 1296 1330 g
1317 1287 1347 1320 4.
1372 1287 1526 1320 Volumus
1545 1292 1713 1331 praeterea
1725 1292 1761 1320 ut
1778 1286 1810 1319 in
1827 1289 1865 1320 ea
1883 1292 1976 1331 parte

2016 1298 2095 1320 Pannis
2103 1293 2202 1320 sericus

1236 1353 1418 1386 pannorum
1432 1342 1620 1383 sericorum,
1637 1353 1693 1376 seu
1709 1341 1910 1376 sarcinarum
1924 1325 2201 1383 eo-Bssl'2²¹2i{¹1‚⁸0n‘ls¹¹¹²}

1236 1396 1398 1438 rumdem,
1418 1395 1450 1428 in
1471 1406 1534 1439 qua
1553 1395 1691 1438 insignia
1711 1401 1742 1429 et
1761 1405 1852 1429 arma
1875 1395 1979 1430 dictae
2183 1402 2197 1427 't

1237 1449 1371 1483 civitatis
1396 1449 1515 1493 apponi
1535 1449 1649 1490 solent,
1672 1453 1782 1482 nostra
1802 1459 1932 1493 quoque
1949 1455 1981 1483 et
2187 1444 2203 1479 z‘:

1237 1513 1459 1536 successorum
1472 1507 1658 1536 nostrorum
1670 1502 1892 1536 Romanorum
1901 1502 1980 1536 Pon·
2179 1530 2202 1548 u,

1239 1556 1373 1597 tisicum,
1397 1566 1434 1589 eo
1453 1566 1518 1599 quo
1539 1555 1631 1589 decet
1647 1555 1732 1596 loco,
1756 1560 1978 1599 apponantur;
2188 1553 2214 1598 ᾗ

1237 1615 1337 1654 utque
1354 1609 1540 1653 praedictae
1558 1608 1795 1650 transactionis,
1816 1614 1871 1642 aut
1895 1608 1977 1642 alia·

1239 1674 1311 1696 rum
1328 1663 1494 1703 similium,
1516 1662 1721 1696 confirmatio
1742 1672 1761 1695 a
1779 1661 1885 1703 nobis,
1908 1672 1981 1696 suc-
2190 1700 2194 1705 Δ
2214 1703 2215 1709 ¹

1239 1717 1485 1760 cessoribusque
1504 1716 1623 1749 nostris
1643 1716 1828 1759 praedictis,
1851 1726 1910 1760 per
1930 1715 1979 1749 di-
1995 1707 2201 1773 uosstmcoggggss

1239 1775 1306 1803 ctos
1316 1769 1463 1803 consules
1473 1774 1504 1803 et
1514 1768 1780 1802 communitatem
1791 1769 1830 1802 de
1842 1768 1982 1802 triennio
1996 1777 2073 1825 ‘ettonis
2085 1764 2200 1824 quoltiibetss
2214 1767 2216 1771 ’

1240 1825 1272 1857 in
1290 1824 1465 1858 triennium
1483 1829 1628 1868 petatur;
1649 1823 1692 1857 ita
1709 1823 1808 1867 quod,
1829 1822 1855 1856 si
1873 1823 1982 1867 elapso
2007 1809 2089 1826 ”enum
2105 1808 2130 1830 ΡΘ
2149 1818 2155 1824 ’

1243 1877 1380 1911 triennio
1400 1876 1604 1917 huiusmodi,
1627 1876 1749 1920 absque
1768 1878 1850 1910 nova
1871 1878 1983 1910 nostra

1241 1931 1507 1971 confirmatione,
1536 1930 1605 1963 iura
1629 1929 1788 1974 praedicti
1811 1929 1891 1963 bulli
1912 1929 1982 1963 exi-

1241 1991 1369 2028 gantur,
1385 1985 1466 2018 tales
1481 1984 1644 2027 exigentes
1665 1988 1696 2016 et
1716 1983 1887 2017 consilium
1902 1983 1986 2017 eius-

1242 2040 1313 2073 dem
1333 2038 1467 2071 civitatis
1485 2038 1517 2071 in
1530 2047 1668 2081 poenam
1686 2042 1853 2070 scutorum
1873 2037 1984 2070 decem
2199 2079 2201 2082 Ι

1243 2092 1379 2125 millium
1406 2091 1486 2132 auri,
1515 2091 1668 2125 Gamerae
1693 2095 1823 2123 nostrae
1851 2090 1986 2134 Aposto-
2185 2088 2201 2133 Τ

1243 2146 1322 2179 licae
1333 2145 1612 2190 applicandorum,
1625 2144 1694 2188 ipso
1707 2144 1790 2178 sacto
1804 2143 1981 2178 incurrant.

1289 2202 1304 2241 ξ
1327 2199 1356 2232 5.
1381 2199 1451 2232 Non
1476 2198 1678 2232 obstantibus
1703 2196 1985 2231 constitutionibus
2000 2199 2204 2250 'nomenante-3

1244 2258 1273 2286 et
1292 2252 1552 2286 ordinationibus
1569 2250 1766 2295 apostolicis,
1784 2250 1985 2294 caeterisque
2026 2245 2031 2250 ’

1245 2306 1415 2340 contrariis
1436 2305 1705 2349 quibuscumque.

1289 2360 1403 2393 Datum
1429 2360 1549 2392 Romae
1569 2358 1655 2402 apud
1674 2362 1819 2391 sanctum
1843 2358 1985 2391 Marcum

1246 2413 1303 2446 sub
1321 2413 1441 2446 annulo
1459 2411 1631 2445 Piscatoris
1644 2411 1695 2445 die
1706 2421 1759 2445 xtv
1777 2411 1857 2452 iulii,
1874 2421 1983 2452 a1DC1V,

1246 2466 1452 2510 pontificatus
1472 2465 1573 2499 nostri
1594 2474 1679 2498 anno
1699 2475 1770 2498 xm.

1283 2529 1341 2556 Dat.
1363 2528 1408 2555 die
1430 2529 1460 2555 14
1480 2527 1536 2555 iulii
1560 2527 1636 2562 1604,
1657 2526 1753 2562 pontif.
1776 2534 1820 2554 an.
1842 2533 1898 2553 xiii.

1285 2600 1294 2625 1
1320 2598 1439 2626 Erronee
1457 2597 1596 2633 legebatur
1611 2597 1642 2624 in
1658 2596 1766 2630 eodem,
1781 2597 1813 2625 in
1833 2605 1921 2632 (μιο...
1933 2599 1989 2625 sta-

1249 2645 1320 2678 tum,
1338 2643 1410 2678 quod
1426 2641 1523 2677 corrigi
1538 2641 1620 2668 etiam
1636 2644 1727 2677 posset
1740 2641 1773 2669 in
1793 2641 1936 2676 eumdem,
1956 2640 1989 2669 in
2210 2663 2211 2666 ,

1250 2695 1340 2723 (μισ...
1358 2689 1452 2722 erant,
1468 2688 1578 2715 statum
1598 2686 1635 2721 (R.
1652 2685 1700 2720 T.).
2212 2678 2227 2714 ³1
