2227 3241
246 283 293 310 An.
313 283 339 309 C.
362 284 429 310 tt3o8

293 450 368 471 Mauri-1
384 455 428 468 nia-

245 479 309 497 cislro
327 476 428 496 ιιιιΙιιιΙιικ

244 506 263 523 ot
273 509 368 528 personis
379 502 427 522 ilirti

243 530 429 554 (jrtltnt<[)t‘'*t·.tlo-

244 563 288 577 ruin
322 557 427 576 rrnusuiu-

243 590 289 603 nem
306 583 413 608 elargitur.

276 1564 422 1590 Exeqnutoms

238 1591 299 1611 baius
320 1592 423 1612 coiistitn-

236 1617 300 1638 tionis
316 1618 409 1645 deputat.

258 2412 374 2434 Contrariis
385 2413 420 2434 de-

238 2443 305 2465 rugat.

475 275 539 307 468

443 330 672 374 superioritati,
690 336 720 363 et
733 330 935 362 obedientiae
950 330 1024 363 dicti
1040 331 1181 372 magistri

444 384 632 415 subiicimus
649 389 675 414 ct
695 383 918 426 supponimus.

490 442 505 476 ᾗ
530 436 576 468 ll.
602 436 778 474 Postremo,
797 436 836 468 ad
850 436 1028 476 augendam
1055 436 1181 469 cliristi-

445 490 586 521 fidelium
611 489 813 522 devotionem
836 496 865 522 et
894 490 1074 522 animarum
1096 490 1181 522 salu-

445 549 505 575 tem
533 543 782 585 procurandam,
806 543 845 575 (le
870 543 1099 586 omnipotentis
1127 543 1180 576 Dei

444 595 676 634 misericordia,
701 606 736 628 ac
751 595 918 628 beatorum
943 596 1023 628 Petri
1046 602 1075 629 et
1093 596 1180 628 Pauli

441 649 661 691 apostolorum
679 648 868 681 auctoritate
882 648 1004 689 contisi,
1018 649 1180 690 magistro,

442 702 596 734 militibus
613 707 643 734 et
662 703 731 735 aliis
749 703 895 746 personis
916 703 1088 746 praedictis
1109 713 1181 736 vere

440 755 680 798 poenitentibus
701 761 731 788 et
752 756 913 794 confessis,
935 766 971 788 ac
984 758 1072 788 sacra
1090 755 1181 789 Com-

440 808 595 840 munione
612 808 748 847 refectis,
772 814 833 840 tam
857 808 888 839 in
910 808 972 848 die,
994 810 1056 851 qua
1077 808 1108 840 in
1127 808 1177 841 di—

439 862 488 893 eta
510 861 623 893 militia
643 861 872 904 professionem
889 861 1065 901 emiserint,
1083 872 1179 904 quam
1197 893 1198 905 ἢ

437 914 573 955 ‚singulis
605 914 696 946 annis
729 914 759 946 in
790 914 867 947 festo
895 915 1038 947 eiusdem
1070 910 1198 955 beatae}

438 966 553 999 Mariae
567 967 704 1008 Virginis
725 968 764 1000 de
785 968 890 1000 Monte
904 968 1048 1001 Carmelo
1062 967 1112 1000 die
1126 968 1180 1000 de·
1197 1007 1198 1011 Ἰ

438 1019 609 1052 cimasexta
632 1020 699 1052 iulii
719 1020 873 1053 celebrari
894 1021 1001 1060 solito,
1030 1031 1047 1052 a
1068 1021 1179 1064 primis

438 1073 578 1115 vesperis
599 1084 700 1116 usque
721 1074 759 1105 ad
774 1083 923 1106 occasum
942 1073 1017 1106 solis
1035 1074 1178 1107 eiusdem

437 1126 516 1165 festi,
541 1132 573 1159 et
593 1126 689 1159 etiam
718 1126 749 1159 in
771 1137 882 1173 eorum
907 1127 1018 1160 mortis
1043 1127 1180 1160 articulo

436 1179 550 1211 saltem
572 1179 718 1223 contritis
743 1190 779 1212 ac
800 1190 918 1213 nomen
939 1181 1009 1213 Iesu
1029 1180 1138 1220 corde,
1154 1180 1179 1213 si

437 1241 492 1263 ore
513 1232 726 1275 nequiverint,
751 1232 984 1273 invocantibus
1002 1233 1178 1276 plenariam

437 1285 583 1318 omnium
606 1291 814 1329 peecatorum
841 1296 973 1319 suorum
1004 1287 1176 1329 indulgen·
1196 1302 1197 1308 ι

438 1339 513 1371 tiam
533 1346 563 1372 et
579 1340 813 1379 remissionem,
831 1340 914 1373 dicta
932 1340 1108 1384 apostolica
1124 1351 1178 1373 au·
1195 1361 1197 1378 ι

437 1392 597 1430 ctoritate,
612 1393 798 1426 earumdem
816 1399 926 1426 tenore
944 1394 1175 1437 praesentium,

439 1445 692 1479 misericorditer
713 1447 743 1479 in
768 1447 905 1480 Domino
926 1453 1083 1491 perpetuo
1104 1457 1179 1480 con-

438 1499 583 1532 cedimus
601 1505 631 1532 et
652 1500 837 1541 elargimur.

483 1552 569 1591 ste.
594 1554 749 1592 Quocirca
775 1555 899 1587 dilectis
923 1555 998 1587 liliis
1022 1555 1196 1592 Ariciensi¹

1023 283 1197 307 BULLAtttUM
1224 282 1373 305 ROMANUM

1220 329 1299 369 licis,
1317 329 1378 362 illis
1392 329 1586 373 illarumque
1600 331 1813 374 praesulibus,
1835 332 1957 375 capitu-

1218 383 1265 422 lis,
1282 383 1501 424 conventibus,
1519 384 1739 427 superioribus
1751 390 1782 417 et
1795 386 1952 428 personis,

1217 436 1275 467 sub
1294 436 1554 480 quibuscumque
1584 437 1749 470 tenoribus
1775 444 1805 470 et
1829 439 1953 479 formis,

1217 499 1340 522 aecum
1363 489 1526 533 quibusvis
1548 490 1698 524 clausulis
1712 496 1742 523 et
1756 491 1902 531 decretis,
1925 493 1956 525 in

1217 543 1412 576 contrarium
1435 543 1862 586 quomodolibetconcessis.
1883 545 1956 583 Qui-

1216 595 1275 628 bus
1296 596 1458 635 omnibus
1483 595 1606 628 etiamsi
1621 596 1659 629 de
1675 596 1736 629 illis
1760 597 1955 640 illorumque

1217 649 1289 682 totis
1316 650 1480 682 tenoribus
1515 649 1680 693 specialis,
1714 650 1876 694 specifica,
1904 662 1956 684 ex-

1217 713 1324 745 pressa
1346 714 1381 735 ac
1403 703 1577 743 individua,
1595 714 1659 736 non
1677 710 1783 736 autem
1798 714 1856 747 per
1869 704 1955 738 clau-

1215 756 1300 788 sulas
1320 757 1487 798 generales
1500 756 1583 789 idem
1597 756 1816 800 importantes,
1834 758 1955 791 mentio

1216 819 1272 842 scu
1290 810 1421 853 quaevis
1440 809 1501 842 alia
1520 809 1683 853 expressio
1698 810 1847 844 habenda
1861 811 1954 851 soret,

1217 862 1277 895 illis
1291 862 1368 895 alias
1386 863 1417 895 in
1435 873 1494 895 suo
1509 862 1625 896 robore
1646 863 1875 906 permansuris,
1896 863 1955 897 bac

1216 914 1282 947 vice
1300 916 1464 948 dumtaxat
1484 915 1667 959 specialiter
1688 922 1716 949 et
1737 927 1884 960 expresse
1901 917 1954 950 dc-

1215 978 1386 1009 rogamus,
1408 968 1577 1001 contrariis
1605 968 1881 1012 quibuscumque3
1902 975 1954 1002 aut

1196 1024 1198 1056 ἶ
1215 1020 1239 1053 si
1260 1021 1433 1064 aliquibus,
1451 1021 1667 1054 communiter
1687 1022 1734 1054 vel
1753 1022 1891 1061 divisim,
1915 1022 1954 1055 ab

1215 1074 1397 1116 Apostolica
1416 1074 1455 1106 sit
1481 1074 1561 1107 Sede
1586 1075 1750 1118 praedicta
1771 1075 1929 1108 indultum
1944 1102 1951 1115 ,

1215 1126 1301 1169 quod
1323 1126 1481 1167 interdici,
1499 1127 1650 1170 suspendi
1669 1128 1716 1160 vel
1735 1129 1954 1161 excommuni-

1215 1179 1279 1212 cari
1301 1190 1364 1212 non
1386 1180 1509 1223 possint
1528 1191 1585 1224 per
1606 1180 1728 1213 litteras
1751 1181 1950 1224 apostolicas,

1214 1243 1278 1266 non
1301 1233 1454 1266 facientes
1482 1234 1609 1276 plenam
1640 1240 1670 1266 et.
1701 1244 1882 1278 expressam
1918 1245 1955 1268 ae

1215 1286 1253 1319 de
1268 1287 1365 1319 verbo
1376 1287 1415 1320 ad
1431 1286 1561 1319 verbum
1578 1287 1616 1319 de
1632 1287 1755 1320 indulto
1768 1287 1953 1320 huiusmodi

1215 1340 1422 1373 mentionem.

1195 1386 1197 1424 l
1259 1395 1274 1435 ξ
1296 1393 1348 1426 14.
1370 1393 1464 1432 Nulli,
1486 1399 1556 1434 etc„
1578 1400 1706 1427 nostrae
1727 1394 1950 1436 absolutionis,

1195 1455 1197 1494 ζ
1214 1449 1396 1489 erectionis,
1418 1448 1637 1489 institutionis,
1654 1449 1889 1492 applicationis,
1908 1449 1954 1482 in-

1195 1498 1391 1541 'dultorum,
1413 1502 1641 1545 dispositionis,
1670 1503 1894 1546 exemptionis,
1918 1503 1954 1536 li-

1214 1555 1388 1588 bcrationis
1404 1583 1409 1592 ,
1434 1555 1665 1598 suppositionis
1679 1582 1686 1595 ‚
1711 1555 1927 1589 concessionis
1941 1583 1948 1596 ‚

439 1611 469 1638 et
488 1606 692 1639 Damascensi
720 1618 756 1639 ae
785 1608 955 1640 l'arisiensi
988 1608 1178 1641 officialibus
1194 1598 1196 1651 l
1214 1609 1367 1645 mandati,
1390 1608 1607 1649 derogationis
1633 1615 1663 1642 et
1688 1609 1886 1651 elargitionis
1906 1609 1954 1642 in-

437 1669 495 1702 per
516 1660 691 1703 apostolica
720 1661 837 1703 scripta
868 1661 1074 1701 mandamus,
1098 1672 1177 1704 qua-
1194 1658 1195 1700 l
1212 1662 1353 1702 fringere
1376 1663 1423 1695 vel
1446 1663 1472 1695 ei
1495 1672 1572 1694 ausu
1593 1662 1764 1699 temerario
1779 1663 1949 1696 contraire.

1967 285 2015 311 An.
2031 284 2059 312 C.
2080 284 2155 319 1608

2017 1403 2154 1424 Sanctionem

1968 1430 2078 1455 pot-nalem
2086 1430 2152 1451 :id-tit.

438 1717 530 1745 tenus
551 1712 622 1756 ipsi,
646 1713 691 1746 vel
715 1713 791 1752 duo,
810 1719 864 1746 aut
878 1724 959 1746 unns
972 1724 1097 1754 eorum,
1121 1725 1178 1758 per
1193 1716 1195 1746 ἑ
1211 1715 1240 1748 Si
1263 1716 1334 1759 quis
1354 1721 1459 1748 autem
1479 1715 1539 1748 boe
1556 1721 1712 1748 attentare
1730 1726 1965 1759 praesumpse-·

437 1776 481 1805 se,
494 1766 541 1798 vel
552 1766 663 1807 alium,
677 1777 733 1799 seu
751 1766 840 1809 alios,
859 1767 1177 1801 saciantauctoritate
1193 1762 1195 1780 ²
1213 1768 1266 1806 rit,
1292 1768 1545 1810 indignationem
1571 1768 1801 1812 omnipotentis
1821 1769 1894 1808 Dei,
1915 1779 1951 1802 ac

436 1821 546 1851 nostra
566 1826 750 1862 praesentes
776 1820 898 1852 litteras
926 1827 956 1853 et
980 1820 1011 1853 in
1034 1820 1078 1854 eis
1099 1831 1175 1853 con·
1193 1819 1195 1864 ᾗ
1212 1815 1379 1854 beatorum
1398 1821 1483 1854 Petri
1497 1827 1528 1855 et
1542 1822 1630 1854 Pauli
1649 1822 1868 1865 apostolorum
1884 1822 1951 1855 eius

437 1872 601 1912 tenta,ubi
623 1879 651 1906 et
673 1873 802 1916 quando
828 1883 908 1916 opus
934 1873 1039 1913 fuerit,
1064 1874 1173 1917 publi·
1193 1867 1243 1918 ise
1265 1875 1389 1907 noverit
1408 1874 1625 1907 incursurum.

436 1925 512 1963 cari,
537 1931 568 1958 et
592 1926 631 1958 ab
660 1926 811 1958 omnibus
839 1927 877 1959 ad
904 1937 984 1970 quos
1004 1932 1126 1970 spectat
1147 1924 1194 1965 etl
1256 1928 1367 1959 Datum
1386 1928 1505 1960 Romae
1523 1927 1609 1970 apud
1629 1934 1772 1961 sanctum
1795 1928 1946 1969 Marcum,

435 1979 593 2021 spectabit
614 1979 645 2011 in
669 1981 811 2012 futurum
836 1980 972 2012 tirmiter
999 1981 1172 2021 observari,
1192 1969 1194 2011 l
1211 1991 1295 2014 anno
1323 1981 1555 2013 incarnationis
1586 1981 1772 2014 Dominicae
1803 1991 1947 2023 Μυονιιι,

435 2042 499 2064 non
524 2032 745 2075 permittentes
772 2033 887 2065 milites
914 2033 1095 2076 praedictos
1120 2034 1175 2067 de·
1191 2026 1193 2076 l
1210 2045 1261 2068 xiv
1283 2035 1434 2068 kalendas
1465 2034 1590 2074 martii,
1618 2034 1825 2077 pontificatus
1848 2035 1949 2068 nostri

435 2095 533 2128 super
557 2096 575 2117 a
596 2096 758 2129 quoquam
786 2086 1031 2129 quomodolibet
1060 2087 1174 2119 ntolcs-
1191 2079 1193 2128 l
1210 2098 1294 2121 anno
1314 2099 1358 2121 111.

437 2137 507 2177 tari;
531 2138 785 2172 contradictores
805 2139 965 2182 quoslibet
979 2145 1009 2172 et
1027 2140 1172 2179 rebelles,
1191 2129 1193 2193 l
1246 2150 1305 2177 Dat,
1323 2150 1366 2177 (ite
1382 2150 1416 2177 16
1430 2150 1557 2177 februarii
1576 2150 1654 2182 1608,
1671 2152 1766 2186 pontif.
1788 2159 1831 2178 an.
1850 2157 1886 2178 ιιι.

435 2200 471 2223 ac
492 2191 676 2233 praemissis
697 2202 759 2224 non
787 2198 946 2235 parentes,
969 2203 1027 2235 per
1047 2197 1193 2237 senten-1

435 2242 512 2282 tias,
545 2254 696 2277 censuras
726 2250 753 2277 et
784 2255 902 2288 poenas
931 2241 1193 2295 ecclesiasticas}

435 2297 562 2340 aliaque
580 2303 763 2341 opportuna
784 2298 861 2330 iuris
879 2305 909 2331 et.
927 2299 999 2331 sacti
1018 2299 1171 2339 remedia,
1190 2298 1192 2312 ¹

436 2350 652 2393 appellatione
672 2351 859 2394 postposita,
883 2352 1126 2395 compescendo.
1190 2313 1193 2394 l

481 2405 497 2445 ἕ
513 2403 563 2436 13.
585 2404 653 2437 Non
672 2403 873 2437 obstantibus
891 2404 1175 2438 constitutionibus

438 2462 468 2489 et
484 2458 742 2491 ordinationibus
755 2458 950 2501 apostolicis,
970 2469 1006 2491 ac
1027 2459 1174 2491 ecclcsia-

438 2521 508 2543 rum
530 2511 781 2557 praedictarum,
799 2511 989 2548 iuramento,
1004 2512 1175 2544 confirma-

439 2563 523 2596 tione
544 2564 730 2607 apostolica‚
752 2565 798 2597 vel
820 2564 929 2607 quavis
947 2564 1099 2597 firmitate
1113 2564 1174 2597 alia
1254 2563 1456 2596 Militantium
1475 2563 1629 2596 Ordinum
1651 2564 1818 2604 institutio,
1839 2564 1946 2607 reipu-

439 2617 605 2658 roboratis,
619 2618 744 2649 statutis
758 2623 789 2649 et.
802 2617 1097 2654 consuetudinibus,
1111 2617 1175 2660 pri·
1209 2616 1311 2649 blieae
1323 2616 1514 2649 christianae
1527 2616 1612 2649 utilis
1631 2623 1661 2649 et
1681 2617 1858 2651 catholicae
1870 2618 1943 2651 fidei

438 2670 558 2712 vilegiis
579 2681 720 2714 quoque,
737 2671 868 2704 indultis
880 2669 1036 2704 etlitteris
1049 2676 1173 2713 aposto·
1210 2671 1327 2705 tutelae
1355 2677 1383 2704 et
1415 2670 1637 2714 propagationi
1666 2672 1811 2714 prolicua
1838 2672 1944 2705 futura

1210 2301 1400 2344 Sequuntur
1422 2301 1609 2344 pontificiae
1638 2301 1860 2334 ordinationes
1875 2327 1882 2341 ,
1909 2300 1948 2333 de

1252 2351 1372 2394 quibus
1391 2352 1426 2384 in
1449 2352 1592 2384 rubrica.

1452 2450 1562 2476 Paulus
1579 2450 1656 2483 Papa
1672 2450 1704 2480 V,

1331 2493 1367 2520 ad
1387 2496 1562 2527 perpetuam
1582 2493 1625 2520 rei
1646 2493 1824 2520 memoriam.

1986 2583 2106 2605 Exordium.
