2227 3241
231 271 280 297 An.
297 271 326 297 o.
346 270 411 298 1602
459 261 499 294 88

266 756 321 776 lilrrn
338 755 415 779 ιιΙιιιμιιε

231 784 283 802 ritu»
301 788 319 800 ιιι
354 788 365 800 ιι

231 808 335 828 sacnti-:io

234 835 318 854 vanilus.

249 1556 318 1576 Piust
335 1555 418 1575 unsa-ile

236 1589 418 1602 Nlsslilnllllll¹lllt'ss·

235 1610 280 1629 dan
297 1612 317 1629 ct.
330 1615 419 1634 imprimi

235 1638 301 1656 curat.

259 1985 355 2006 Nonnulli
367 1988 422 2011 pust-

238 2012 321 2032 modum
338 2019 356 2032 ιιι

239 2045 321 2059 errores
334 2044 422 2064 inrepse-

240 2068 293 2086 rant.

374 2012 421 2032 illud

713 317 868 350 CCCXLVI
874 344 878 348 .

452 425 592 458 Missalis
617 424 754 456 [fontani
774 434 793 456 α
815 423 869 456 Pio
890 423 915 455 V
930 424 1008 456 editi
1024 425 1142 458 iterata

569 476 724 509 restitutio
749 480 777 508 et
802 475 1023 518 approbatio&

606 580 760 611 Clemens
781 580 874 621 Papa
896 580 992 618 VIII,

570 645 605 671 ad
627 643 760 671 futuram
779 643 823 671 rei
842 643 1024 671 memoriam.

475 741 553 774 Cum
571 740 810 774 sanctissimum
828 740 1048 774 Eucharistiae
1060 752 1167 775 sacra-

370 786 415 826 }L‘i‘f
432 799 587 835 mentum,
604 804 669 837 quo
683 804 741 827 nos
759 793 903 827 Christus
915 794 1070 828 Dominus
1087 795 1168 829 sacri

430 846 478 879 sui
499 846 646 890 corporis
663 846 835 890 participes
849 846 957 887 efficit,
973 852 1069 891 atque
1083 848 1168 891 apud

431 909 489 931 nos
525 909 628 942 usque
648 899 688 932 ad
706 899 1022 933 consummationem
1049 900 1168 933 saeculi

431 962 625 995 permanere
650 952 802 994 decrevit,
832 953 1007 986 maximum
1033 953 1074 986 sit
1093 963 1165 986 om-

431 1004 521 1038 nium
542 1004 840 1046 Sacramentorum,
859 1005 1005 1049 illudque
1025 1005 1057 1038 in
1077 1016 1168 1039 sacro

433 1057 548 1091 missae
568 1057 728 1091 sacrificio
749 1068 809 1101 pro
829 1058 969 1102 peccatis
989 1058 1086 1092 totius
1109 1069 1168 1102 po-

432 1110 500 1154 puli
521 1110 586 1143 Deo
607 1110 693 1144 Patri
722 1110 896 1151 offertum-3
929 1121 1006 1144 sane
1036 1111 1169 1145 omnino

432 1163 625 1196 conveniens
654 1168 701 1196 est
720 1169 755 1196 ut
775 1163 829 1207 qui
850 1173 962 1197 omnes
990 1174 1089 1196 unum
1111 1174 1147 1197 su

434 1227 505 1249 mus
532 1216 563 1249 in
584 1226 642 1249 suo
664 1226 814 1260 corpore,
839 1217 927 1260 quod
947 1222 995 1249 est
1014 1217 1166 1257 Ecclesia,

432 1275 462 1301 et
483 1269 522 1302 dc
542 1279 607 1302 uno
633 1278 768 1312 corpore
786 1268 899 1302 Christi
919 1268 1167 1312 participamus,

433 1325 495 1356 una
513 1328 543 1356 et
556 1323 668 1356 eadem
685 1322 764 1355 illud
777 1321 972 1355 sacrificium
986 1322 1170 1356 celebrandi

433 1378 570 1418 ratione,
594 1377 756 1421 uniusque
787 1376 885 1410 officii
907 1382 937 1410 et
957 1376 1038 1409 ritus
1055 1376 1168 1410 obser-

435 1432 561 1464 vatione
582 1431 613 1463 in
633 1431 693 1464 hoc
710 1429 864 1464 ineffabili
883 1435 914 1463 et
934 1430 1104 1464 tremendo
1124 1441 1172 1464 sa-

434 1486 555 1519 crificio
574 1491 714 1518 utamur.

479 1541 495 1582 ξ
511 1539 540 1572 l.
557 1539 647 1578 Quod
662 1549 734 1571 cum
749 1537 885 1571 Romani
898 1538 1069 1572 Pontifices
1081 1549 1174 1582 prae-

436 1594 622 1626 decessores
643 1592 744 1625 nostri
765 1603 894 1636 sempcr
910 1592 1060 1636 optarint,
1079 1598 1174 1636 atque

437 1647 468 1679 in
486 1646 548 1679 hoc
561 1646 616 1679 diu
635 1646 839 1689 multumque
854 1646 1052 1687 dcsudm‘int,
1064 1652 1129 1679 tum
1142 1646 1173 1678 in

435 1700 548 1744 primis
569 1698 674 1732 seticis*
690 1698 923 1731 recordationis
948 1698 1023 1731 Pius
1050 1699 1135 1743 Papa
1152 1700 1173 1731 V

436 1753 558 1786 Missale
583 1753 764 1785 Romanum
786 1762 822 1784 ex
843 1752 975 1785 decreto
995 1752 1078 1785 sacri
1099 1753 1176 1787 Con-

437 1806 501 1840 cilii
518 1805 697 1839 Tridentini
715 1805 754 1838 ad
772 1810 911 1838 veterem
931 1810 963 1838 et
980 1805 1172 1839 emendatio-

437 1871 504 1894 rem
517 1870 665 1894 normam
680 1858 815 1900 restitui,
830 1860 1017 1903 Romaeque
1031 1859 1174 1903 imprimi

438 1914 570 1948 curavit.

482 1970 499 2010 g
520 1968 549 2000 2.
578 1967 636 2007 Qui
659 1966 716 2000 etsi
739 1966 847 2000 multis
868 1966 1043 2010 propositis
1063 1966 1176 2010 poenis

438 2020 639 2054 severissime
659 2020 790 2060 caverit,
807 2030 847 2052 ne
864 2019 941 2064 quid
958 2020 1005 2052 illi
1018 2020 1066 2053 vel
1080 2020 1177 2053 adde-

439 2080 540 2115 retur,
558 2074 607 2107 vel
627 2074 693 2107 ulla
713 2073 838 2107 ratione
856 2073 1053 2114 demeretur,
1071 2079 1177 2106 tamen

439 2138 612 2172 progressu
626 2127 791 2171 temporis,
805 2126 870 2159 sive
891 2126 1178 2171 typographomun,

439 2181 503 2214 sive
520 2180 660 2214 aliorum
682 2179 847 2213 temeritas
868 2185 898 2213 et
914 2179 1049 2213 audacia
1064 2179 1178 2219 effecit,

440 2239 475 2267 ut
502 2234 550 2267 his
579 2233 803 2278 superioribus
833 2232 925 2266 annis
954 2233 1046 2266 multi
1066 2233 1099 2265 in
1120 2243 1175 2273 ea,

440 2298 522 2331 quae
543 2287 786 2320 excudebantur
806 2286 959 2327 missalia,
983 2296 1110 2319 errores
1130 2285 1176 2318 ir-

441 2340 612 2384 repserint,
627 2340 745 2384 quibus
765 2339 979 2373 vetustissima
995 2339 1051 2372 illa
1067 2339 1177 2373 Sacro-

441 2404 513 2426 rum
531 2393 710 2427 Bibliorum
731 2392 854 2433 versio,
883 2403 967 2436 quae
987 2392 1083 2426 etiam
1106 2398 1180 2426 ante

441 2447 541 2480 sancti
555 2445 742 2491 Hieronymi
757 2451 904 2490 tempora
920 2445 1056 2480 celebris
1072 2445 1181 2479 habita

482 2582 490 2606 1
513 2579 626 2607 Missalis
645 2578 869 2607 reformationem
890 2578 949 2606 vide
964 2578 991 2605 in
1008 2577 1046 2605 Pii
1061 2578 1081 2604 V
1097 2578 1180 2605 Cons-

444 2624 514 2651 titul.
530 2631 617 2652 cxcvii
635 2626 694 2658 Quo
710 2624 846 2659 primum
864 2623 903 2658 (in
919 2623 946 2651 h.
964 2631 991 2651 n.
1007 2622 1073 2651 edit.
1094 2629 1180 2658 ctxvt,

446 2672 508 2696 tom.
530 2675 574 2703 vu,
595 2677 655 2706 pag.
676 2668 749 2703 839).

1009 267 1191 292 BULLARlUM
1212 268 1365 293 ROMANUM

1198 316 1290 350 estin
1302 317 1453 358 Ecclesia,
1470 323 1551 351 etex
1564 328 1628 361 qua
1646 327 1759 351 omnes
1776 318 1844 351 sere
1862 317 1938 351 mis-

1198 380 1306 403 sarum
1327 370 1478 404 introitus
1506 376 1536 404 et
1562 381 1645 414 quae
1679 370 1832 404 dicuntur
1859 381 1934 413 gra-

1199 423 1307 456 dualia
1320 429 1350 457 et
1363 423 1529 457 offertoria
1547 429 1677 467 accepta
1695 429 1780 464 sunt,
1804 423 1938 457 omnino

1198 477 1324 510 sublata
1343 482 1400 517 est3
1417 476 1627 520 epistolarum
1647 481 1679 509 et
1696 476 1938 519 evangeliorum

1200 535 1312 570 textus,
1329 529 1383 573 qui
1404 529 1572 573 hucusque
1589 529 1621 562 in
1635 529 1804 563 missarum
1822 530 1940 563 solem-

1200 582 1260 615 niis
1274 583 1375 616 lectus
1386 588 1443 623 est,
1459 582 1567 616 multis
1581 582 1612 615 in
1627 582 1706 616 locis
1718 582 1936 626 perturbatus;

1201 636 1278 680 ipsis
1294 636 1466 679 evangeliis
1491 636 1633 669 diversas
1654 641 1685 670 et
1700 645 1835 679 prorsus
1854 635 1940 669 inso—

1202 688 1258 722 lita
1277 689 1420 732 praefixa
1433 689 1536 729 initia;
1552 688 1693 733 plurima
1710 688 1850 732 denique
1865 698 1940 732 pas-

1201 741 1261 774 sim
1282 752 1342 786 pro
1363 741 1498 775 arbitrio
1513 741 1683 775 immutata
1700 741 1775 775 sint:
1789 740 1880 774 cuius
1893 741 1940 774 rei

1202 799 1386 838 praetextus
1414 794 1512 828 fuisse
1538 795 1676 835 videtur,
1700 800 1736 827 ut
1760 793 1870 827 omnia
1899 793 1940 827 ad
1992 821 1997 825 .

1202 848 1437 892 praescriptum
1467 849 1641 882 Sacrorum
1671 848 1851 882 Bibliorum
1872 847 1941 880 vul-

1202 907 1295 945 gatae
1322 901 1473 935 editionis
1506 906 1754 942 revocarentur,
1786 900 1878 945 quasi
1908 900 1941 934 id

1202 954 1298 988 alicui
1320 954 1452 998 propria
1473 955 1675 996 auctoritate,
1698 960 1794 998 atque
1806 955 1942 998 Aposto-

1203 1008 1264 1041 lica
1284 1009 1366 1042 Sede
1386 1008 1585 1049 inconsulta,
1611 1008 1716 1041 facere
1739 1007 1864 1040 licitum
1888 1006 1938 1041 sit.

1248 1063 1264 1103 ξ
1289 1061 1319 1094 3.
1348 1061 1440 1100 Quod
1465 1072 1523 1095 nos
1549 1061 1852 1102 animadvertentes,
1882 1070 1942 1104 pro

1204 1116 1313 1148 nostra
1326 1114 1478 1158 pastorali
1492 1114 1707 1156 solicitudine,
1717 1123 1780 1157 qua
1792 1113 1944 1147 omnibus

1204 1167 1236 1200 in
1262 1167 1369 1207 rebus,
1393 1172 1424 1200 et
1444 1166 1618 1211 praecipue
1639 1167 1670 1200 in
1692 1171 1820 1200 sanctae
1839 1166 1944 1200 Eccle-

1204 1220 1269 1253 siae
1289 1219 1420 1260 ritibus,
1452 1219 1608 1263 optimam
1637 1230 1774 1263 eamque
1800 1224 1943 1252 veterem

1205 1283 1354 1306 normam
1383 1273 1549 1306 studemus
1578 1273 1659 1306 tueri
1684 1278 1715 1306 et
1738 1282 1942 1313 conservare,

1206 1326 1399 1370 primodicta
1426 1325 1564 1359 Missalia
1594 1326 1752 1370 impressa
1782 1326 1842 1359 sub
1874 1325 1945 1369 ipso

1205 1380 1261 1414 Pio
1287 1381 1309 1412 V
1335 1380 1420 1413 edita
1451 1380 1576 1422 integre
1600 1390 1637 1413 ex
1657 1379 1809 1413 omnibus
1835 1379 1947 1423 prohi-

1206 1433 1275 1467 beri
1299 1433 1510 1475 et'abrogari,
1531 1443 1711 1477 eorumque
1728 1443 1821 1466 usum
1842 1432 1876 1465 in
1896 1443 1947 1466 ce-

1207 1486 1387 1520 lebratione
1414 1487 1532 1520 missae
1545 1486 1692 1520 interdici
1707 1486 1868 1527 iussimus,
1885 1485 1946 1519 nisi

1207 1541 1247 1574 ad
1263 1540 1500 1584 praescriptum
1525 1540 1708 1583 exemplum
1729 1540 1944 1573 emendaren-

1208 1600 1259 1627 tur
1273 1606 1280 1634 ·,
1304 1594 1420 1627 deinde
1441 1593 1666 1627 mandavimus
1678 1593 1842 1626 nonnullis
1854 1603 1948 1626 vene-

1209 1647 1317 1680 rabilis
1336 1646 1488 1680 fratribus
1502 1646 1620 1679 nostris
1634 1651 1764 1679 sanctae
1784 1647 1948 1679 Romanae
2000 1657 2004 1661 ·

1209 1699 1367 1733 Ecclesiae
1386 1699 1618 1740 cardinalibus,
1650 1699 1682 1732 in
1709 1699 1807 1733 sacris
1833 1699 1948 1732 litteris

1209 1753 1342 1786 versatis
1366 1759 1396 1786 et
1416 1752 1650 1786 ecclesiasticae
1668 1752 1867 1796 antiquitatis
1886 1763 1946 1796 pe-

1210 1806 1297 1848 ritis,
1320 1812 1355 1840 ut
1380 1817 1490 1839 curam
1516 1806 1639 1846 Missale
1663 1806 1703 1839 ad
1728 1805 1898 1849 pristinam
1919 1812 1950 1839 et

1210 1871 1306 1903 quani
1328 1859 1465 1893 maxime
1479 1859 1683 1892 emendatam
1705 1859 1840 1891 sormam
1859 1858 1951 1892 resti-

1211 1912 1319 1946 tuendi
1337 1912 1548 1956 susciperent,
1566 1911 1621 1955 qui
1642 1922 1702 1955 pro
1720 1914 1777 1945 sua
1798 1921 1873 1954 erga
1893 1921 1952 1944 nos

1211 1965 1285 2007 tide,
1310 1965 1392 1998 etin
1418 1966 1596 1998 Romanam
1626 1964 1802 1998 Ecclesiam
1833 1964 1953 2008 pietate

1211 2024 1241 2052 et
1258 2018 1375 2059 studio,
1400 2018 1552 2052 adhibitis
1566 2018 1661 2051 etiam
1680 2017 1751 2051 aliis
1772 2028 1881 2051 rerum
1900 2027 1952 2051 ec-

1211 2072 1466 2106 clesiasticarum
1486 2071 1597 2115 peritis
1617 2077 1648 2105 et
1666 2071 1802 2105 eruditis
1825 2070 1952 2114 sapien-

1212 2125 1296 2158 tibus
1318 2125 1404 2166 viris‚
1428 2130 1458 2158 et
1477 2125 1637 2158 veteribus
1656 2124 1838 2158 missalibus
1858 2123 1948 2157 aliis-

1212 2188 1275 2222 que
1303 2183 1472 2221 praeterea
1497 2177 1599 2218 libris,
1634 2177 1688 2221 qui
1718 2178 1758 2211 ad
1788 2187 1859 2210 eam
1881 2187 1950 2210 rem

1213 2231 1388 2275 opportuni
1407 2231 1614 2271 videbantur,
1643 2235 1793 2264 accurate
1812 2229 1949 2274 perqui-

1212 2284 1281 2318 sitis
1301 2289 1333 2318 et
1352 2284 1525 2327 diligenter
1545 2283 1713 2328 inspectis,
1742 2283 1866 2317 Missale
1882 2283 1948 2316 Ro-

1214 2348 1345 2371 manurn
1381 2348 1458 2371 suae
1485 2336 1662 2379 integritati
1692 2336 1880 2377 restituere,
1915 2346 1953 2369 ac

1214 2391 1313 2436 ipsius
1333 2390 1380 2424 Pii
1401 2391 1436 2432 V,
1460 2395 1491 2424 et
1510 2400 1623 2424 eorum
1644 2389 1699 2433 qui
1716 2390 1756 2423 ab
1777 2399 1816 2423 eo
1836 2389 1953 2423 delecti

1215 2446 1353 2486 fuerant,
1376 2444 1522 2478 laborem
1548 2449 1579 2477 et
1603 2443 1802 2486 diligentiam
1829 2442 1951 2477 confir-

1215 2508 1304 2531 mare
1319 2503 1351 2531 et
1370 2496 1588 2541 comprobare
1604 2500 1769 2529 curarunt.
1784 2495 1902 2529 Verum
1921 2494 1954 2528 in

1215 2561 1254 2585 eo
1274 2560 1408 2584 munere
1424 2549 1610 2595 peragendo
1624 2549 1743 2582 sactum
1758 2553 1814 2590 est,
1827 2553 1863 2582 ut
1874 2558 1955 2582 non-

1215 2605 1316 2646 nulla,
1339 2614 1376 2638 ex
1401 2602 1548 2646 diligenti
1567 2601 1727 2636 librorum
1745 2601 1955 2646 antiquorum

1216 2657 1399 2700 collatione,
1419 2657 1452 2690 in
1470 2655 1640 2690 meliorem
1658 2655 1797 2689 sormam
1810 2654 1952 2696 redacta,

1951 269 2004 296 An.
2021 268 2049 296 C.
2066 268 2136 297 1604
2152 288 2155 296 1

1984 1068 2080 1089 Clemens
2090 1067 2140 1088 illud
2184 1060 2185 1064 ¹

1957 1094 2034 1121 corrigi
2049 1093 2141 1118 mandatu
