<?xml version="1.0" encoding="UTF-8"?>
<!DOCTYPE html PUBLIC "-//W3C//DTD XHTML 1.0 Transitional//EN"
    "http://www.w3.org/TR/xhtml1/DTD/xhtml1-transitional.dtd">
<html xmlns="http://www.w3.org/1999/xhtml" xml:lang="en" lang="en">
 <head>
  <title>
</title>
<meta http-equiv="Content-Type" content="text/html;charset=utf-8" />
  <meta name='ocr-system' content='tesseract 3.04.00' />
  <meta name='ocr-capabilities' content='ocr_page ocr_carea ocr_par ocr_line ocrx_word'/>
</head>
<body>
  <div class='ocr_page' id='page_1' title='image "./bullarumdiplomat11cath_0070.png"; bbox 0 0 2227 3241; ppageno 0'>
   <div class='ocr_carea' id='block_1_1' title="bbox 264 299 537 336">
    <p class='ocr_par' dir='ltr' id='par_1_1' title="bbox 264 299 537 336">
     <span class='ocr_line' id='line_1_1' title="bbox 264 299 537 336; baseline -0.007 -2"><span class='ocrx_word' id='word_1_1' title='bbox 264 307 311 335; x_wconf 77' lang='lat' dir='ltr'>An.</span> <span class='ocrx_word' id='word_1_2' title='bbox 331 308 358 336; x_wconf 89' lang='lat' dir='ltr'>C.</span> <span class='ocrx_word' id='word_1_3' title='bbox 382 308 448 335; x_wconf 84' lang='lat'>1603</span> <span class='ocrx_word' id='word_1_4' title='bbox 495 299 537 332; x_wconf 67' lang='lat'>337.</span> 
     </span>
    </p>
   </div>
   <div class='ocr_carea' id='block_1_2' title="bbox 259 953 444 1087">
    <p class='ocr_par' dir='ltr' id='par_1_2' title="bbox 259 953 444 1087">
     <span class='ocr_line' id='line_1_2' title="bbox 291 953 443 979; baseline -0.007 -6"><span class='ocrx_word' id='word_1_5' title='bbox 291 953 317 973; x_wconf 67' lang='grc' dir='ltr'>Αι-</span> <span class='ocrx_word' id='word_1_6' title='bbox 329 953 443 979; x_wconf 62' lang='lat' dir='ltr'>praecipue</span> 
     </span>
     <span class='ocr_line' id='line_1_3' title="bbox 260 981 444 1007; baseline 0.005 -8"><span class='ocrx_word' id='word_1_7' title='bbox 260 981 444 1007; x_wconf 64' lang='lat' dir='ltr'>pruilemumper-</span> 
     </span>
     <span class='ocr_line' id='line_1_4' title="bbox 259 1007 443 1036; baseline -0.011 -8"><span class='ocrx_word' id='word_1_8' title='bbox 259 1008 351 1034; x_wconf 74' lang='lat' dir='ltr'>cipiendi</span> <span class='ocrx_word' id='word_1_9' title='bbox 361 1007 443 1036; x_wconf 76' lang='lat' dir='ltr'>pensio·</span> 
     </span>
     <span class='ocr_line' id='line_1_5' title="bbox 260 1039 444 1059; baseline -0.011 -4"><span class='ocrx_word' id='word_1_10' title='bbox 260 1041 296 1055; x_wconf 76' lang='lat' dir='ltr'>uas</span> <span class='ocrx_word' id='word_1_11' title='bbox 316 1040 353 1059; x_wconf 80' lang='lat' dir='ltr'>per</span> <span class='ocrx_word' id='word_1_12' title='bbox 372 1039 444 1054; x_wconf 77' lang='lat' dir='ltr'>comu-</span> 
     </span>
     <span class='ocr_line' id='line_1_6' title="bbox 260 1063 327 1087; baseline -0.03 -5"><span class='ocrx_word' id='word_1_13' title='bbox 260 1063 327 1087; x_wconf 74' lang='lat' dir='ltr'>gatos.</span> 
     </span>
    </p>
   </div>
   <div class='ocr_carea' id='block_1_3' title="bbox 280 2452 447 2477">
    <p class='ocr_par' dir='ltr' id='par_1_3' title="bbox 280 2452 447 2477">
     <span class='ocr_line' id='line_1_7' title="bbox 280 2452 447 2477; baseline 0.03 -7"><span class='ocrx_word' id='word_1_14' title='bbox 280 2452 392 2477; x_wconf 60' lang='lat' dir='ltr'>Gregorius</span> <span class='ocrx_word' id='word_1_15' title='bbox 403 2454 447 2475; x_wconf 81' lang='lat' dir='ltr'>XIII</span> 
     </span>
    </p>
   </div>
   <div class='ocr_carea' id='block_1_4' title="bbox 1037 304 1398 331">
    <p class='ocr_par' dir='ltr' id='par_1_4' title="bbox 1037 304 1398 331">
     <span class='ocr_line' id='line_1_8' title="bbox 1037 304 1398 331; baseline 0.003 -1"><span class='ocrx_word' id='word_1_16' title='bbox 1037 304 1220 330; x_wconf 70' lang='lat' dir='ltr'>BULLARIUM</span> <span class='ocrx_word' id='word_1_17' title='bbox 1245 305 1398 331; x_wconf 74' lang='lat' dir='ltr'><strong>ROMANUM</strong></span> 
     </span>
    </p>
   </div>
   <div class='ocr_carea' id='block_1_5' title="bbox 1990 307 2174 335">
    <p class='ocr_par' dir='ltr' id='par_1_5' title="bbox 1990 307 2174 335">
     <span class='ocr_line' id='line_1_9' title="bbox 1990 307 2174 335; baseline 0.011 -2"><span class='ocrx_word' id='word_1_18' title='bbox 1990 307 2039 334; x_wconf 83' lang='lat' dir='ltr'>An.</span> <span class='ocrx_word' id='word_1_19' title='bbox 2055 307 2083 334; x_wconf 94' lang='lat' dir='ltr'>C.</span> <span class='ocrx_word' id='word_1_20' title='bbox 2104 307 2174 335; x_wconf 75' lang='lat'><strong>1603</strong></span> 
     </span>
    </p>
   </div>
   <div class='ocr_carea' id='block_1_6' title="bbox 460 354 2174 409">
    <p class='ocr_par' dir='ltr' id='par_1_6' title="bbox 460 354 2174 409">
     <span class='ocr_line' id='line_1_10' title="bbox 460 354 2174 409; baseline 0.001 -19"><span class='ocrx_word' id='word_1_21' title='bbox 460 356 660 402; x_wconf 84' lang='lat' dir='ltr'>pontificatus</span> <span class='ocrx_word' id='word_1_22' title='bbox 685 356 731 390; x_wconf 86' lang='lat' dir='ltr'>sui</span> <span class='ocrx_word' id='word_1_23' title='bbox 756 364 839 389; x_wconf 82' lang='lat' dir='ltr'>anno</span> <span class='ocrx_word' id='word_1_24' title='bbox 867 354 1022 395; x_wconf 89' lang='lat' dir='ltr'>secundo,</span> <span class='ocrx_word' id='word_1_25' title='bbox 1042 355 1198 398; x_wconf 84' lang='lat' dir='ltr'>approba-</span> <span class='ocrx_word' id='word_1_26' title='bbox 1212 355 1217 409; x_wconf 72' lang='grc' dir='ltr'>Ι</span> <span class='ocrx_word' id='word_1_27' title='bbox 1231 354 1316 399; x_wconf 88' lang='lat' dir='ltr'>Papa</span> <span class='ocrx_word' id='word_1_28' title='bbox 1335 354 1420 395; x_wconf 85' lang='lat' dir='ltr'>XIII,</span> <span class='ocrx_word' id='word_1_29' title='bbox 1447 354 1592 388; x_wconf 88' lang='lat' dir='ltr'>similiter</span> <span class='ocrx_word' id='word_1_30' title='bbox 1610 354 1834 399; x_wconf 87' lang='lat' dir='ltr'>praedecessor</span> <span class='ocrx_word' id='word_1_31' title='bbox 1852 360 1971 397; x_wconf 87' lang='lat' dir='ltr'>noster,</span> <span class='ocrx_word' id='word_1_32' title='bbox 1989 369 2112 391; x_wconf 73' lang='lat' dir='ltr'>sabaudiae</span> <span class='ocrx_word' id='word_1_33' title='bbox 2134 370 2174 391; x_wconf 84' lang='lat' dir='ltr'>du-</span> 
     </span>
    </p>
   </div>
   <div class='ocr_carea' id='block_1_7' title="bbox 457 408 1206 2488">
    <p class='ocr_par' dir='ltr' id='par_1_7' title="bbox 459 408 1199 930">
     <span class='ocr_line' id='line_1_11' title="bbox 460 408 1198 452; baseline -0.005 -8"><span class='ocrx_word' id='word_1_34' title='bbox 460 411 538 444; x_wconf 88' lang='lat' dir='ltr'>vcrit</span> <span class='ocrx_word' id='word_1_35' title='bbox 562 415 593 443; x_wconf 93' lang='lat' dir='ltr'>ct</span> <span class='ocrx_word' id='word_1_36' title='bbox 619 409 836 449; x_wconf 69' lang='lat' dir='ltr'>innovaverit‘,</span> <span class='ocrx_word' id='word_1_37' title='bbox 855 419 993 452; x_wconf 86' lang='lat' dir='ltr'>quarum</span> <span class='ocrx_word' id='word_1_38' title='bbox 1018 408 1198 442; x_wconf 82' lang='lat' dir='ltr'>litterarum</span> 
     </span>
     <span class='ocr_line' id='line_1_12' title="bbox 461 461 1199 497; baseline -0.003 0"><span class='ocrx_word' id='word_1_39' title='bbox 461 466 592 497; x_wconf 88' lang='lat' dir='ltr'>formam</span> <span class='ocrx_word' id='word_1_40' title='bbox 617 469 647 496; x_wconf 89' lang='lat' dir='ltr'>et</span> <span class='ocrx_word' id='word_1_41' title='bbox 668 469 810 496; x_wconf 82' lang='lat' dir='ltr'>tenorem</span> <span class='ocrx_word' id='word_1_42' title='bbox 835 462 885 495; x_wconf 82' lang='lat' dir='ltr'>hie</span> <span class='ocrx_word' id='word_1_43' title='bbox 902 463 941 495; x_wconf 88' lang='lat' dir='ltr'>de</span> <span class='ocrx_word' id='word_1_44' title='bbox 957 461 1053 495; x_wconf 90' lang='lat' dir='ltr'>verbo</span> <span class='ocrx_word' id='word_1_45' title='bbox 1074 462 1112 494; x_wconf 92' lang='lat' dir='ltr'>ad</span> <span class='ocrx_word' id='word_1_46' title='bbox 1133 471 1199 495; x_wconf 84' lang='lat' dir='ltr'>vcr-</span> 
     </span>
     <span class='ocr_line' id='line_1_13' title="bbox 459 515 1199 561; baseline -0.004 -11"><span class='ocrx_word' id='word_1_47' title='bbox 459 519 535 550; x_wconf 91' lang='lat' dir='ltr'>bum</span> <span class='ocrx_word' id='word_1_48' title='bbox 564 527 621 561; x_wconf 91' lang='lat' dir='ltr'>pro</span> <span class='ocrx_word' id='word_1_49' title='bbox 656 515 813 559; x_wconf 77' lang='lat' dir='ltr'>expressis</span> <span class='ocrx_word' id='word_1_50' title='bbox 845 521 876 548; x_wconf 90' lang='lat' dir='ltr'>et</span> <span class='ocrx_word' id='word_1_51' title='bbox 903 516 1030 549; x_wconf 87' lang='lat' dir='ltr'>insertis</span> <span class='ocrx_word' id='word_1_52' title='bbox 1058 515 1199 559; x_wconf 87' lang='lat' dir='ltr'>plenarie</span> 
     </span>
     <span class='ocr_line' id='line_1_14' title="bbox 459 568 1199 613; baseline -0.003 -10"><span class='ocrx_word' id='word_1_53' title='bbox 459 570 583 611; x_wconf 88' lang='lat' dir='ltr'>baberi,</span> <span class='ocrx_word' id='word_1_54' title='bbox 606 575 636 603; x_wconf 90' lang='lat' dir='ltr'>et</span> <span class='ocrx_word' id='word_1_55' title='bbox 653 568 933 613; x_wconf 76' lang='lat' dir='ltr'>quandocumque,</span> <span class='ocrx_word' id='word_1_56' title='bbox 951 569 1045 603; x_wconf 86' lang='lat' dir='ltr'>etiam</span> <span class='ocrx_word' id='word_1_57' title='bbox 1066 569 1105 601; x_wconf 87' lang='lat' dir='ltr'>ad</span> <span class='ocrx_word' id='word_1_58' title='bbox 1130 579 1199 613; x_wconf 85' lang='lat' dir='ltr'>par-</span> 
     </span>
     <span class='ocr_line' id='line_1_15' title="bbox 460 621 1197 666; baseline -0.003 -10"><span class='ocrx_word' id='word_1_59' title='bbox 460 630 534 664; x_wconf 84' lang='lat' dir='ltr'>tem,</span> <span class='ocrx_word' id='word_1_60' title='bbox 549 623 588 656; x_wconf 89' lang='lat' dir='ltr'>ad</span> <span class='ocrx_word' id='word_1_61' title='bbox 610 633 737 655; x_wconf 89' lang='lat' dir='ltr'>omnem</span> <span class='ocrx_word' id='word_1_62' title='bbox 756 621 933 666; x_wconf 78' lang='lat' dir='ltr'>simplicem</span> <span class='ocrx_word' id='word_1_63' title='bbox 955 621 1197 666; x_wconf 85' lang='lat' dir='ltr'>requisitionem</span> 
     </span>
     <span class='ocr_line' id='line_1_16' title="bbox 459 675 1199 721; baseline -0.001 -12"><span class='ocrx_word' id='word_1_64' title='bbox 459 677 563 721; x_wconf 84' lang='lat' dir='ltr'>magni</span> <span class='ocrx_word' id='word_1_65' title='bbox 588 676 748 719; x_wconf 73' lang='lat' dir='ltr'>magistri,</span> <span class='ocrx_word' id='word_1_66' title='bbox 768 682 953 717; x_wconf 85' lang='lat' dir='ltr'>conventus,</span> <span class='ocrx_word' id='word_1_67' title='bbox 974 686 1009 708; x_wconf 90' lang='lat' dir='ltr'>ac</span> <span class='ocrx_word' id='word_1_68' title='bbox 1028 675 1199 709; x_wconf 82' lang='lat' dir='ltr'>cuiuslibet</span> 
     </span>
     <span class='ocr_line' id='line_1_17' title="bbox 459 730 1199 774; baseline 0 -11"><span class='ocrx_word' id='word_1_69' title='bbox 459 731 582 772; x_wconf 89' lang='lat' dir='ltr'>militis,</span> <span class='ocrx_word' id='word_1_70' title='bbox 601 730 831 774; x_wconf 81' lang='lat' dir='ltr'>praeceptoris,</span> <span class='ocrx_word' id='word_1_71' title='bbox 848 736 878 763; x_wconf 90' lang='lat' dir='ltr'>et</span> <span class='ocrx_word' id='word_1_72' title='bbox 896 730 1024 763; x_wconf 85' lang='lat' dir='ltr'>alterius</span> <span class='ocrx_word' id='word_1_73' title='bbox 1045 730 1199 763; x_wconf 82' lang='lat' dir='ltr'>iuteresse</span> 
     </span>
     <span class='ocr_line' id='line_1_18' title="bbox 459 783 1199 827; baseline 0 -11"><span class='ocrx_word' id='word_1_74' title='bbox 459 784 615 825; x_wconf 84' lang='lat' dir='ltr'>habentis,</span> <span class='ocrx_word' id='word_1_75' title='bbox 635 783 770 827; x_wconf 82' lang='lat' dir='ltr'>exprimi</span> <span class='ocrx_word' id='word_1_76' title='bbox 785 789 815 816; x_wconf 91' lang='lat' dir='ltr'>et</span> <span class='ocrx_word' id='word_1_77' title='bbox 827 783 953 817; x_wconf 84' lang='lat' dir='ltr'>extendi</span> <span class='ocrx_word' id='word_1_78' title='bbox 968 791 1071 827; x_wconf 84' lang='lat' dir='ltr'>posse,</span> <span class='ocrx_word' id='word_1_79' title='bbox 1089 788 1119 816; x_wconf 85' lang='lat' dir='ltr'>et</span> <span class='ocrx_word' id='word_1_80' title='bbox 1134 783 1199 816; x_wconf 88' lang='lat' dir='ltr'>ubi-</span> 
     </span>
     <span class='ocr_line' id='line_1_19' title="bbox 459 835 1199 881; baseline 0.001 -12"><span class='ocrx_word' id='word_1_81' title='bbox 459 848 532 881; x_wconf 85' lang='lat' dir='ltr'>que,</span> <span class='ocrx_word' id='word_1_82' title='bbox 552 837 583 870; x_wconf 90' lang='lat' dir='ltr'>in</span> <span class='ocrx_word' id='word_1_83' title='bbox 601 837 720 870; x_wconf 88' lang='lat' dir='ltr'>iudicio</span> <span class='ocrx_word' id='word_1_84' title='bbox 741 842 772 870; x_wconf 88' lang='lat' dir='ltr'>et</span> <span class='ocrx_word' id='word_1_85' title='bbox 788 842 888 877; x_wconf 88' lang='lat' dir='ltr'>extra,</span> <span class='ocrx_word' id='word_1_86' title='bbox 911 835 1007 869; x_wconf 87' lang='lat' dir='ltr'>fidem</span> <span class='ocrx_word' id='word_1_87' title='bbox 1025 836 1129 870; x_wconf 84' lang='lat' dir='ltr'>facere</span> <span class='ocrx_word' id='word_1_88' title='bbox 1146 846 1199 870; x_wconf 83' lang='lat' dir='ltr'>vo-</span> 
     </span>
     <span class='ocr_line' id='line_1_20' title="bbox 459 889 1066 930; baseline 0 -7"><span class='ocrx_word' id='word_1_89' title='bbox 459 892 577 930; x_wconf 76' lang='lat' dir='ltr'>lumuS,</span> <span class='ocrx_word' id='word_1_90' title='bbox 596 890 800 924; x_wconf 88' lang='lat' dir='ltr'>decernimus</span> <span class='ocrx_word' id='word_1_91' title='bbox 813 896 843 924; x_wconf 89' lang='lat' dir='ltr'>et</span> <span class='ocrx_word' id='word_1_92' title='bbox 861 889 1066 923; x_wconf 79' lang='lat' dir='ltr'>mandamus:</span> 
     </span>
    </p>

    <p class='ocr_par' dir='ltr' id='par_1_8' title="bbox 457 943 1206 2432">
     <span class='ocr_line' id='line_1_21' title="bbox 504 943 1197 988; baseline -0.003 -10"><span class='ocrx_word' id='word_1_93' title='bbox 504 945 519 988; x_wconf 66' lang='grc' dir='ltr'><strong>ἓ</strong></span> <span class='ocrx_word' id='word_1_94' title='bbox 543 945 573 978; x_wconf 84' lang='grc'>5.</span> <span class='ocrx_word' id='word_1_95' title='bbox 597 945 807 979; x_wconf 80' lang='lat' dir='ltr'>Postmodum</span> <span class='ocrx_word' id='word_1_96' title='bbox 825 950 932 978; x_wconf 88' lang='lat' dir='ltr'>autem</span> <span class='ocrx_word' id='word_1_97' title='bbox 952 943 1037 978; x_wconf 89' lang='lat' dir='ltr'>idem</span> <span class='ocrx_word' id='word_1_98' title='bbox 1062 944 1137 978; x_wconf 86' lang='lat' dir='ltr'>Pius</span> <span class='ocrx_word' id='word_1_99' title='bbox 1161 944 1197 984; x_wconf 90' lang='lat' dir='ltr'>V,</span> 
     </span>
     <span class='ocr_line' id='line_1_22' title="bbox 459 997 1199 1043; baseline -0.001 -11"><span class='ocrx_word' id='word_1_100' title='bbox 459 1000 515 1032; x_wconf 63' lang='lat' dir='ltr'>susi</span> <span class='ocrx_word' id='word_1_101' title='bbox 540 1000 693 1043; x_wconf 77' lang='lat' dir='ltr'>perpetua</span> <span class='ocrx_word' id='word_1_102' title='bbox 717 997 946 1031; x_wconf 88' lang='lat' dir='ltr'>constitutione</span> <span class='ocrx_word' id='word_1_103' title='bbox 978 997 1091 1042; x_wconf 88' lang='lat' dir='ltr'>quinto</span> <span class='ocrx_word' id='word_1_104' title='bbox 1127 997 1199 1031; x_wconf 89' lang='lat' dir='ltr'>idus</span> 
     </span>
     <span class='ocr_line' id='line_1_23' title="bbox 458 1051 1199 1097; baseline -0.003 -11"><span class='ocrx_word' id='word_1_105' title='bbox 458 1052 657 1097; x_wconf 80' lang='lat' dir='ltr'>septembris,</span> <span class='ocrx_word' id='word_1_106' title='bbox 673 1051 817 1086; x_wconf 88' lang='lat' dir='ltr'>eiusdem</span> <span class='ocrx_word' id='word_1_107' title='bbox 832 1051 1037 1095; x_wconf 83' lang='lat' dir='ltr'>pontificatus</span> <span class='ocrx_word' id='word_1_108' title='bbox 1051 1051 1100 1085; x_wconf 90' lang='lat' dir='ltr'>sui</span> <span class='ocrx_word' id='word_1_109' title='bbox 1115 1061 1199 1085; x_wconf 89' lang='lat' dir='ltr'>anno</span> 
     </span>
     <span class='ocr_line' id='line_1_24' title="bbox 459 1105 1199 1150; baseline -0.004 -10"><span class='ocrx_word' id='word_1_110' title='bbox 459 1106 552 1140; x_wconf 85' lang='lat' dir='ltr'>tertio</span> <span class='ocrx_word' id='word_1_111' title='bbox 576 1105 674 1148; x_wconf 74' lang='lat' dir='ltr'>edita,</span> <span class='ocrx_word' id='word_1_112' title='bbox 702 1116 784 1150; x_wconf 84' lang='lat' dir='ltr'>quae</span> <span class='ocrx_word' id='word_1_113' title='bbox 808 1105 919 1150; x_wconf 80' lang='lat' dir='ltr'>incipit</span> <span class='ocrx_word' id='word_1_114' title='bbox 939 1105 1199 1145; x_wconf 55' lang='lat' dir='ltr'>Sam-oswinum,</span> 
     </span>
     <span class='ocr_line' id='line_1_25' title="bbox 458 1158 1200 1194; baseline -0.003 -1"><span class='ocrx_word' id='word_1_115' title='bbox 458 1160 542 1193; x_wconf 86' lang='lat' dir='ltr'>iuter</span> <span class='ocrx_word' id='word_1_116' title='bbox 562 1159 622 1193; x_wconf 86' lang='lat' dir='ltr'>alia</span> <span class='ocrx_word' id='word_1_117' title='bbox 642 1160 834 1194; x_wconf 76' lang='lat' dir='ltr'>revocaverit</span> <span class='ocrx_word' id='word_1_118' title='bbox 852 1165 883 1193; x_wconf 88' lang='lat' dir='ltr'>et</span> <span class='ocrx_word' id='word_1_119' title='bbox 904 1158 1076 1193; x_wconf 78' lang='lat' dir='ltr'>aboleverit</span> <span class='ocrx_word' id='word_1_120' title='bbox 1092 1158 1200 1192; x_wconf 86' lang='lat' dir='ltr'>omnia</span> 
     </span>
     <span class='ocr_line' id='line_1_26' title="bbox 459 1211 1200 1256; baseline -0.005 -9"><span class='ocrx_word' id='word_1_121' title='bbox 459 1219 490 1247; x_wconf 89' lang='lat' dir='ltr'>et</span> <span class='ocrx_word' id='word_1_122' title='bbox 514 1222 736 1256; x_wconf 84' lang='lat' dir='ltr'>quaecumque</span> <span class='ocrx_word' id='word_1_123' title='bbox 760 1212 936 1256; x_wconf 83' lang='lat' dir='ltr'>privilegia,</span> <span class='ocrx_word' id='word_1_124' title='bbox 956 1212 1134 1252; x_wconf 82' lang='lat' dir='ltr'>facultates,</span> <span class='ocrx_word' id='word_1_125' title='bbox 1153 1211 1200 1243; x_wconf 93' lang='lat' dir='ltr'>di-</span> 
     </span>
     <span class='ocr_line' id='line_1_27' title="bbox 457 1264 1199 1310; baseline -0.003 -11"><span class='ocrx_word' id='word_1_126' title='bbox 457 1265 676 1310; x_wconf 88' lang='lat' dir='ltr'>spensationes</span> <span class='ocrx_word' id='word_1_127' title='bbox 701 1271 732 1299; x_wconf 90' lang='lat' dir='ltr'>et</span> <span class='ocrx_word' id='word_1_128' title='bbox 767 1265 892 1298; x_wconf 83' lang='lat' dir='ltr'>indulta</span> <span class='ocrx_word' id='word_1_129' title='bbox 924 1264 1067 1299; x_wconf 89' lang='lat' dir='ltr'>eiusdem</span> <span class='ocrx_word' id='word_1_130' title='bbox 1099 1264 1199 1297; x_wconf 88' lang='lat' dir='ltr'>sancti</span> 
     </span>
     <span class='ocr_line' id='line_1_28' title="bbox 458 1317 1196 1362; baseline -0.004 -9"><span class='ocrx_word' id='word_1_131' title='bbox 458 1319 578 1361; x_wconf 81' lang='lat' dir='ltr'>Lazari,</span> <span class='ocrx_word' id='word_1_132' title='bbox 605 1330 641 1353; x_wconf 88' lang='lat' dir='ltr'>ac</span> <span class='ocrx_word' id='word_1_133' title='bbox 659 1318 809 1352; x_wconf 90' lang='lat' dir='ltr'>omnibus</span> <span class='ocrx_word' id='word_1_134' title='bbox 834 1324 863 1352; x_wconf 91' lang='lat' dir='ltr'>et</span> <span class='ocrx_word' id='word_1_135' title='bbox 884 1317 1018 1362; x_wconf 85' lang='lat' dir='ltr'>singulis</span> <span class='ocrx_word' id='word_1_136' title='bbox 1041 1318 1112 1351; x_wconf 86' lang='lat' dir='ltr'>aliis</span> <span class='ocrx_word' id='word_1_137' title='bbox 1136 1318 1196 1351; x_wconf 89' lang='lat' dir='ltr'>ho-</span> 
     </span>
     <span class='ocr_line' id='line_1_29' title="bbox 457 1371 1200 1416; baseline -0.004 -9"><span class='ocrx_word' id='word_1_138' title='bbox 457 1372 623 1416; x_wconf 90' lang='lat' dir='ltr'>spitalibus</span> <span class='ocrx_word' id='word_1_139' title='bbox 640 1399 647 1412; x_wconf 96' lang='lat'>‚</span> <span class='ocrx_word' id='word_1_140' title='bbox 669 1371 804 1412; x_wconf 90' lang='lat' dir='ltr'>militiis,</span> <span class='ocrx_word' id='word_1_141' title='bbox 830 1382 1009 1415; x_wconf 89' lang='lat' dir='ltr'>eorumque</span> <span class='ocrx_word' id='word_1_142' title='bbox 1033 1371 1200 1411; x_wconf 88' lang='lat' dir='ltr'>militibus,</span> 
     </span>
     <span class='ocr_line' id='line_1_30' title="bbox 459 1425 1201 1469; baseline -0.003 -9"><span class='ocrx_word' id='word_1_143' title='bbox 459 1426 607 1460; x_wconf 85' lang='lat' dir='ltr'>fratribus</span> <span class='ocrx_word' id='word_1_144' title='bbox 632 1431 663 1459; x_wconf 89' lang='lat' dir='ltr'>et</span> <span class='ocrx_word' id='word_1_145' title='bbox 680 1425 838 1469; x_wconf 86' lang='lat' dir='ltr'>personis,</span> <span class='ocrx_word' id='word_1_146' title='bbox 857 1425 895 1458; x_wconf 88' lang='lat' dir='ltr'>de</span> <span class='ocrx_word' id='word_1_147' title='bbox 906 1425 1125 1469; x_wconf 78' lang='lat' dir='ltr'>pensionibus,</span> <span class='ocrx_word' id='word_1_148' title='bbox 1140 1425 1201 1458; x_wconf 89' lang='lat' dir='ltr'>fru-</span> 
     </span>
     <span class='ocr_line' id='line_1_31' title="bbox 460 1479 1201 1522; baseline -0.003 -8"><span class='ocrx_word' id='word_1_149' title='bbox 460 1480 562 1514; x_wconf 87' lang='lat' dir='ltr'>ctibus</span> <span class='ocrx_word' id='word_1_150' title='bbox 571 1485 602 1513; x_wconf 89' lang='lat' dir='ltr'>et</span> <span class='ocrx_word' id='word_1_151' title='bbox 615 1479 687 1513; x_wconf 88' lang='lat' dir='ltr'>aliis</span> <span class='ocrx_word' id='word_1_152' title='bbox 704 1480 799 1513; x_wconf 91' lang='lat' dir='ltr'>rebus</span> <span class='ocrx_word' id='word_1_153' title='bbox 813 1479 1035 1513; x_wconf 88' lang='lat' dir='ltr'>ecclesiasticis</span> <span class='ocrx_word' id='word_1_154' title='bbox 1045 1489 1102 1522; x_wconf 91' lang='lat' dir='ltr'>per</span> <span class='ocrx_word' id='word_1_155' title='bbox 1114 1479 1201 1522; x_wconf 89' lang='lat' dir='ltr'>ipsos</span> 
     </span>
     <span class='ocr_line' id='line_1_32' title="bbox 459 1532 1199 1578; baseline 0 -12"><span class='ocrx_word' id='word_1_156' title='bbox 459 1533 576 1568; x_wconf 84' lang='lat' dir='ltr'>milites</span> <span class='ocrx_word' id='word_1_157' title='bbox 590 1533 785 1574; x_wconf 81' lang='lat' dir='ltr'>obtinendis,</span> <span class='ocrx_word' id='word_1_158' title='bbox 805 1532 1035 1578; x_wconf 82' lang='lat' dir='ltr'>percipiendis,</span> <span class='ocrx_word' id='word_1_159' title='bbox 1052 1544 1089 1567; x_wconf 86' lang='lat' dir='ltr'>ac</span> <span class='ocrx_word' id='word_1_160' title='bbox 1104 1532 1199 1566; x_wconf 89' lang='lat' dir='ltr'>etiam</span> 
     </span>
     <span class='ocr_line' id='line_1_33' title="bbox 459 1585 1201 1630; baseline 0 -10"><span class='ocrx_word' id='word_1_161' title='bbox 459 1587 491 1620; x_wconf 90' lang='lat' dir='ltr'>in</span> <span class='ocrx_word' id='word_1_162' title='bbox 506 1587 604 1621; x_wconf 89' lang='lat' dir='ltr'>alium</span> <span class='ocrx_word' id='word_1_163' title='bbox 621 1586 670 1621; x_wconf 82' lang='lat' dir='ltr'>vel</span> <span class='ocrx_word' id='word_1_164' title='bbox 686 1586 765 1620; x_wconf 90' lang='lat' dir='ltr'>alios</span> <span class='ocrx_word' id='word_1_165' title='bbox 782 1585 1021 1628; x_wconf 77' lang='lat' dir='ltr'>transferendis,</span> <span class='ocrx_word' id='word_1_166' title='bbox 1033 1596 1089 1630; x_wconf 85' lang='lat' dir='ltr'>per</span> <span class='ocrx_word' id='word_1_167' title='bbox 1105 1596 1201 1630; x_wconf 91' lang='lat' dir='ltr'>quos-</span> 
     </span>
     <span class='ocr_line' id='line_1_34' title="bbox 460 1639 1201 1684; baseline -0.001 -10"><span class='ocrx_word' id='word_1_168' title='bbox 460 1651 597 1684; x_wconf 87' lang='lat' dir='ltr'>cumque</span> <span class='ocrx_word' id='word_1_169' title='bbox 617 1641 779 1674; x_wconf 86' lang='lat' dir='ltr'>Romanos</span> <span class='ocrx_word' id='word_1_170' title='bbox 791 1640 962 1674; x_wconf 83' lang='lat' dir='ltr'>Pontifices</span> <span class='ocrx_word' id='word_1_171' title='bbox 977 1639 1201 1684; x_wconf 89' lang='lat' dir='ltr'>praedecesso-</span> 
     </span>
     <span class='ocr_line' id='line_1_35' title="bbox 459 1693 1200 1738; baseline 0 -12"><span class='ocrx_word' id='word_1_172' title='bbox 459 1703 510 1727; x_wconf 89' lang='lat' dir='ltr'>res</span> <span class='ocrx_word' id='word_1_173' title='bbox 534 1704 620 1734; x_wconf 81' lang='lat' dir='ltr'>suOS,</span> <span class='ocrx_word' id='word_1_174' title='bbox 636 1704 673 1727; x_wconf 92' lang='lat' dir='ltr'>ac</span> <span class='ocrx_word' id='word_1_175' title='bbox 690 1693 865 1738; x_wconf 86' lang='lat' dir='ltr'>ipsummet</span> <span class='ocrx_word' id='word_1_176' title='bbox 880 1693 974 1727; x_wconf 88' lang='lat' dir='ltr'>Pium</span> <span class='ocrx_word' id='word_1_177' title='bbox 988 1693 1011 1725; x_wconf 93' lang='lat' dir='ltr'>V</span> <span class='ocrx_word' id='word_1_178' title='bbox 1031 1698 1062 1726; x_wconf 91' lang='lat' dir='ltr'>et</span> <span class='ocrx_word' id='word_1_179' title='bbox 1083 1693 1200 1726; x_wconf 85' lang='lat' dir='ltr'>dictam</span> 
     </span>
     <span class='ocr_line' id='line_1_36' title="bbox 460 1746 1201 1790; baseline -0.003 -8"><span class='ocrx_word' id='word_1_180' title='bbox 460 1748 586 1788; x_wconf 88' lang='lat' dir='ltr'>Sedem‚</span> <span class='ocrx_word' id='word_1_181' title='bbox 612 1747 707 1782; x_wconf 88' lang='lat' dir='ltr'>etiam</span> <span class='ocrx_word' id='word_1_182' title='bbox 731 1753 834 1788; x_wconf 87' lang='lat' dir='ltr'>motu,</span> <span class='ocrx_word' id='word_1_183' title='bbox 858 1746 991 1780; x_wconf 75' lang='lat' dir='ltr'>scientia</span> <span class='ocrx_word' id='word_1_184' title='bbox 1015 1752 1046 1780; x_wconf 82' lang='lat' dir='ltr'>et</span> <span class='ocrx_word' id='word_1_185' title='bbox 1067 1752 1201 1790; x_wconf 88' lang='lat' dir='ltr'>potesta-</span> 
     </span>
     <span class='ocr_line' id='line_1_37' title="bbox 461 1800 1201 1846; baseline -0.001 -11"><span class='ocrx_word' id='word_1_186' title='bbox 461 1802 498 1835; x_wconf 86' lang='lat' dir='ltr'>tis</span> <span class='ocrx_word' id='word_1_187' title='bbox 522 1801 720 1846; x_wconf 89' lang='lat' dir='ltr'>plenitudine</span> <span class='ocrx_word' id='word_1_188' title='bbox 744 1800 914 1842; x_wconf 88' lang='lat' dir='ltr'>similibus,</span> <span class='ocrx_word' id='word_1_189' title='bbox 931 1806 962 1834; x_wconf 92' lang='lat' dir='ltr'>et</span> <span class='ocrx_word' id='word_1_190' title='bbox 978 1811 1035 1845; x_wconf 89' lang='lat' dir='ltr'>pro</span> <span class='ocrx_word' id='word_1_191' title='bbox 1056 1800 1131 1834; x_wconf 87' lang='lat' dir='ltr'>fidei</span> <span class='ocrx_word' id='word_1_192' title='bbox 1152 1811 1201 1834; x_wconf 87' lang='lat' dir='ltr'>ca-</span> 
     </span>
     <span class='ocr_line' id='line_1_38' title="bbox 461 1854 1201 1895; baseline -0.001 -6"><span class='ocrx_word' id='word_1_193' title='bbox 461 1855 608 1895; x_wconf 83' lang='lat' dir='ltr'>tholicae,</span> <span class='ocrx_word' id='word_1_194' title='bbox 630 1861 685 1889; x_wconf 84' lang='lat' dir='ltr'>aut</span> <span class='ocrx_word' id='word_1_195' title='bbox 710 1854 814 1889; x_wconf 83' lang='lat' dir='ltr'>dictae</span> <span class='ocrx_word' id='word_1_196' title='bbox 835 1854 925 1888; x_wconf 88' lang='lat' dir='ltr'>Sedis</span> <span class='ocrx_word' id='word_1_197' title='bbox 949 1854 1147 1895; x_wconf 82' lang='lat' dir='ltr'>defensione,</span> <span class='ocrx_word' id='word_1_198' title='bbox 1173 1860 1201 1888; x_wconf 85' lang='lat' dir='ltr'>et</span> 
     </span>
     <span class='ocr_line' id='line_1_39' title="bbox 461 1906 1202 1953; baseline -0.001 -12"><span class='ocrx_word' id='word_1_199' title='bbox 461 1908 625 1953; x_wconf 84' lang='lat' dir='ltr'>quibusvis</span> <span class='ocrx_word' id='word_1_200' title='bbox 660 1907 730 1941; x_wconf 87' lang='lat' dir='ltr'>aliis</span> <span class='ocrx_word' id='word_1_201' title='bbox 761 1907 865 1941; x_wconf 86' lang='lat' dir='ltr'>causis</span> <span class='ocrx_word' id='word_1_202' title='bbox 895 1906 1101 1951; x_wconf 89' lang='lat' dir='ltr'>quantumvis</span> <span class='ocrx_word' id='word_1_203' title='bbox 1132 1917 1202 1950; x_wconf 86' lang='lat' dir='ltr'>gra-</span> 
     </span>
     <span class='ocr_line' id='line_1_40' title="bbox 461 1961 1202 2006; baseline 0 -12"><span class='ocrx_word' id='word_1_204' title='bbox 461 1963 563 2005; x_wconf 88' lang='lat' dir='ltr'>vibus,</span> <span class='ocrx_word' id='word_1_205' title='bbox 590 1961 779 2006; x_wconf 83' lang='lat' dir='ltr'>urgentibus</span> <span class='ocrx_word' id='word_1_206' title='bbox 804 1968 835 1995; x_wconf 90' lang='lat' dir='ltr'>et</span> <span class='ocrx_word' id='word_1_207' title='bbox 859 1962 1025 2003; x_wconf 90' lang='lat' dir='ltr'>onerosis,</span> <span class='ocrx_word' id='word_1_208' title='bbox 1053 1971 1202 1995; x_wconf 86' lang='lat' dir='ltr'>concessa</span> 
     </span>
     <span class='ocr_line' id='line_1_41' title="bbox 461 2015 1204 2060; baseline -0.004 -9"><span class='ocrx_word' id='word_1_209' title='bbox 461 2024 492 2051; x_wconf 90' lang='lat' dir='ltr'>et</span> <span class='ocrx_word' id='word_1_210' title='bbox 511 2018 710 2058; x_wconf 80' lang='lat' dir='ltr'>confirmata,</span> <span class='ocrx_word' id='word_1_211' title='bbox 737 2027 775 2051; x_wconf 85' lang='lat' dir='ltr'>ac</span> <span class='ocrx_word' id='word_1_212' title='bbox 800 2016 896 2050; x_wconf 81' lang='lat' dir='ltr'>ctiam</span> <span class='ocrx_word' id='word_1_213' title='bbox 923 2015 1143 2060; x_wconf 87' lang='lat' dir='ltr'>multiplicatis</span> <span class='ocrx_word' id='word_1_214' title='bbox 1161 2015 1204 2048; x_wconf 75' lang='lat' dir='ltr'>vi-</span> 
     </span>
     <span class='ocr_line' id='line_1_42' title="bbox 461 2069 1204 2114; baseline -0.001 -10"><span class='ocrx_word' id='word_1_215' title='bbox 461 2071 551 2105; x_wconf 87' lang='lat' dir='ltr'>cibus</span> <span class='ocrx_word' id='word_1_216' title='bbox 568 2072 731 2112; x_wconf 70' lang='lat' dir='ltr'>innovata,</span> <span class='ocrx_word' id='word_1_217' title='bbox 744 2071 787 2104; x_wconf 86' lang='lat' dir='ltr'>ita</span> <span class='ocrx_word' id='word_1_218' title='bbox 800 2071 887 2114; x_wconf 88' lang='lat' dir='ltr'>quod</span> <span class='ocrx_word' id='word_1_219' title='bbox 904 2069 980 2103; x_wconf 90' lang='lat' dir='ltr'>dicti</span> <span class='ocrx_word' id='word_1_220' title='bbox 994 2069 1122 2109; x_wconf 87' lang='lat' dir='ltr'>milites,</span> <span class='ocrx_word' id='word_1_221' title='bbox 1140 2069 1204 2103; x_wconf 87' lang='lat' dir='ltr'>sive</span> 
     </span>
     <span class='ocr_line' id='line_1_43' title="bbox 462 2123 1204 2169; baseline -0.001 -11"><span class='ocrx_word' id='word_1_222' title='bbox 462 2125 624 2169; x_wconf 84' lang='lat' dir='ltr'>coniugati</span> <span class='ocrx_word' id='word_1_223' title='bbox 657 2125 723 2158; x_wconf 85' lang='lat' dir='ltr'>sive</span> <span class='ocrx_word' id='word_1_224' title='bbox 755 2124 894 2168; x_wconf 82' lang='lat' dir='ltr'>bigami,</span> <span class='ocrx_word' id='word_1_225' title='bbox 922 2124 988 2157; x_wconf 83' lang='lat' dir='ltr'>sive</span> <span class='ocrx_word' id='word_1_226' title='bbox 1013 2123 1121 2157; x_wconf 88' lang='lat' dir='ltr'>elerici</span> <span class='ocrx_word' id='word_1_227' title='bbox 1150 2128 1204 2157; x_wconf 86' lang='lat' dir='ltr'>aut</span> 
     </span>
     <span class='ocr_line' id='line_1_44' title="bbox 461 2175 1205 2222; baseline -0.003 -11"><span class='ocrx_word' id='word_1_228' title='bbox 461 2178 637 2222; x_wconf 77' lang='lat' dir='ltr'>presbyteri</span> <span class='ocrx_word' id='word_1_229' title='bbox 662 2178 783 2218; x_wconf 88' lang='lat' dir='ltr'>forent,</span> <span class='ocrx_word' id='word_1_230' title='bbox 811 2177 914 2210; x_wconf 89' lang='lat' dir='ltr'>nullas</span> <span class='ocrx_word' id='word_1_231' title='bbox 932 2176 972 2210; x_wconf 90' lang='lat' dir='ltr'>de</span> <span class='ocrx_word' id='word_1_232' title='bbox 989 2182 1116 2210; x_wconf 87' lang='lat' dir='ltr'>caetero</span> <span class='ocrx_word' id='word_1_233' title='bbox 1131 2175 1205 2209; x_wconf 88' lang='lat' dir='ltr'>reci-</span> 
     </span>
     <span class='ocr_line' id='line_1_45' title="bbox 462 2229 1201 2274; baseline -0.003 -10"><span class='ocrx_word' id='word_1_234' title='bbox 462 2236 582 2273; x_wconf 87' lang='lat' dir='ltr'>perent,</span> <span class='ocrx_word' id='word_1_235' title='bbox 597 2230 651 2264; x_wconf 88' lang='lat' dir='ltr'>sed</span> <span class='ocrx_word' id='word_1_236' title='bbox 666 2241 718 2265; x_wconf 84' lang='lat' dir='ltr'>eas</span> <span class='ocrx_word' id='word_1_237' title='bbox 735 2231 831 2271; x_wconf 87' lang='lat' dir='ltr'>solas,</span> <span class='ocrx_word' id='word_1_238' title='bbox 847 2240 926 2274; x_wconf 88' lang='lat' dir='ltr'>quas</span> <span class='ocrx_word' id='word_1_239' title='bbox 941 2236 1017 2263; x_wconf 86' lang='lat' dir='ltr'>tunc</span> <span class='ocrx_word' id='word_1_240' title='bbox 1031 2229 1201 2270; x_wconf 85' lang='lat' dir='ltr'>habebant,</span> 
     </span>
     <span class='ocr_line' id='line_1_46' title="bbox 462 2282 1206 2328; baseline 0 -12"><span class='ocrx_word' id='word_1_241' title='bbox 462 2284 541 2317; x_wconf 86' lang='lat' dir='ltr'>citra</span> <span class='ocrx_word' id='word_1_242' title='bbox 558 2284 740 2318; x_wconf 80' lang='lat' dir='ltr'>facultatem</span> <span class='ocrx_word' id='word_1_243' title='bbox 752 2283 838 2328; x_wconf 88' lang='lat' dir='ltr'>ipsas</span> <span class='ocrx_word' id='word_1_244' title='bbox 852 2283 1072 2324; x_wconf 89' lang='lat' dir='ltr'>transferendi,</span> <span class='ocrx_word' id='word_1_245' title='bbox 1088 2282 1206 2317; x_wconf 88' lang='lat' dir='ltr'>retine-</span> 
     </span>
     <span class='ocr_line' id='line_1_47' title="bbox 462 2337 1206 2381; baseline 0 -11"><span class='ocrx_word' id='word_1_246' title='bbox 462 2342 544 2378; x_wconf 84' lang='lat' dir='ltr'>rent,</span> <span class='ocrx_word' id='word_1_247' title='bbox 561 2343 591 2370; x_wconf 87' lang='lat' dir='ltr'>et</span> <span class='ocrx_word' id='word_1_248' title='bbox 609 2337 681 2371; x_wconf 89' lang='lat' dir='ltr'>illae</span> <span class='ocrx_word' id='word_1_249' title='bbox 700 2346 828 2381; x_wconf 87' lang='lat' dir='ltr'>quoque</span> <span class='ocrx_word' id='word_1_250' title='bbox 845 2348 902 2381; x_wconf 90' lang='lat' dir='ltr'>per</span> <span class='ocrx_word' id='word_1_251' title='bbox 922 2337 1067 2371; x_wconf 88' lang='lat' dir='ltr'>futurum</span> <span class='ocrx_word' id='word_1_252' title='bbox 1080 2342 1206 2371; x_wconf 89' lang='lat' dir='ltr'>contra-</span> 
     </span>
     <span class='ocr_line' id='line_1_48' title="bbox 463 2391 1204 2432; baseline -0.003 -7"><span class='ocrx_word' id='word_1_253' title='bbox 463 2398 549 2425; x_wconf 88' lang='lat' dir='ltr'>ctum</span> <span class='ocrx_word' id='word_1_254' title='bbox 574 2391 771 2425; x_wconf 86' lang='lat' dir='ltr'>matrimonii</span> <span class='ocrx_word' id='word_1_255' title='bbox 796 2391 956 2425; x_wconf 79' lang='lat' dir='ltr'>extinctae</span> <span class='ocrx_word' id='word_1_256' title='bbox 981 2395 1204 2432; x_wconf 80' lang='lat' dir='ltr'>censerentur3</span> 
     </span>
    </p>

    <p class='ocr_par' dir='ltr' id='par_1_9' title="bbox 508 2443 1206 2488">
     <span class='ocr_line' id='line_1_49' title="bbox 508 2443 1206 2488; baseline -0.001 -10"><span class='ocrx_word' id='word_1_257' title='bbox 508 2445 523 2487; x_wconf 62' lang='lat' dir='ltr'>g</span> <span class='ocrx_word' id='word_1_258' title='bbox 546 2444 577 2478; x_wconf 78' lang='lat'>6.</span> <span class='ocrx_word' id='word_1_259' title='bbox 600 2445 720 2479; x_wconf 87' lang='lat' dir='ltr'>Deinde</span> <span class='ocrx_word' id='word_1_260' title='bbox 740 2455 815 2479; x_wconf 87' lang='lat' dir='ltr'>vero</span> <span class='ocrx_word' id='word_1_261' title='bbox 835 2455 899 2479; x_wconf 88' lang='lat' dir='ltr'>rec.</span> <span class='ocrx_word' id='word_1_262' title='bbox 921 2455 1018 2478; x_wconf 90' lang='lat' dir='ltr'>mem.</span> <span class='ocrx_word' id='word_1_263' title='bbox 1038 2443 1206 2488; x_wconf 79' lang='lat' dir='ltr'>Gregorius</span> 
     </span>
    </p>
   </div>
   <div class='ocr_carea' id='block_1_8' title="bbox 464 2541 1205 2759">
    <p class='ocr_par' dir='ltr' id='par_1_10' title="bbox 464 2541 1205 2759">
     <span class='ocr_line' id='line_1_50' title="bbox 464 2541 1205 2577; baseline 0.001 -10"><span class='ocrx_word' id='word_1_264' title='bbox 464 2549 534 2576; x_wconf 86' lang='lat' dir='ltr'>quae</span> <span class='ocrx_word' id='word_1_265' title='bbox 549 2541 665 2569; x_wconf 87' lang='lat' dir='ltr'>habetur</span> <span class='ocrx_word' id='word_1_266' title='bbox 679 2541 706 2568; x_wconf 91' lang='lat' dir='ltr'>in</span> <span class='ocrx_word' id='word_1_267' title='bbox 721 2542 800 2569; x_wconf 85' lang='lat' dir='ltr'>Bull.</span> <span class='ocrx_word' id='word_1_268' title='bbox 818 2545 883 2569; x_wconf 84' lang='lat' dir='ltr'>tom.</span> <span class='ocrx_word' id='word_1_269' title='bbox 898 2548 936 2569; x_wconf 89' lang='lat' dir='ltr'>v11</span> <span class='ocrx_word' id='word_1_270' title='bbox 952 2549 1013 2577; x_wconf 85' lang='lat' dir='ltr'>pag.</span> <span class='ocrx_word' id='word_1_271' title='bbox 1025 2541 1087 2569; x_wconf 83' lang='lat'>516.</span> <span class='ocrx_word' id='word_1_272' title='bbox 1099 2542 1132 2568; x_wconf 82' lang='lat' dir='ltr'>At</span> <span class='ocrx_word' id='word_1_273' title='bbox 1143 2549 1205 2569; x_wconf 84' lang='lat' dir='ltr'>vero</span> 
     </span>
     <span class='ocr_line' id='line_1_51' title="bbox 465 2585 1205 2622; baseline 0.004 -11"><span class='ocrx_word' id='word_1_274' title='bbox 465 2585 490 2611; x_wconf 88' lang='lat' dir='ltr'>in</span> <span class='ocrx_word' id='word_1_275' title='bbox 506 2585 550 2612; x_wconf 75' lang='lat' dir='ltr'>illa</span> <span class='ocrx_word' id='word_1_276' title='bbox 565 2586 623 2621; x_wconf 72' lang='lat' dir='ltr'>ipsa</span> <span class='ocrx_word' id='word_1_277' title='bbox 637 2586 726 2614; x_wconf 84' lang='lat' dir='ltr'>Const.</span> <span class='ocrx_word' id='word_1_278' title='bbox 744 2586 806 2613; x_wconf 83' lang='lat' dir='ltr'>Pius</span> <span class='ocrx_word' id='word_1_279' title='bbox 822 2586 838 2612; x_wconf 93' lang='lat' dir='ltr'>V</span> <span class='ocrx_word' id='word_1_280' title='bbox 855 2586 973 2613; x_wconf 80' lang='lat' dir='ltr'>affirmat</span> <span class='ocrx_word' id='word_1_281' title='bbox 987 2595 1017 2613; x_wconf 86' lang='lat' dir='ltr'>se</span> <span class='ocrx_word' id='word_1_282' title='bbox 1038 2586 1117 2614; x_wconf 85' lang='lat' dir='ltr'>aliam</span> <span class='ocrx_word' id='word_1_283' title='bbox 1138 2594 1205 2622; x_wconf 87' lang='lat' dir='ltr'>quo-</span> 
     </span>
     <span class='ocr_line' id='line_1_52' title="bbox 466 2630 1205 2667; baseline 0.003 -11"><span class='ocrx_word' id='word_1_284' title='bbox 466 2638 518 2665; x_wconf 89' lang='lat' dir='ltr'>que</span> <span class='ocrx_word' id='word_1_285' title='bbox 533 2630 566 2657; x_wconf 85' lang='lat' dir='ltr'>de</span> <span class='ocrx_word' id='word_1_286' title='bbox 581 2631 632 2658; x_wconf 88' lang='lat' dir='ltr'>hac</span> <span class='ocrx_word' id='word_1_287' title='bbox 646 2640 675 2658; x_wconf 87' lang='lat' dir='ltr'>re</span> <span class='ocrx_word' id='word_1_288' title='bbox 691 2631 809 2659; x_wconf 82' lang='lat' dir='ltr'>editlisse</span> <span class='ocrx_word' id='word_1_289' title='bbox 825 2631 851 2658; x_wconf 90' lang='lat' dir='ltr'>in</span> <span class='ocrx_word' id='word_1_290' title='bbox 868 2631 925 2667; x_wconf 90' lang='lat' dir='ltr'>ipso</span> <span class='ocrx_word' id='word_1_291' title='bbox 945 2631 1036 2658; x_wconf 80' lang='lat' dir='ltr'>statim</span> <span class='ocrx_word' id='word_1_292' title='bbox 1055 2631 1097 2658; x_wconf 92' lang='lat' dir='ltr'>sui</span> <span class='ocrx_word' id='word_1_293' title='bbox 1117 2631 1205 2667; x_wconf 85' lang='lat' dir='ltr'>ponti-</span> 
     </span>
     <span class='ocr_line' id='line_1_53' title="bbox 467 2675 1205 2711; baseline 0.005 -10"><span class='ocrx_word' id='word_1_294' title='bbox 467 2675 562 2702; x_wconf 82' lang='lat' dir='ltr'>ficatus</span> <span class='ocrx_word' id='word_1_295' title='bbox 576 2676 662 2711; x_wconf 84' lang='lat' dir='ltr'>initio,</span> <span class='ocrx_word' id='word_1_296' title='bbox 679 2681 706 2704; x_wconf 90' lang='lat' dir='ltr'>et</span> <span class='ocrx_word' id='word_1_297' title='bbox 720 2677 779 2705; x_wconf 84' lang='lat' dir='ltr'>ideo</span> <span class='ocrx_word' id='word_1_298' title='bbox 793 2678 883 2705; x_wconf 85' lang='lat' dir='ltr'>forsan</span> <span class='ocrx_word' id='word_1_299' title='bbox 899 2683 934 2705; x_wconf 86' lang='lat' dir='ltr'>vu</span> <span class='ocrx_word' id='word_1_300' title='bbox 949 2677 1006 2705; x_wconf 81' lang='lat' dir='ltr'>Kal.</span> <span class='ocrx_word' id='word_1_301' title='bbox 1020 2677 1099 2706; x_wconf 85' lang='lat' dir='ltr'>Febr.</span> <span class='ocrx_word' id='word_1_302' title='bbox 1116 2684 1205 2710; x_wconf 75' lang='lat' dir='ltr'>MDLVI,</span> 
     </span>
     <span class='ocr_line' id='line_1_54' title="bbox 467 2721 1044 2759; baseline 0.007 -13"><span class='ocrx_word' id='word_1_303' title='bbox 467 2727 538 2755; x_wconf 83' lang='lat' dir='ltr'>quae</span> <span class='ocrx_word' id='word_1_304' title='bbox 554 2721 579 2747; x_wconf 77' lang='lat' dir='ltr'>ln</span> <span class='ocrx_word' id='word_1_305' title='bbox 595 2721 729 2750; x_wconf 76' lang='lat' dir='ltr'>Bullario</span> <span class='ocrx_word' id='word_1_306' title='bbox 742 2731 795 2751; x_wconf 89' lang='lat' dir='ltr'>non</span> <span class='ocrx_word' id='word_1_307' title='bbox 810 2722 926 2752; x_wconf 88' lang='lat' dir='ltr'>habetur</span> <span class='ocrx_word' id='word_1_308' title='bbox 942 2723 980 2759; x_wconf 81' lang='lat' dir='ltr'>(n.</span> <span class='ocrx_word' id='word_1_309' title='bbox 996 2723 1044 2757; x_wconf 77' lang='grc' dir='ltr'>τ.&gt;.</span> 
     </span>
    </p>
   </div>
   <div class='ocr_carea' id='block_1_9' title="bbox 1231 408 1982 2648">
    <p class='ocr_par' dir='ltr' id='par_1_11' title="bbox 1231 408 1979 1631">
     <span class='ocr_line' id='line_1_55' title="bbox 1231 408 1972 452; baseline 0 -11"><span class='ocrx_word' id='word_1_310' title='bbox 1231 408 1269 441; x_wconf 80' lang='lat' dir='ltr'>ad</span> <span class='ocrx_word' id='word_1_311' title='bbox 1290 408 1519 452; x_wconf 87' lang='lat' dir='ltr'>omnipotentis</span> <span class='ocrx_word' id='word_1_312' title='bbox 1543 408 1599 442; x_wconf 91' lang='lat' dir='ltr'>Dei</span> <span class='ocrx_word' id='word_1_313' title='bbox 1624 408 1751 441; x_wconf 86' lang='lat' dir='ltr'>laudem</span> <span class='ocrx_word' id='word_1_314' title='bbox 1770 414 1801 441; x_wconf 90' lang='lat' dir='ltr'>et</span> <span class='ocrx_word' id='word_1_315' title='bbox 1824 408 1972 452; x_wconf 83' lang='lat' dir='ltr'>gloriam,</span> 
     </span>
     <span class='ocr_line' id='line_1_56' title="bbox 1233 461 1973 506; baseline 0.001 -12"><span class='ocrx_word' id='word_1_316' title='bbox 1233 461 1400 506; x_wconf 81' lang='lat' dir='ltr'>dictaeque</span> <span class='ocrx_word' id='word_1_317' title='bbox 1436 461 1509 494; x_wconf 82' lang='lat' dir='ltr'>fidei</span> <span class='ocrx_word' id='word_1_318' title='bbox 1544 462 1576 495; x_wconf 93' lang='lat' dir='ltr'>in</span> <span class='ocrx_word' id='word_1_319' title='bbox 1611 461 1788 495; x_wconf 87' lang='lat' dir='ltr'>Sabaudiac</span> <span class='ocrx_word' id='word_1_320' title='bbox 1819 466 1849 495; x_wconf 80' lang='lat' dir='ltr'>et</span> <span class='ocrx_word' id='word_1_321' title='bbox 1877 461 1973 495; x_wconf 89' lang='lat' dir='ltr'>Pede—</span> 
     </span>
     <span class='ocr_line' id='line_1_57' title="bbox 1232 514 1973 558; baseline 0 -11"><span class='ocrx_word' id='word_1_322' title='bbox 1232 515 1349 548; x_wconf 90' lang='lat' dir='ltr'>montis</span> <span class='ocrx_word' id='word_1_323' title='bbox 1374 515 1558 558; x_wconf 72' lang='lat' dir='ltr'>regionibus</span> <span class='ocrx_word' id='word_1_324' title='bbox 1579 514 1808 554; x_wconf 83' lang='lat' dir='ltr'>defensionem,</span> <span class='ocrx_word' id='word_1_325' title='bbox 1828 515 1973 547; x_wconf 83' lang='lat' dir='ltr'>militiam</span> 
     </span>
     <span class='ocr_line' id='line_1_58' title="bbox 1233 568 1975 613; baseline -0.001 -12"><span class='ocrx_word' id='word_1_326' title='bbox 1233 569 1334 602; x_wconf 88' lang='lat' dir='ltr'>saneti</span> <span class='ocrx_word' id='word_1_327' title='bbox 1360 569 1498 602; x_wconf 86' lang='lat' dir='ltr'>Mauritii</span> <span class='ocrx_word' id='word_1_328' title='bbox 1530 568 1692 613; x_wconf 64' lang='lat' dir='ltr'>martyris,</span> <span class='ocrx_word' id='word_1_329' title='bbox 1714 569 1772 601; x_wconf 90' lang='lat' dir='ltr'>sub</span> <span class='ocrx_word' id='word_1_330' title='bbox 1797 568 1907 612; x_wconf 83' lang='lat' dir='ltr'>regula</span> <span class='ocrx_word' id='word_1_331' title='bbox 1931 568 1975 601; x_wconf 89' lang='lat' dir='ltr'>Ci-</span> 
     </span>
     <span class='ocr_line' id='line_1_59' title="bbox 1233 622 1974 666; baseline -0.003 -10"><span class='ocrx_word' id='word_1_332' title='bbox 1233 622 1409 664; x_wconf 85' lang='lat' dir='ltr'>sterciensi,</span> <span class='ocrx_word' id='word_1_333' title='bbox 1439 623 1530 656; x_wconf 89' lang='lat' dir='ltr'>cuius</span> <span class='ocrx_word' id='word_1_334' title='bbox 1554 633 1703 666; x_wconf 86' lang='lat' dir='ltr'>suprema</span> <span class='ocrx_word' id='word_1_335' title='bbox 1730 622 1818 655; x_wconf 88' lang='lat' dir='ltr'>sedes</span> <span class='ocrx_word' id='word_1_336' title='bbox 1842 628 1872 656; x_wconf 87' lang='lat' dir='ltr'>ct</span> <span class='ocrx_word' id='word_1_337' title='bbox 1900 632 1974 655; x_wconf 88' lang='lat' dir='ltr'>con-</span> 
     </span>
     <span class='ocr_line' id='line_1_60' title="bbox 1234 676 1974 710; baseline -0.001 -1"><span class='ocrx_word' id='word_1_338' title='bbox 1234 683 1345 710; x_wconf 87' lang='lat' dir='ltr'>ventus</span> <span class='ocrx_word' id='word_1_339' title='bbox 1371 677 1405 710; x_wconf 88' lang='lat' dir='ltr'>iu</span> <span class='ocrx_word' id='word_1_340' title='bbox 1430 677 1499 710; x_wconf 91' lang='lat' dir='ltr'>loco</span> <span class='ocrx_word' id='word_1_341' title='bbox 1520 677 1558 709; x_wconf 91' lang='lat' dir='ltr'>ad</span> <span class='ocrx_word' id='word_1_342' title='bbox 1581 677 1611 709; x_wconf 86' lang='lat' dir='ltr'>id</span> <span class='ocrx_word' id='word_1_343' title='bbox 1636 687 1653 709; x_wconf 88' lang='lat' dir='ltr'>a</span> <span class='ocrx_word' id='word_1_344' title='bbox 1674 677 1775 709; x_wconf 85' lang='lat' dir='ltr'>bonae</span> <span class='ocrx_word' id='word_1_345' title='bbox 1801 676 1974 709; x_wconf 77' lang='lat' dir='ltr'>memoriae</span> 
     </span>
     <span class='ocr_line' id='line_1_61' title="bbox 1233 728 1975 769; baseline 0 -7"><span class='ocrx_word' id='word_1_346' title='bbox 1233 730 1404 763; x_wconf 82' lang='lat' dir='ltr'>Emanucle</span> <span class='ocrx_word' id='word_1_347' title='bbox 1419 730 1589 763; x_wconf 76' lang='lat' dir='ltr'>Pliiliberto</span> <span class='ocrx_word' id='word_1_348' title='bbox 1602 730 1777 763; x_wconf 80' lang='lat' dir='ltr'>Sabaudiae</span> <span class='ocrx_word' id='word_1_349' title='bbox 1790 728 1883 769; x_wconf 86' lang='lat' dir='ltr'>duce,</span> <span class='ocrx_word' id='word_1_350' title='bbox 1898 735 1975 762; x_wconf 89' lang='lat' dir='ltr'>tunc</span> 
     </span>
     <span class='ocr_line' id='line_1_62' title="bbox 1234 783 1974 828; baseline 0 -12"><span class='ocrx_word' id='word_1_351' title='bbox 1234 784 1266 816; x_wconf 93' lang='lat' dir='ltr'>in</span> <span class='ocrx_word' id='word_1_352' title='bbox 1281 784 1431 817; x_wconf 88' lang='lat' dir='ltr'>humanis</span> <span class='ocrx_word' id='word_1_353' title='bbox 1449 789 1571 827; x_wconf 80' lang='lat' dir='ltr'>agente,</span> <span class='ocrx_word' id='word_1_354' title='bbox 1588 784 1621 816; x_wconf 93' lang='lat' dir='ltr'>in</span> <span class='ocrx_word' id='word_1_355' title='bbox 1634 784 1702 828; x_wconf 89' lang='lat' dir='ltr'>ipsa</span> <span class='ocrx_word' id='word_1_356' title='bbox 1714 783 1842 827; x_wconf 77' lang='lat' dir='ltr'>regione</span> <span class='ocrx_word' id='word_1_357' title='bbox 1856 783 1974 817; x_wconf 85' lang='lat' dir='ltr'>Saban-</span> 
     </span>
     <span class='ocr_line' id='line_1_63' title="bbox 1233 836 1975 880; baseline 0.001 -11"><span class='ocrx_word' id='word_1_358' title='bbox 1233 836 1303 869; x_wconf 87' lang='lat' dir='ltr'>diac</span> <span class='ocrx_word' id='word_1_359' title='bbox 1337 836 1527 879; x_wconf 82' lang='lat' dir='ltr'>assignando</span> <span class='ocrx_word' id='word_1_360' title='bbox 1557 842 1588 869; x_wconf 90' lang='lat' dir='ltr'>et</span> <span class='ocrx_word' id='word_1_361' title='bbox 1616 836 1786 870; x_wconf 89' lang='lat' dir='ltr'>statuendo</span> <span class='ocrx_word' id='word_1_362' title='bbox 1819 842 1975 880; x_wconf 83' lang='lat' dir='ltr'>perpetuo</span> 
     </span>
     <span class='ocr_line' id='line_1_64' title="bbox 1233 890 1972 934; baseline -0.003 -10"><span class='ocrx_word' id='word_1_363' title='bbox 1233 896 1335 931; x_wconf 79' lang='lat' dir='ltr'>esset,</span> <span class='ocrx_word' id='word_1_364' title='bbox 1357 896 1387 924; x_wconf 86' lang='lat' dir='ltr'>ct</span> <span class='ocrx_word' id='word_1_365' title='bbox 1407 890 1438 923; x_wconf 90' lang='lat' dir='ltr'>in</span> <span class='ocrx_word' id='word_1_366' title='bbox 1459 901 1495 924; x_wconf 87' lang='lat' dir='ltr'>ea</span> <span class='ocrx_word' id='word_1_367' title='bbox 1519 900 1620 923; x_wconf 91' lang='lat' dir='ltr'>unum</span> <span class='ocrx_word' id='word_1_368' title='bbox 1641 890 1875 934; x_wconf 79' lang='lat' dir='ltr'>magistratum,</span> <span class='ocrx_word' id='word_1_369' title='bbox 1902 901 1972 923; x_wconf 85' lang='lat' dir='ltr'>ma-</span> 
     </span>
     <span class='ocr_line' id='line_1_65' title="bbox 1233 943 1976 987; baseline 0 -10"><span class='ocrx_word' id='word_1_370' title='bbox 1233 955 1330 987; x_wconf 87' lang='lat' dir='ltr'>gnum</span> <span class='ocrx_word' id='word_1_371' title='bbox 1349 943 1617 987; x_wconf 86' lang='lat' dir='ltr'>nuncupandum,</span> <span class='ocrx_word' id='word_1_372' title='bbox 1635 953 1816 986; x_wconf 88' lang='lat' dir='ltr'>supremam</span> <span class='ocrx_word' id='word_1_373' title='bbox 1831 943 1916 977; x_wconf 90' lang='lat' dir='ltr'>illius</span> <span class='ocrx_word' id='word_1_374' title='bbox 1929 943 1976 977; x_wconf 88' lang='lat' dir='ltr'>di-</span> 
     </span>
     <span class='ocr_line' id='line_1_66' title="bbox 1233 997 1975 1041; baseline 0 -11"><span class='ocrx_word' id='word_1_375' title='bbox 1233 997 1385 1041; x_wconf 86' lang='lat' dir='ltr'>gnitatem</span> <span class='ocrx_word' id='word_1_376' title='bbox 1404 1008 1462 1040; x_wconf 91' lang='lat' dir='ltr'>pro</span> <span class='ocrx_word' id='word_1_377' title='bbox 1481 1007 1546 1030; x_wconf 91' lang='lat' dir='ltr'>uno</span> <span class='ocrx_word' id='word_1_378' title='bbox 1568 997 1733 1040; x_wconf 86' lang='lat' dir='ltr'>magistro,</span> <span class='ocrx_word' id='word_1_379' title='bbox 1749 1007 1822 1031; x_wconf 91' lang='lat' dir='ltr'>cum</span> <span class='ocrx_word' id='word_1_380' title='bbox 1838 997 1975 1030; x_wconf 90' lang='lat' dir='ltr'>militum</span> 
     </span>
     <span class='ocr_line' id='line_1_67' title="bbox 1233 1050 1977 1092; baseline 0 -8"><span class='ocrx_word' id='word_1_381' title='bbox 1233 1057 1263 1084; x_wconf 87' lang='lat' dir='ltr'>et</span> <span class='ocrx_word' id='word_1_382' title='bbox 1288 1051 1509 1085; x_wconf 90' lang='lat' dir='ltr'>ministrorum</span> <span class='ocrx_word' id='word_1_383' title='bbox 1534 1061 1670 1084; x_wconf 90' lang='lat' dir='ltr'>numero</span> <span class='ocrx_word' id='word_1_384' title='bbox 1686 1050 1746 1084; x_wconf 89' lang='lat' dir='ltr'>sibi</span> <span class='ocrx_word' id='word_1_385' title='bbox 1763 1050 1924 1092; x_wconf 89' lang='lat' dir='ltr'>beneviso,</span> <span class='ocrx_word' id='word_1_386' title='bbox 1939 1060 1977 1084; x_wconf 83' lang='lat' dir='ltr'>ac</span> 
     </span>
     <span class='ocr_line' id='line_1_68' title="bbox 1234 1104 1976 1148; baseline 0.003 -11"><span class='ocrx_word' id='word_1_387' title='bbox 1234 1114 1344 1137; x_wconf 88' lang='lat' dir='ltr'>mensa</span> <span class='ocrx_word' id='word_1_388' title='bbox 1369 1105 1556 1148; x_wconf 86' lang='lat' dir='ltr'>magistrali,</span> <span class='ocrx_word' id='word_1_389' title='bbox 1576 1104 1702 1147; x_wconf 80' lang='lat' dir='ltr'>officiis,</span> <span class='ocrx_word' id='word_1_390' title='bbox 1730 1104 1866 1145; x_wconf 80' lang='lat' dir='ltr'>iuribus.</span> <span class='ocrx_word' id='word_1_391' title='bbox 1884 1105 1976 1139; x_wconf 86' lang='lat' dir='ltr'>iuris-</span> 
     </span>
     <span class='ocr_line' id='line_1_69' title="bbox 1234 1158 1975 1203; baseline 0.001 -12"><span class='ocrx_word' id='word_1_392' title='bbox 1234 1158 1431 1192; x_wconf 88' lang='lat' dir='ltr'>dictionibus</span> <span class='ocrx_word' id='word_1_393' title='bbox 1460 1165 1491 1192; x_wconf 90' lang='lat' dir='ltr'>et</span> <span class='ocrx_word' id='word_1_394' title='bbox 1515 1158 1696 1203; x_wconf 82' lang='lat' dir='ltr'>insignibus</span> <span class='ocrx_word' id='word_1_395' title='bbox 1725 1159 1908 1201; x_wconf 87' lang='lat' dir='ltr'>consuetis,</span> <span class='ocrx_word' id='word_1_396' title='bbox 1936 1159 1975 1192; x_wconf 90' lang='lat' dir='ltr'>ad</span> 
     </span>
     <span class='ocr_line' id='line_1_70' title="bbox 1235 1211 1977 1256; baseline 0.003 -12"><span class='ocrx_word' id='word_1_397' title='bbox 1235 1211 1371 1245; x_wconf 87' lang='lat' dir='ltr'>aliarum</span> <span class='ocrx_word' id='word_1_398' title='bbox 1385 1211 1571 1245; x_wconf 86' lang='lat' dir='ltr'>huiusmodi</span> <span class='ocrx_word' id='word_1_399' title='bbox 1589 1212 1778 1246; x_wconf 89' lang='lat' dir='ltr'>militiarum</span> <span class='ocrx_word' id='word_1_400' title='bbox 1795 1213 1905 1253; x_wconf 88' lang='lat' dir='ltr'>instar,</span> <span class='ocrx_word' id='word_1_401' title='bbox 1919 1223 1977 1256; x_wconf 89' lang='lat' dir='ltr'>per</span> 
     </span>
     <span class='ocr_line' id='line_1_71' title="bbox 1235 1265 1974 1309; baseline 0.001 -11"><span class='ocrx_word' id='word_1_402' title='bbox 1235 1265 1389 1309; x_wconf 87' lang='lat' dir='ltr'>quasdam</span> <span class='ocrx_word' id='word_1_403' title='bbox 1406 1266 1540 1299; x_wconf 83' lang='lat' dir='ltr'>erexerit</span> <span class='ocrx_word' id='word_1_404' title='bbox 1556 1270 1587 1299; x_wconf 87' lang='lat' dir='ltr'>et</span> <span class='ocrx_word' id='word_1_405' title='bbox 1602 1265 1786 1307; x_wconf 85' lang='lat' dir='ltr'>instituerit;</span> <span class='ocrx_word' id='word_1_406' title='bbox 1810 1276 1847 1299; x_wconf 86' lang='lat' dir='ltr'>ac</span> <span class='ocrx_word' id='word_1_407' title='bbox 1870 1266 1974 1309; x_wconf 85' lang='lat' dir='ltr'>magi-</span> 
     </span>
     <span class='ocr_line' id='line_1_72' title="bbox 1235 1318 1978 1363; baseline 0.001 -12"><span class='ocrx_word' id='word_1_408' title='bbox 1235 1324 1369 1352; x_wconf 83' lang='lat' dir='ltr'>stratum</span> <span class='ocrx_word' id='word_1_409' title='bbox 1384 1318 1597 1362; x_wconf 86' lang='lat' dir='ltr'>praedictum,</span> <span class='ocrx_word' id='word_1_410' title='bbox 1613 1329 1630 1352; x_wconf 85' lang='lat' dir='ltr'>a</span> <span class='ocrx_word' id='word_1_411' title='bbox 1643 1318 1804 1363; x_wconf 86' lang='lat' dir='ltr'>primaeva</span> <span class='ocrx_word' id='word_1_412' title='bbox 1814 1318 1899 1353; x_wconf 91' lang='lat' dir='ltr'>illius</span> <span class='ocrx_word' id='word_1_413' title='bbox 1912 1329 1978 1352; x_wconf 83' lang='lat' dir='ltr'>ere-</span> 
     </span>
     <span class='ocr_line' id='line_1_73' title="bbox 1235 1371 1979 1417; baseline -0.001 -12"><span class='ocrx_word' id='word_1_414' title='bbox 1235 1371 1342 1406; x_wconf 85' lang='lat' dir='ltr'>ctione</span> <span class='ocrx_word' id='word_1_415' title='bbox 1359 1371 1544 1406; x_wconf 88' lang='lat' dir='ltr'>huiusmodi</span> <span class='ocrx_word' id='word_1_416' title='bbox 1561 1376 1637 1405; x_wconf 86' lang='lat' dir='ltr'>tunc</span> <span class='ocrx_word' id='word_1_417' title='bbox 1654 1378 1834 1414; x_wconf 90' lang='lat' dir='ltr'>vacantem,</span> <span class='ocrx_word' id='word_1_418' title='bbox 1850 1372 1979 1417; x_wconf 89' lang='lat' dir='ltr'>praedi-</span> 
     </span>
     <span class='ocr_line' id='line_1_74' title="bbox 1234 1425 1978 1470; baseline 0.001 -11"><span class='ocrx_word' id='word_1_419' title='bbox 1234 1431 1286 1459; x_wconf 89' lang='lat' dir='ltr'>cto</span> <span class='ocrx_word' id='word_1_420' title='bbox 1313 1425 1515 1459; x_wconf 90' lang='lat' dir='ltr'>Emmanueli</span> <span class='ocrx_word' id='word_1_421' title='bbox 1534 1425 1708 1460; x_wconf 89' lang='lat' dir='ltr'>Philiberto</span> <span class='ocrx_word' id='word_1_422' title='bbox 1733 1426 1826 1466; x_wconf 83' lang='lat' dir='ltr'>duci,</span> <span class='ocrx_word' id='word_1_423' title='bbox 1844 1426 1978 1470; x_wconf 86' lang='lat' dir='ltr'>eiusque</span> 
     </span>
     <span class='ocr_line' id='line_1_75' title="bbox 1234 1479 1978 1524; baseline 0.001 -12"><span class='ocrx_word' id='word_1_424' title='bbox 1234 1479 1473 1514; x_wconf 84' lang='lat' dir='ltr'>successoribus</span> <span class='ocrx_word' id='word_1_425' title='bbox 1486 1479 1664 1514; x_wconf 86' lang='lat' dir='ltr'>Sabaudiae</span> <span class='ocrx_word' id='word_1_426' title='bbox 1687 1479 1835 1521; x_wconf 79' lang='lat' dir='ltr'>ducibus,</span> <span class='ocrx_word' id='word_1_427' title='bbox 1850 1480 1905 1524; x_wconf 93' lang='lat' dir='ltr'>qui</span> <span class='ocrx_word' id='word_1_428' title='bbox 1923 1480 1978 1513; x_wconf 91' lang='lat' dir='ltr'>du-</span> 
     </span>
     <span class='ocr_line' id='line_1_76' title="bbox 1234 1532 1978 1577; baseline 0.001 -11"><span class='ocrx_word' id='word_1_429' title='bbox 1234 1543 1286 1567; x_wconf 89' lang='lat' dir='ltr'>ces</span> <span class='ocrx_word' id='word_1_430' title='bbox 1302 1533 1422 1577; x_wconf 85' lang='lat' dir='ltr'>pariter</span> <span class='ocrx_word' id='word_1_431' title='bbox 1438 1538 1469 1568; x_wconf 86' lang='lat' dir='ltr'>et</span> <span class='ocrx_word' id='word_1_432' title='bbox 1482 1533 1590 1576; x_wconf 88' lang='lat' dir='ltr'>magni</span> <span class='ocrx_word' id='word_1_433' title='bbox 1611 1532 1754 1577; x_wconf 79' lang='lat' dir='ltr'>magistri</span> <span class='ocrx_word' id='word_1_434' title='bbox 1772 1539 1887 1574; x_wconf 83' lang='lat' dir='ltr'>essent,</span> <span class='ocrx_word' id='word_1_435' title='bbox 1903 1543 1978 1567; x_wconf 90' lang='lat' dir='ltr'>con-</span> 
     </span>
     <span class='ocr_line' id='line_1_77' title="bbox 1234 1586 1682 1631; baseline 0.002 -11"><span class='ocrx_word' id='word_1_436' title='bbox 1234 1586 1364 1621; x_wconf 86' lang='lat' dir='ltr'>cesserit</span> <span class='ocrx_word' id='word_1_437' title='bbox 1384 1592 1415 1621; x_wconf 91' lang='lat' dir='ltr'>et</span> <span class='ocrx_word' id='word_1_438' title='bbox 1438 1586 1682 1631; x_wconf 80' lang='lat' dir='ltr'>assignaverit3¹</span> 
     </span>
    </p>

    <p class='ocr_par' dir='ltr' id='par_1_12' title="bbox 1236 1640 1982 2648">
     <span class='ocr_line' id='line_1_78' title="bbox 1280 1640 1978 1684; baseline 0.001 -10"><span class='ocrx_word' id='word_1_439' title='bbox 1280 1642 1295 1684; x_wconf 58' lang='lat' dir='ltr'>g</span> <span class='ocrx_word' id='word_1_440' title='bbox 1319 1640 1348 1674; x_wconf 93' lang='lat'>7.</span> <span class='ocrx_word' id='word_1_441' title='bbox 1377 1641 1415 1674; x_wconf 90' lang='lat' dir='ltr'>Et</span> <span class='ocrx_word' id='word_1_442' title='bbox 1436 1640 1570 1674; x_wconf 86' lang='lat' dir='ltr'>subinde</span> <span class='ocrx_word' id='word_1_443' title='bbox 1590 1641 1749 1684; x_wconf 80' lang='lat' dir='ltr'>(diligenti</span> <span class='ocrx_word' id='word_1_444' title='bbox 1769 1641 1978 1675; x_wconf 87' lang='lat' dir='ltr'>meditatione</span> 
     </span>
     <span class='ocr_line' id='line_1_79' title="bbox 1236 1694 1979 1729; baseline 0 -2"><span class='ocrx_word' id='word_1_445' title='bbox 1236 1694 1439 1729; x_wconf 88' lang='lat' dir='ltr'>considerans</span> <span class='ocrx_word' id='word_1_446' title='bbox 1456 1694 1501 1728; x_wconf 89' lang='lat' dir='ltr'>sic</span> <span class='ocrx_word' id='word_1_447' title='bbox 1518 1694 1557 1727; x_wconf 87' lang='lat' dir='ltr'>de</span> <span class='ocrx_word' id='word_1_448' title='bbox 1574 1704 1655 1728; x_wconf 91' lang='lat' dir='ltr'>novo</span> <span class='ocrx_word' id='word_1_449' title='bbox 1680 1700 1818 1728; x_wconf 90' lang='lat' dir='ltr'>erectam</span> <span class='ocrx_word' id='word_1_450' title='bbox 1839 1700 1870 1728; x_wconf 89' lang='lat' dir='ltr'>et</span> <span class='ocrx_word' id='word_1_451' title='bbox 1890 1695 1979 1729; x_wconf 90' lang='lat' dir='ltr'>insti-</span> 
     </span>
     <span class='ocr_line' id='line_1_80' title="bbox 1237 1747 1979 1792; baseline -0.001 -10"><span class='ocrx_word' id='word_1_452' title='bbox 1237 1754 1335 1782; x_wconf 84' lang='lat' dir='ltr'>tutam</span> <span class='ocrx_word' id='word_1_453' title='bbox 1350 1747 1496 1781; x_wconf 88' lang='lat' dir='ltr'>militiam</span> <span class='ocrx_word' id='word_1_454' title='bbox 1510 1757 1642 1791; x_wconf 82' lang='lat' dir='ltr'>magnos</span> <span class='ocrx_word' id='word_1_455' title='bbox 1654 1748 1767 1792; x_wconf 86' lang='lat' dir='ltr'>procul</span> <span class='ocrx_word' id='word_1_456' title='bbox 1780 1747 1880 1781; x_wconf 91' lang='lat' dir='ltr'>dubio</span> <span class='ocrx_word' id='word_1_457' title='bbox 1896 1747 1979 1781; x_wconf 84' lang='lat' dir='ltr'>fruc-</span> 
     </span>
     <span class='ocr_line' id='line_1_81' title="bbox 1236 1800 1981 1845; baseline 0 -10"><span class='ocrx_word' id='word_1_458' title='bbox 1236 1807 1299 1842; x_wconf 86' lang='lat' dir='ltr'>tus,</span> <span class='ocrx_word' id='word_1_459' title='bbox 1329 1800 1382 1835; x_wconf 87' lang='lat' dir='ltr'>tali</span> <span class='ocrx_word' id='word_1_460' title='bbox 1403 1800 1593 1845; x_wconf 87' lang='lat' dir='ltr'>praesertim</span> <span class='ocrx_word' id='word_1_461' title='bbox 1617 1800 1764 1840; x_wconf 87' lang='lat' dir='ltr'>ductore,</span> <span class='ocrx_word' id='word_1_462' title='bbox 1793 1800 1867 1834; x_wconf 85' lang='lat' dir='ltr'>fidei</span> <span class='ocrx_word' id='word_1_463' title='bbox 1892 1811 1981 1844; x_wconf 89' lang='lat' dir='ltr'>prae-</span> 
     </span>
     <span class='ocr_line' id='line_1_82' title="bbox 1236 1853 1979 1894; baseline 0 -6"><span class='ocrx_word' id='word_1_464' title='bbox 1236 1855 1342 1889; x_wconf 88' lang='lat' dir='ltr'>dictae</span> <span class='ocrx_word' id='word_1_465' title='bbox 1367 1855 1536 1888; x_wconf 86' lang='lat' dir='ltr'>allaturam</span> <span class='ocrx_word' id='word_1_466' title='bbox 1562 1863 1640 1894; x_wconf 90' lang='lat' dir='ltr'>esse,</span> <span class='ocrx_word' id='word_1_467' title='bbox 1668 1853 1724 1887; x_wconf 90' lang='lat' dir='ltr'>sed</span> <span class='ocrx_word' id='word_1_468' title='bbox 1750 1855 1852 1888; x_wconf 87' lang='lat' dir='ltr'>multo</span> <span class='ocrx_word' id='word_1_469' title='bbox 1871 1861 1979 1888; x_wconf 88' lang='lat' dir='ltr'>tamen</span> 
     </span>
     <span class='ocr_line' id='line_1_83' title="bbox 1238 1906 1980 1942; baseline 0.003 -3"><span class='ocrx_word' id='word_1_470' title='bbox 1238 1907 1376 1942; x_wconf 88' lang='lat' dir='ltr'>maiores</span> <span class='ocrx_word' id='word_1_471' title='bbox 1409 1907 1434 1940; x_wconf 89' lang='lat' dir='ltr'>si</span> <span class='ocrx_word' id='word_1_472' title='bbox 1466 1906 1537 1940; x_wconf 91' lang='lat' dir='ltr'>aliis</span> <span class='ocrx_word' id='word_1_473' title='bbox 1569 1906 1765 1940; x_wconf 86' lang='lat' dir='ltr'>adiumentis</span> <span class='ocrx_word' id='word_1_474' title='bbox 1790 1913 1820 1940; x_wconf 90' lang='lat' dir='ltr'>et</span> <span class='ocrx_word' id='word_1_475' title='bbox 1855 1907 1980 1941; x_wconf 82' lang='lat' dir='ltr'>auxiliis</span> 
     </span>
     <span class='ocr_line' id='line_1_84' title="bbox 1238 1960 1980 2005; baseline -0.001 -10"><span class='ocrx_word' id='word_1_476' title='bbox 1238 1961 1345 1995; x_wconf 89' lang='lat' dir='ltr'>fulcita</span> <span class='ocrx_word' id='word_1_477' title='bbox 1368 1967 1399 1995; x_wconf 89' lang='lat' dir='ltr'>et</span> <span class='ocrx_word' id='word_1_478' title='bbox 1416 1960 1539 1994; x_wconf 86' lang='lat' dir='ltr'>munita</span> <span class='ocrx_word' id='word_1_479' title='bbox 1554 1961 1648 2004; x_wconf 88' lang='lat' dir='ltr'>foret)</span> <span class='ocrx_word' id='word_1_480' title='bbox 1666 1961 1816 1994; x_wconf 86' lang='lat' dir='ltr'>militiam</span> <span class='ocrx_word' id='word_1_481' title='bbox 1840 1960 1980 2005; x_wconf 88' lang='lat' dir='ltr'>hospita-</span> 
     </span>
     <span class='ocr_line' id='line_1_85' title="bbox 1238 2013 1980 2058; baseline -0.001 -10"><span class='ocrx_word' id='word_1_482' title='bbox 1238 2015 1275 2048; x_wconf 90' lang='lat' dir='ltr'>lis</span> <span class='ocrx_word' id='word_1_483' title='bbox 1300 2015 1399 2049; x_wconf 85' lang='lat' dir='ltr'>sancti</span> <span class='ocrx_word' id='word_1_484' title='bbox 1425 2013 1532 2048; x_wconf 88' lang='lat' dir='ltr'>Lazari</span> <span class='ocrx_word' id='word_1_485' title='bbox 1554 2013 1763 2058; x_wconf 86' lang='lat' dir='ltr'>praedictam,</span> <span class='ocrx_word' id='word_1_486' title='bbox 1783 2020 1860 2048; x_wconf 86' lang='lat' dir='ltr'>tune</span> <span class='ocrx_word' id='word_1_487' title='bbox 1880 2014 1980 2058; x_wconf 87' lang='lat' dir='ltr'>magi-</span> 
     </span>
     <span class='ocr_line' id='line_1_86' title="bbox 1237 2067 1981 2112; baseline -0.003 -10"><span class='ocrx_word' id='word_1_488' title='bbox 1237 2068 1293 2102; x_wconf 88' lang='lat' dir='ltr'>stri</span> <span class='ocrx_word' id='word_1_489' title='bbox 1311 2068 1478 2112; x_wconf 86' lang='lat' dir='ltr'>regimine,</span> <span class='ocrx_word' id='word_1_490' title='bbox 1501 2074 1532 2101; x_wconf 91' lang='lat' dir='ltr'>et</span> <span class='ocrx_word' id='word_1_491' title='bbox 1548 2077 1584 2100; x_wconf 92' lang='lat' dir='ltr'>ex</span> <span class='ocrx_word' id='word_1_492' title='bbox 1602 2077 1717 2110; x_wconf 86' lang='lat' dir='ltr'>magna</span> <span class='ocrx_word' id='word_1_493' title='bbox 1734 2073 1824 2111; x_wconf 87' lang='lat' dir='ltr'>parte</span> <span class='ocrx_word' id='word_1_494' title='bbox 1840 2067 1981 2111; x_wconf 87' lang='lat' dir='ltr'>pristinis</span> 
     </span>
     <span class='ocr_line' id='line_1_87' title="bbox 1237 2121 1982 2166; baseline -0.003 -10"><span class='ocrx_word' id='word_1_495' title='bbox 1237 2123 1302 2156; x_wconf 90' lang='lat' dir='ltr'>suis</span> <span class='ocrx_word' id='word_1_496' title='bbox 1323 2121 1508 2166; x_wconf 82' lang='lat' dir='ltr'>privilegiis,</span> <span class='ocrx_word' id='word_1_497' title='bbox 1527 2121 1705 2155; x_wconf 88' lang='lat' dir='ltr'>honoribus</span> <span class='ocrx_word' id='word_1_498' title='bbox 1718 2127 1749 2156; x_wconf 83' lang='lat' dir='ltr'>et</span> <span class='ocrx_word' id='word_1_499' title='bbox 1764 2121 1982 2165; x_wconf 87' lang='lat' dir='ltr'>praeeminen-</span> 
     </span>
     <span class='ocr_line' id='line_1_88' title="bbox 1238 2174 1981 2218; baseline -0.001 -10"><span class='ocrx_word' id='word_1_500' title='bbox 1238 2175 1289 2208; x_wconf 88' lang='lat' dir='ltr'>tiis</span> <span class='ocrx_word' id='word_1_501' title='bbox 1303 2174 1500 2216; x_wconf 88' lang='lat' dir='ltr'>destitutam,</span> <span class='ocrx_word' id='word_1_502' title='bbox 1513 2185 1585 2208; x_wconf 87' lang='lat' dir='ltr'>cum</span> <span class='ocrx_word' id='word_1_503' title='bbox 1600 2174 1668 2208; x_wconf 87' lang='lat' dir='ltr'>eius</span> <span class='ocrx_word' id='word_1_504' title='bbox 1683 2174 1880 2217; x_wconf 85' lang='lat' dir='ltr'>magistratu,</span> <span class='ocrx_word' id='word_1_505' title='bbox 1897 2174 1981 2218; x_wconf 87' lang='lat' dir='ltr'>prio-</span> 
     </span>
     <span class='ocr_line' id='line_1_89' title="bbox 1238 2227 1981 2273; baseline -0.003 -11"><span class='ocrx_word' id='word_1_506' title='bbox 1238 2229 1372 2270; x_wconf 89' lang='lat' dir='ltr'>ratibus,</span> <span class='ocrx_word' id='word_1_507' title='bbox 1385 2228 1625 2273; x_wconf 81' lang='lat' dir='ltr'>praeceptoriiS,</span> <span class='ocrx_word' id='word_1_508' title='bbox 1637 2227 1848 2271; x_wconf 86' lang='lat' dir='ltr'>hospitalibus</span> <span class='ocrx_word' id='word_1_509' title='bbox 1864 2233 1895 2261; x_wconf 92' lang='lat' dir='ltr'>et</span> <span class='ocrx_word' id='word_1_510' title='bbox 1913 2227 1981 2260; x_wconf 87' lang='lat' dir='ltr'>aliis</span> 
     </span>
     <span class='ocr_line' id='line_1_90' title="bbox 1238 2282 1981 2326; baseline -0.004 -9"><span class='ocrx_word' id='word_1_511' title='bbox 1238 2283 1404 2317; x_wconf 88' lang='lat' dir='ltr'>beneficiis</span> <span class='ocrx_word' id='word_1_512' title='bbox 1427 2282 1649 2326; x_wconf 81' lang='lat' dir='ltr'>regularibus,</span> <span class='ocrx_word' id='word_1_513' title='bbox 1676 2292 1853 2325; x_wconf 82' lang='lat' dir='ltr'>eorumque</span> <span class='ocrx_word' id='word_1_514' title='bbox 1880 2291 1981 2315; x_wconf 89' lang='lat' dir='ltr'>mem-</span> 
     </span>
     <span class='ocr_line' id='line_1_91' title="bbox 1239 2334 1981 2381; baseline -0.003 -11"><span class='ocrx_word' id='word_1_515' title='bbox 1239 2337 1316 2378; x_wconf 90' lang='lat' dir='ltr'>bris,</span> <span class='ocrx_word' id='word_1_516' title='bbox 1326 2337 1478 2381; x_wconf 80' lang='lat' dir='ltr'>grangiis,</span> <span class='ocrx_word' id='word_1_517' title='bbox 1494 2336 1617 2377; x_wconf 81' lang='lat' dir='ltr'>castris,</span> <span class='ocrx_word' id='word_1_518' title='bbox 1631 2336 1725 2376; x_wconf 90' lang='lat' dir='ltr'>villis,</span> <span class='ocrx_word' id='word_1_519' title='bbox 1735 2334 1895 2375; x_wconf 89' lang='lat' dir='ltr'>domibus,</span> <span class='ocrx_word' id='word_1_520' title='bbox 1913 2345 1981 2379; x_wconf 90' lang='lat' dir='ltr'>pos-</span> 
     </span>
     <span class='ocr_line' id='line_1_92' title="bbox 1239 2387 1981 2434; baseline -0.003 -10"><span class='ocrx_word' id='word_1_521' title='bbox 1239 2390 1447 2432; x_wconf 89' lang='lat' dir='ltr'>sessionibus,</span> <span class='ocrx_word' id='word_1_522' title='bbox 1477 2388 1737 2434; x_wconf 86' lang='lat' dir='ltr'>proprietatibus,</span> <span class='ocrx_word' id='word_1_523' title='bbox 1772 2387 1928 2422; x_wconf 87' lang='lat' dir='ltr'>fructibus</span> <span class='ocrx_word' id='word_1_524' title='bbox 1951 2393 1981 2422; x_wconf 82' lang='lat' dir='ltr'>et</span> 
     </span>
     <span class='ocr_line' id='line_1_93' title="bbox 1240 2441 1981 2486; baseline -0.004 -7"><span class='ocrx_word' id='word_1_525' title='bbox 1240 2444 1332 2479; x_wconf 90' lang='lat' dir='ltr'>bonis</span> <span class='ocrx_word' id='word_1_526' title='bbox 1355 2450 1420 2478; x_wconf 89' lang='lat' dir='ltr'>tam</span> <span class='ocrx_word' id='word_1_527' title='bbox 1445 2443 1621 2477; x_wconf 88' lang='lat' dir='ltr'>mobilibus</span> <span class='ocrx_word' id='word_1_528' title='bbox 1640 2452 1736 2486; x_wconf 89' lang='lat' dir='ltr'>quam</span> <span class='ocrx_word' id='word_1_529' title='bbox 1761 2441 1981 2476; x_wconf 88' lang='lat' dir='ltr'>immobilibus</span> 
     </span>
     <span class='ocr_line' id='line_1_94' title="bbox 1239 2495 1981 2538; baseline -0.005 -5"><span class='ocrx_word' id='word_1_530' title='bbox 1239 2509 1277 2533; x_wconf 85' lang='lat' dir='ltr'>ac</span> <span class='ocrx_word' id='word_1_531' title='bbox 1300 2498 1558 2538; x_wconf 87' lang='lat' dir='ltr'>semoventibus,</span> <span class='ocrx_word' id='word_1_532' title='bbox 1585 2495 1708 2530; x_wconf 85' lang='lat' dir='ltr'>iuribus</span> <span class='ocrx_word' id='word_1_533' title='bbox 1740 2502 1771 2529; x_wconf 91' lang='lat' dir='ltr'>et</span> <span class='ocrx_word' id='word_1_534' title='bbox 1800 2495 1981 2530; x_wconf 75' lang='lat' dir='ltr'>acuonibus</span> 
     </span>
     <span class='ocr_line' id='line_1_95' title="bbox 1240 2549 1981 2593; baseline -0.003 -8"><span class='ocrx_word' id='word_1_535' title='bbox 1240 2552 1409 2592; x_wconf 81' lang='lat' dir='ltr'>universiS,</span> <span class='ocrx_word' id='word_1_536' title='bbox 1434 2560 1560 2585; x_wconf 86' lang='lat' dir='ltr'>necnon</span> <span class='ocrx_word' id='word_1_537' title='bbox 1580 2549 1733 2591; x_wconf 88' lang='lat' dir='ltr'>ecclesiis,</span> <span class='ocrx_word' id='word_1_538' title='bbox 1756 2549 1897 2593; x_wconf 89' lang='lat' dir='ltr'>capellis,</span> <span class='ocrx_word' id='word_1_539' title='bbox 1919 2554 1981 2583; x_wconf 89' lang='lat' dir='ltr'>ter-</span> 
     </span>
     <span class='ocr_line' id='line_1_96' title="bbox 1241 2601 1981 2648; baseline -0.005 -9"><span class='ocrx_word' id='word_1_540' title='bbox 1241 2605 1336 2639; x_wconf 90' lang='lat' dir='ltr'>minis</span> <span class='ocrx_word' id='word_1_541' title='bbox 1361 2610 1392 2638; x_wconf 90' lang='lat' dir='ltr'>et</span> <span class='ocrx_word' id='word_1_542' title='bbox 1426 2603 1627 2648; x_wconf 87' lang='lat' dir='ltr'>pertinentiis</span> <span class='ocrx_word' id='word_1_543' title='bbox 1659 2603 1918 2646; x_wconf 83' lang='lat' dir='ltr'>quibuscumque</span> <span class='ocrx_word' id='word_1_544' title='bbox 1942 2601 1981 2635; x_wconf 86' lang='lat' dir='ltr'>ad</span> 
     </span>
    </p>
   </div>
   <div class='ocr_carea' id='block_1_10' title="bbox 1241 2674 1980 2758">
    <p class='ocr_par' dir='ltr' id='par_1_13' title="bbox 1241 2674 1980 2758">
     <span class='ocr_line' id='line_1_97' title="bbox 1275 2674 1980 2713; baseline -0.006 -8"><span class='ocrx_word' id='word_1_545' title='bbox 1275 2679 1288 2705; x_wconf 87' lang='lat'><strong>1</strong></span> <span class='ocrx_word' id='word_1_546' title='bbox 1305 2677 1406 2712; x_wconf 85' lang='lat' dir='ltr'>Nempe</span> <span class='ocrx_word' id='word_1_547' title='bbox 1420 2684 1470 2713; x_wconf 83' lang='lat' dir='ltr'>per</span> <span class='ocrx_word' id='word_1_548' title='bbox 1483 2676 1574 2703; x_wconf 83' lang='lat' dir='ltr'>Const.</span> <span class='ocrx_word' id='word_1_549' title='bbox 1589 2675 1733 2704; x_wconf 77' lang='lat' dir='ltr'>Cristiomi</span> <span class='ocrx_word' id='word_1_550' title='bbox 1745 2675 1850 2712; x_wconf 75' lang='lat' dir='ltr'>populi</span> <span class='ocrx_word' id='word_1_551' title='bbox 1865 2674 1918 2703; x_wconf 87' lang='lat' dir='ltr'>iam</span> <span class='ocrx_word' id='word_1_552' title='bbox 1934 2674 1980 2702; x_wconf 84' lang='lat' dir='ltr'>cit.</span> 
     </span>
     <span class='ocr_line' id='line_1_98' title="bbox 1241 2720 1568 2758; baseline -0.006 -9"><span class='ocrx_word' id='word_1_553' title='bbox 1241 2730 1323 2758; x_wconf 83' lang='lat' dir='ltr'>supra</span> <span class='ocrx_word' id='word_1_554' title='bbox 1338 2729 1399 2758; x_wconf 82' lang='lat' dir='ltr'>pag.</span> <span class='ocrx_word' id='word_1_555' title='bbox 1417 2721 1451 2749; x_wconf 84' lang='lat'>30</span> <span class='ocrx_word' id='word_1_556' title='bbox 1465 2720 1503 2755; x_wconf 80' lang='lat' dir='ltr'>(n.</span> <span class='ocrx_word' id='word_1_557' title='bbox 1519 2720 1568 2755; x_wconf 79' lang='lat' dir='ltr'>T.).</span> 
     </span>
    </p>
   </div>
   <div class='ocr_carea' id='block_1_11' title="bbox 1989 397 2174 501">
    <p class='ocr_par' dir='ltr' id='par_1_14' title="bbox 1989 397 2174 501">
     <span class='ocr_line' id='line_1_99' title="bbox 1989 397 2174 417; baseline 0.005 -1"><span class='ocrx_word' id='word_1_558' title='bbox 1989 402 2024 416; x_wconf 75' lang='lat' dir='ltr'>ces</span> <span class='ocrx_word' id='word_1_559' title='bbox 2063 397 2174 417; x_wconf 75' lang='lat' dir='ltr'>renunciat</span> 
     </span>
     <span class='ocr_line' id='line_1_100' title="bbox 1989 425 2174 448; baseline 0.022 -8"><span class='ocrx_word' id='word_1_560' title='bbox 1989 425 2103 448; x_wconf 67' lang='lat' dir='ltr'>perpetuos</span> <span class='ocrx_word' id='word_1_561' title='bbox 2131 429 2174 444; x_wconf 77' lang='lat' dir='ltr'>ma-</span> 
     </span>
     <span class='ocr_line' id='line_1_101' title="bbox 1989 450 2174 473; baseline 0.016 -5"><span class='ocrx_word' id='word_1_562' title='bbox 1989 450 2065 473; x_wconf 60' lang='lat' dir='ltr'>nisu-ns</span> <span class='ocrx_word' id='word_1_563' title='bbox 2085 450 2174 471; x_wconf 74' lang='lat' dir='ltr'>militiae</span> 
     </span>
     <span class='ocr_line' id='line_1_102' title="bbox 1989 476 2125 501; baseline 0 -4"><span class='ocrx_word' id='word_1_564' title='bbox 1989 476 2012 497; x_wconf 78' lang='lat' dir='ltr'>S.</span> <span class='ocrx_word' id='word_1_565' title='bbox 2025 476 2125 501; x_wconf 76' lang='lat' dir='ltr'>Maru-ilii,</span> 
     </span>
    </p>
   </div>
   <div class='ocr_carea' id='block_1_12' title="bbox 1993 1649 2178 1701">
    <p class='ocr_par' dir='ltr' id='par_1_15' title="bbox 1993 1649 2178 1701">
     <span class='ocr_line' id='line_1_103' title="bbox 2032 1649 2178 1676; baseline -0.007 -5"><span class='ocrx_word' id='word_1_566' title='bbox 2032 1649 2058 1671; x_wconf 86' lang='lat' dir='ltr'>Et</span> <span class='ocrx_word' id='word_1_567' title='bbox 2066 1651 2178 1676; x_wconf 76' lang='lat' dir='ltr'>utramque</span> 
     </span>
     <span class='ocr_line' id='line_1_104' title="bbox 1993 1677 2151 1701; baseline -0.006 -4"><span class='ocrx_word' id='word_1_568' title='bbox 1993 1677 2089 1698; x_wconf 76' lang='lat' dir='ltr'>militium</span> <span class='ocrx_word' id='word_1_569' title='bbox 2099 1677 2151 1701; x_wconf 75' lang='lat' dir='ltr'>unit,</span> 
     </span>
    </p>
   </div>
   <div class='ocr_carea' id='block_1_13' title="bbox 2204 2742 2227 3241">
    <p class='ocr_par' dir='ltr' id='par_1_16' title="bbox 2204 2742 2227 3241">
     <span class='ocr_line' id='line_1_105' title="bbox 2204 2742 2227 3241; baseline 0 0"><span class='ocrx_word' id='word_1_570' title='bbox 2204 2742 2227 3241; x_wconf 95' lang='lat' dir='ltr'> </span> 
     </span>
    </p>
   </div>
  </div>
 </body>
</html>
