2227 3241
252 262 304 289 An.
322 262 351 289 c.
370 261 438 290 1605
483 252 547 287 ⁹238

455 316 485 344 et
506 310 538 343 in
556 309 618 343 illis
638 310 722 342 ultra
736 319 834 342 unam
856 308 974 342 dietam
997 319 1015 342 a
1032 309 1096 343 sine
1116 320 1192 344 suae

454 363 608 397 dioecesis
636 363 676 396 ad
704 362 858 396 iudicium
885 369 1046 405 evocetur,
1070 374 1126 397 seu
1152 374 1192 398 ne

454 416 575 450 iudices
595 427 612 449 a
635 416 718 450 dicta
736 416 816 450 Sede
838 416 979 461 deputati
1006 423 1093 450 extra
1110 417 1189 450 civi-

455 474 550 502 tatem
568 469 617 502 vel
635 469 822 510 dioecesim,
855 470 887 503 in
908 469 1024 514 quibus
1048 470 1191 514 deputati

453 522 582 562 suerint,
607 528 718 556 contra
745 533 966 568 quoscumque
992 524 1187 568 precedere,

453 580 508 609 aut
542 575 596 608 alii
625 576 673 609 vel
695 576 764 610 aliis
784 576 868 610 v1ces
892 588 965 611 suas
990 577 1191 611 committere

453 628 593 662 audeant
624 629 672 663 vel
697 635 920 673 praesumant,
943 641 980 663 ac
1001 630 1031 663 in
1053 630 1191 664 concilio

453 681 595 723 generali
606 682 692 715 edita
706 683 745 716 de
757 683 883 717 duabus
896 683 1000 725 dietis,
1014 683 1191 716 dummodo

452 734 537 768 ultra
552 740 615 769 tres
633 735 734 769 dietas
756 736 872 781 aliquis
891 737 1081 771 auctoritate
1101 748 1192 781 prae-

453 787 591 821 sentium
613 789 654 822 ad
675 789 833 823 iudicium
858 801 924 824 non
949 790 1104 831 trahatur,
1133 801 1192 824 nec

453 851 518 874 non
535 844 655 883 nostra,
678 853 736 888 per
753 854 850 887 quam
875 843 959 878 inter
985 844 1063 878 alias
1083 845 1193 878 volui-

453 905 535 937 mus,
545 896 643 939 quod‚
656 901 800 940 petentes
813 897 969 931 beneficia
979 898 1193 932 ecclesiastica

453 948 522 982 aliis
541 949 639 991 uniri,
664 956 848 984 tenerentur
872 952 1051 996 exprimere
1078 963 1191 986 verum

452 1013 596 1037 annuum
617 1004 771 1046 valorem,
786 1006 963 1039 secundum
986 1017 1191 1040 communem

452 1056 720 1097 aestimationem,
745 1058 839 1092 etiam
858 1059 1019 1101 beneficii,
1041 1060 1090 1094 cui
1106 1061 1193 1094 aliud

452 1110 537 1142 uniri
565 1116 741 1154 peteretur,
762 1111 907 1156 alioquin
927 1113 1004 1146 unio
1025 1124 1089 1146 non
1110 1114 1193 1147 vale-

452 1169 518 1204 ret,
542 1169 573 1196 et
593 1174 720 1208 semper
748 1164 780 1197 in
807 1165 981 1199 unionibus
1008 1167 1193 1200 commissio

451 1214 544 1249 fieret
563 1216 603 1249 ad
623 1223 742 1260 partes,
759 1219 877 1252 vocatis
891 1230 1030 1262 quorum
1052 1221 1194 1262 interest,

451 1279 488 1302 ae
508 1270 666 1312 generalis
693 1276 724 1304 et
750 1271 922 1306 novissime
944 1273 1095 1306 celebrati
1110 1273 1195 1307 Late-

451 1324 594 1357 ranensis
607 1324 768 1366 Concilii¹,
785 1326 932 1367 uniones,
949 1327 1144 1362 annexiones
1164 1334 1193 1362 et

452 1376 733 1421 incorporationes
741 1384 926 1422 perpetuas,
939 1379 1000 1413 nisi
1022 1380 1052 1413 in
1067 1381 1194 1415 casibus

452 1439 469 1462 a
491 1429 560 1463 iure
579 1431 754 1474 permissis,
778 1431 849 1465 fieri
867 1433 1080 1476 prohibentis,
1102 1434 1190 1468 aliis--

453 1493 516 1527 que
544 1484 848 1526 constitutionibus,
878 1492 907 1520 et
935 1487 1193 1521 ordinationibus

453 1537 649 1580 apostolicis,
662 1548 788 1572 necnon
798 1540 1000 1573 concordatis
1010 1541 1192 1585 praedictis,

453 1600 489 1623 ac
510 1590 695 1624 monasterii
724 1597 753 1624 et
780 1591 907 1626 Ordinis
938 1594 1188 1637 praedictorum,

453 1643 648 1685 iuramento,
663 1645 910 1680 confirmatione
931 1648 1118 1691 apostolica,
1142 1649 1189 1683 vel

453 1697 563 1741 quavis
581 1697 734 1732 firmitate
752 1698 811 1732 alia
832 1700 1002 1742 roboratis,
1020 1702 1144 1736 statutis
1161 1709 1191 1736 et

454 1750 751 1793 consuetudinibus,
780 1752 955 1796 privilegiis
976 1765 1115 1799 quoque,
1143 1755 1189 1788 in-

453 1803 560 1845 dultis,
585 1809 615 1838 et
632 1804 746 1839 litteris
767 1807 961 1850 apostolicis,
982 1807 1043 1842 illis
1064 1819 1190 1843 eorum-

453 1856 594 1902 demque
620 1860 804 1893 monasterii
835 1866 865 1894 et
890 1861 1017 1895 Ordinis
1037 1864 1186 1906 superio-

454 1911 542 1945 ribus
567 1917 597 1945 et
620 1913 777 1956 personis,
794 1913 852 1947 sub
867 1914 1123 1960 quibuscumque
1146 1922 1190 1950 te-

452 1965 586 1998 noribus
606 1971 636 1999 et
659 1966 770 2000 formis
791 1973 822 2000 et
844 1979 916 2001 eum
932 1968 1095 2012 quibusvis
1109 1971 1191 2004 clau-

453 2018 530 2052 sulis
556 2027 587 2052 et
613 2019 767 2061 decretis,
799 2020 829 2053 in
854 2022 1052 2056 contrarium
1083 2024 1189 2058 forsan

453 2072 699 2116 quomodolibet
713 2074 882 2116 concessis,
899 2076 1084 2120 approbatis
1098 2083 1129 2110 et
1144 2078 1191 2111 in-

452 2126 586 2159 novatis.
618 2126 738 2166 Quibus
770 2128 943 2169 omnibus,
968 2130 1006 2163 de
1034 2131 1191 2174 praedicti

453 2179 582 2213 IIenrici
607 2180 690 2223 regis
709 2181 749 2214 ad
773 2181 833 2215 hoc
851 2192 1000 2226 expresso
1021 2185 1192 2219 accedente

454 2229 623 2274 conse'nsu,
648 2235 849 2268 concordatis
866 2237 1050 2280 praedictis,
1068 2238 1192 2272 etiamsi

455 2286 493 2319 de
513 2286 574 2321 illis
594 2287 740 2332 specialis
753 2315 760 2328 ‚
781 2299 928 2333 expressa
957 2296 987 2323 et
1015 2290 1189 2334 individua,

454 2350 491 2373 ac
511 2340 551 2373 de
570 2340 667 2374 verbo
685 2341 725 2374 ad
751 2341 895 2383 verbum,
915 2353 979 2376 non
1003 2349 1110 2378 autem
1136 2355 1194 2389 per

455 2393 612 2427 clausulas
639 2395 807 2437 generales
839 2395 923 2429 idem
960 2396 1190 2440 importantes,

455 2447 575 2481 mentio
594 2458 649 2481 seu
666 2447 795 2492 quaevis
812 2448 874 2482 alia
893 2450 1054 2493 expressio
1073 2450 1195 2484 haben-

1026 261 1210 286 BULLARIUM
1229 261 1382 287 ROMANUM

1226 310 1383 343 servanda
1408 310 1500 350 soret,
1525 309 1587 343 illis
1607 310 1685 343 alias
1712 310 1743 343 in
1767 320 1826 344 suo
1846 311 1964 344 robore

1226 354 1456 407 permansuris,
1480 362 1538 396 hac
1556 362 1622 396 vice
1647 363 1812 396 dumtaxat
1834 363 1961 407 specia-

1226 416 1300 449 liter
1325 422 1355 449 et
1382 426 1529 460 expresse
1560 416 1771 458 derogamus,
1795 415 1964 449 contrariis

1227 469 1499 513 quibuscumque,
1523 475 1578 502 aut
1590 469 1615 502 si
1628 469 1801 513 aliquibus,
1817 479 1964 502 commu-

1226 521 1309 555 niter
1328 522 1376 555 vel
1397 521 1533 563 divisim,
1557 522 1596 555 ab
1622 522 1733 556 eadem
1754 522 1794 556 sit
1816 521 1897 556 Sede
1917 522 1965 555 in-

1227 575 1364 616 dultum,
1386 575 1474 619 quod
1492 575 1650 617 interdici,
1670 575 1834 620 suspendi,
1851 575 1899 609 vel
1916 586 1965 609 ex-

1227 628 1460 662 communicari
1494 639 1559 662 non
1594 629 1716 673 possint
1751 637 1810 673 per
1842 628 1964 662 litteras

1227 683 1419 727 apostolicas
1436 692 1512 730 ‚non
1534 682 1684 716 facientes
1706 683 1835 727 plenam
1849 677 1888 716 'et
1911 692 1964 715 ex-

1225 746 1369 780 pressam
1390 746 1426 769 ac.
1457 736 1496 769 de
1519 736 1617 769 verbo
1639 737 1678 770 ad
1698 736 1830 770 verbum
1849 735 1888 770 de
1915 736 1963 770 in-

1227 788 1316 822 dulto
1337 789 1522 823 huiusmodi
1544 789 1751 823 mentionem.

1272 844 1287 885 g
1303 841 1332 875 8.
1346 842 1428 876 Nulli
1443 853 1519 886 ergo
1533 843 1665 877 omnino
1679 843 1847 876 hominum
1872 843 1966 878 liceat

1227 896 1310 930 hanc
1330 897 1480 941 paginam
1499 903 1628 931 nostrae
1645 897 1868 939 absolutionis,
1889 908 1966 932 con-

1228 950 1438 992 firmationis,
1464 951 1708 995 approbationis
1719 979 1727 992 ,
1756 950 1944 986 adiectionis
1955 977 1962 991 ,

1227 1003 1450 1048 suppletionis,
1475 1005 1614 1045 unionis,
1639 1004 1840 1046 annexionis,
1864 1004 1967 1039 incor-

1227 1058 1418 1101 porationis,
1432 1058 1563 1099 decreti,
1579 1058 1762 1099 voluntatis,
1780 1057 1921 1092 mandati
1936 1063 1966 1091 et

1228 1111 1447 1154 derogationis
1472 1111 1662 1154 infringere,
1691 1112 1739 1145 vel
1764 1111 1792 1145 ei
1817 1122 1896 1145 ausu
1920 1116 1967 1145 te-

1230 1165 1369 1198 merario
1383 1164 1555 1205 contraire,
1571 1165 1596 1198 si
1608 1165 1679 1209 quis
1689 1171 1795 1199 autem
1810 1170 1966 1199 attentare

1228 1218 1498 1262 praesumpserit,
1523 1218 1776 1261 indignationem
1801 1216 1962 1262 Omnipo-

1231 1271 1323 1305 tentis
1348 1271 1422 1312 Dei,
1447 1282 1483 1304 ae
1512 1271 1680 1305 beatorum
1708 1272 1792 1306 Petri
1820 1276 1850 1306 et
1876 1271 1965 1306 Pauli

1229 1325 1450 1370 apostolorum
1466 1325 1542 1368 eius,
1557 1336 1590 1359 se
1607 1326 1732 1360 noverit
1745 1326 1960 1360 incursurum.

1274 1379 1387 1412 Datum
1411 1379 1533 1413 Romae
1558 1380 1643 1424 apud
1664 1379 1693 1413 S.
1718 1379 1858 1413 Marcum
1879 1389 1965 1412 anno

1228 1432 1460 1466 Incarnationis
1469 1432 1653 1467 Dominicae
1663 1442 1759 1474 nncv,
1772 1432 1966 1476 quintoldus

1228 1485 1380 1527 octobris,
1400 1486 1606 1530 pontificatus
1624 1486 1725 1520 nostri
1743 1497 1827 1520 anno
1845 1497 1866 1520 1.

1263 1546 1320 1574 Dat.
1342 1547 1384 1574 die
1405 1548 1434 1574 111
1458 1547 1578 1576 octobris
1600 1549 1678 1582 1605,
1695 1548 1791 1584 pontis.
1809 1556 1851 1575 an.
1869 1555 1886 1576 ι.

1551 1709 1639 1743 XVII.

1224 1805 1399 1839 Restitutio
1424 1810 1452 1839 et
1476 1807 1644 1840 innovatio
1655 1807 1844 1850 festivitatis
1861 1809 1967 1842 sancti

1272 1857 1402 1899 Ubatdi,
1419 1859 1560 1903 episcopi
1572 1859 1751 1903 Enyubim‘,
1770 1859 1904 1894 Ordinis
1912 1860 1968 1895 Ca-

1268 1911 1459 1945 nonicormn
1466 1912 1680 1956 Reyularium
1689 1912 1968 1956 Lateranensium,

1267 1977 1326 2010 pro
1340 1965 1392 2000 die
1411 1977 1463 2000 xvt
1483 1966 1565 1999 maii
1574 1965 1593 1999 ¹,

1464 2057 1574 2084 Paulus
1591 2056 1671 2091 Papa
1689 2057 1722 2089 V,

1416 2111 1526 2138 Servus
1543 2110 1700 2139 Servorum
1715 2111 1776 2139 Dei.

1271 2181 1313 2214 Ex
1334 2180 1480 2214 iniuncto
1510 2180 1602 2215 nobis
1630 2180 1799 2225 apostolici
1825 2181 1968 2216 muneris

1227 2234 1336 2268 debito
1368 2235 1406 2268 ad
1435 2244 1471 2268 ea
1500 2234 1636 2268 libenter
1668 2234 1880 2276 intendimus,
1911 2245 1969 2279 per

1228 2299 1310 2333 quae
1329 2294 1513 2323 sanctorum
1540 2289 1703 2323 veneratio
1728 2295 1760 2323 et
1776 2289 1969 2324 christifide-

1228 2342 1306 2376 lium
1322 2343 1448 2377 devotio
1466 2348 1613 2386 augetur,
1630 2354 1702 2376 cum
1718 2343 1905 2387 praesertim
1917 2343 1969 2387 pIa

1229 2395 1370 2430 virorum
1390 2396 1574 2440 principum
1593 2402 1665 2430 vota
1679 2397 1710 2430 id
1731 2402 1918 2440 exposcunt,
1932 2406 1969 2429 ac

1229 2450 1305 2484 alias
1315 2450 1346 2484 in
1355 2450 1492 2484 Domino
1506 2449 1723 2494 conspicimus
1738 2449 1909 2484 salubriter
1922 2460 1970 2483 ex-

455 2500 506 2542 da,
519 2506 574 2535 aut
587 2501 694 2546 aliqua
706 2501 769 2535 alia
782 2502 937 2546 exquisita
959 2503 1063 2537 forma
1076 2504 1115 2537 ad
1132 2504 1194 2538 hoe
1228 2503 1351 2548 pedire.

491 2583 501 2608 1
521 2581 589 2609 Edit.
611 2582 694 2609 Main.
711 2582 776 2618 legit
793 2583 1006 2611 Conciliorum:
1034 2592 1114 2620 porro
1133 2585 1194 2621 plu-

1265 2587 1276 2611 1
1300 2584 1376 2611 Hune
1395 2588 1516 2612 sanctum
1541 2585 1705 2612 canonizavit
1731 2588 1758 2611 et
1773 2584 1830 2611 eius
1840 2583 1966 2611 festivita·

455 2633 498 2653 res
517 2626 582 2654 alias
601 2627 627 2654 in
641 2627 692 2655 hac
703 2626 795 2655 Const.
811 2628 1014 2656 emendationes
1030 2629 1194 2665 peregimus,
1212 2646 1214 2672 Ε
1230 2633 1283 2656 tem
1297 2629 1411 2656 instituit
1425 2620 1647 2656 Coelestinns‘lll
1668 2628 1695 2655 in
1715 2636 1763 2655 sua
1777 2627 1867 2656 Const.
1884 2628 1967 2655 vtBe-

455 2677 520 2705 quas
541 2670 625 2706 piguit
645 2671 774 2700 adnotare
791 2674 830 2706 (n.
848 2674 895 2706 T.)-

1212 2673 1214 2707 ξ
1231 2674 1359 2702 nedictus
1378 2678 1443 2702 tom.
1460 2681 1490 2701 111
1511 2681 1571 2710 pag.
1583 2673 1625 2701 8⁴2.

1978 722 2044 743 nal-u.
