2227 3241
210 1100 229 1111 r

249 297 301 323 An.
318 298 345 324 c.
370 296 437 323 4605
482 285 546 321 180

264 514 325 533 Alli-ri
335 512 434 531 warmunti

250 546 289 559 nnn
306 542 401 564 piissimi,

450 344 602 388 privative
617 343 722 386 quoad
736 342 815 374 alios
831 351 1053 385 quoscumque
1069 340 1189 374 iudices

450 397 651 441 supradictos
684 401 715 429 ct
735 394 910 438 quemlibet
931 394 1086 438 ipsorum,
1103 403 1190 435 com-
1222 393 1376 437 quidandi
1399 397 1430 425 et
1454 390 1659 435 exequutioni
1680 389 1807 423 debitae
1830 390 1963 423 deman-

451 450 606 483 mittimus
628 454 658 482 et
680 449 880 481 mandamus.

495 509 510 544 g
532 503 561 535 a.
587 503 619 534 lit
643 512 683 534 ne
704 502 742 535 de
761 507 888 535 caetero
908 511 1022 534 causae
1042 500 1191 534 archilio-

449 555 583 599 spitalis,
601 561 628 588 et
653 555 739 588 illius
753 555 982 599 praeceptori&
1004 560 1034 587 et
1051 564 1189 587 conven-

451 615 510 650 tus,
540 619 576 641 ac
601 618 811 652 personarum
838 608 1041 647 huiusmodi,
1069 607 1190 641 activae

449 664 496 697 vel
514 663 668 707 passivae,
693 662 796 703 alteri,
821 673 918 706 quam
940 653 1008 703 tilii,
1033 661 1189 695 committi

448 715 598 760 possint¹;
616 722 642 749 et
660 715 818 759 quidquid
836 726 928 749 secus
941 726 958 748 a
973 724 1190 759 quocumque,

390 768 396 773 “
449 769 560 813 quavis
572 769 773 805 auctoritate.
786 768 980 802 scientervel
993 768 1190 809 ignoranter,

299 935 398 956 racana«
415 934 434 954 in

250 962 310 982 curia
333 964 353 981 at
377 963 434 981 extra

250 994 297 1008 eam
310 987 397 1010 citandi.
406 988 434 1007 in-

250 1014 337 1035 hibendi
354 1016 374 1034 et
391 1014 435 1034 ino-

251 1041 361 1061 heumines
377 1046 435 1060 roer-

250 1068 318 1091 cendi,

326 1803 401 1824 Testes
418 1802 445 1823 nd

258 1829 410 1859 perhibendum
418 1833 447 1851 te-

258 1859 378 1877 stimonium
412 1864 446 1878 cu-

260 1883 329 1909 gandi,

274 1936 395 1958 sententias
412 1944 445 1959 ex-

260 1963 359 1988 aquandi,

449 822 620 865 eontigerit
644 821 805 861 attentari,
832 821 957 854 irritum
971 827 999 854 et
1022 821 1116 853 inane
1137 821 1191 854 de-

451 876 626 910 cernimus.

495 932 511 972 g
532 930 563 963 4.
581 930 616 962 Et
636 930 766 973 insuper
785 929 851 971 tibi,
874 939 930 973 per
949 934 977 962 te
995 929 1042 962 vel
1060 928 1183 972 praela-

452 988 517 1016 tum
539 994 556 1015 a
581 989 609 1016 te
631 983 851 1027 deputandum
874 982 1073 1025 praedictum
1095 991 1192 1024 quos-

451 1047 601 1080 cumque,
615 1046 753 1080 quorum
766 1035 922 1074 intererit,
933 1042 995 1068 tam
1009 1035 1039 1067 in
1050 1035 1191 1067 Romana

450 1090 543 1124 Curia
560 1100 655 1133 quam
672 1096 758 1122 extra
774 1100 855 1127 eam,
873 1089 968 1121 etiam
982 1099 1039 1131 per
1051 1088 1192 1120 edictum

450 1144 628 1188 publicum,
653 1144 792 1177 constito
814 1143 872 1176 tibi
890 1141 1066 1175 summarie
1087 1147 1117 1174 et
1142 1151 1194 1174 ex-

452 1197 742 1231 traiudicialiterde
754 1207 819 1230 non
832 1201 901 1229 tuto
917 1194 1193 1236 aceessu,citandi‚

451 1261 487 1284 ac
508 1251 581 1291 illis,
599 1260 724 1284 necnon
739 1249 948 1293 quibuslibet,
966 1248 1057 1281 toties
1070 1247 1195 1291 quoties

452 1315 532 1348 opus
546 1304 651 1343 suerit,
669 1303 764 1337 etiam
781 1302 876 1336 simili
891 1302 1008 1339 edicte,
1027 1302 1121 1334 etiam
1136 1300 1195 1334 sub

451 1357 620 1391 sententiis
645 1356 882 1395 ei‘zelesiastieis,
912 1366 948 1388 ac
974 1355 1069 1388 etiam
1092 1364 1193 1397 pecu-

453 1409 563 1442 niariis
588 1409 719 1453 poenis,
748 1407 882 1441 arbitrio
910 1413 963 1440 tuo
991 1405 1197 1439 moderandis

454 1469 485 1496 et.
504 1463 715 1508 applicandis,
736 1461 915 1501 inhibendi,
934 1471 968 1493 ac
995 1460 1025 1493 in
1048 1465 1195 1492 eventum

454 1527 518 1550 non
541 1517 709 1561 paritionis
723 1517 761 1549 ad
777 1515 1029 1549 declarationem
1051 1514 1198 1546 incursus

456 1580 665 1603 censurarum
688 1575 718 1603 et
734 1579 914 1613 poenarum
937 1566 1134 1606 huiusmodi,
1159 1566 1198 1597 il-

457 1622 627 1666 larumque
658 1621 918 1664 aggravationem
952 1626 983 1652 et
1009 1628 1198 1661 reaggrava-

458 1675 590 1716 tionem,
608 1686 734 1709 necnon
748 1675 986 1709 invocationem
999 1673 1123 1706 brachii
1136 1682 1201 1705 sae-

459 1729 577 1762 cularis
594 1729 713 1769 auxilii,
728 1734 759 1762 et,
779 1727 941 1761 interdicti
954 1726 1196 1766 relaxationem,

505 1784 521 1824 g
543 1781 573 1814 5.
590 1783 720 1815 Necnon
736 1786 830 1815 testes
847 1781 886 1814 ad
905 1779 1141 1825 perhibendum
1156 1784 1202 1812 te-

460 1835 648 1869 stimonium
660 1835 800 1868 veritatis
813 1835 872 1868 sub
882 1834 1040 1867 similibus
1058 1832 1201 1866 censuris

461 1895 492 1922 et
511 1889 624 1934 poenis
636 1888 771 1932 cogendi
784 1894 814 1922 et
835 1886 1114 1931 compellendi‚'ac
1128 1895 1201 1919 sen-

462 1944 586 1984 tentias,
610 1948 710 1987 perte
723 1943 771 1976 vel
792 1953 849 1987 per
868 1942 1048 1986 praelatum
1066 1952 1084 1974 a
1101 1947 1131 1974 te
1149 1941 1203 1974 de-

460 1998 638 2042 putandum
660 1998 750 2039 latas,
763 2007 890 2030 necnon
902 1995 1011 2029 omnia
1023 2001 1053 2029 et
1066 1994 1202 2037 singula,

460 2062 519 2096 per
539 2057 568 2084 te
596 2057 650 2085 aut
678 2051 768 2084 illum
794 2061 853 2095 pro
875 2057 1019 2094 tempore
1040 2049 1147 2083 decisa
1172 2053 1204 2082 et

462 2104 643 2145 terminata,
664 2104 804 2145 decreta,
826 2102 990 2147 quibusvis
1007 2100 1203 2146 exceptioni-

462 2157 522 2191 bus
543 2163 574 2192 et
599 2156 870 2201 appellationibus
895 2166 959 2189 non
981 2155 1200 2195 obstantibus,

463 2211 559 2244 etiam
577 2221 635 2255 per
656 2209 903 2253 tuumvsimplex
923 2208 1110 2241 mandatum
1130 2218 1204 2241 exe-

463 2264 644 2309 quutivum,
658 2269 714 2297 tuo
729 2263 825 2297 etiam
840 2263 898 2296 sub
913 2272 1012 2306 parvo
1025 2261 1142 2304 sigillo,
1155 2271 1205 2294 rc-

463 2317 538 2360 gula
559 2316 720 2350 contraria
745 2326 810 2350 non
828 2316 985 2355 obstante,
1010 2314 1204 2348 decernendi

465 2377 493 2406 et
516 2371 706 2417 exequendi,

466 2479 592 2515 leguntur
610 2487 774 2515 coynoscen.
805 2478 932 2506 deciden.
964 2477 1142 2509 terminan.;
1160 2483 1208 2503 nos

467 2524 641 2560 intelligimus
651 2531 751 2551 causas
760 2523 978 2558 coynoscendas,
989 2525 1053 2553 etc.,
1064 2521 1116 2549 tibi
1133 2529 1209 2547 com-

469 2569 614 2598 mittimus
629 2572 656 2597 et
671 2568 861 2602 mandamus;
881 2567 933 2594 nisi
947 2566 1008 2602 quis
1034 2566 1097 2593 velit
1120 2565 1209 2601 potius

471 2614 674 2650 subintelligere
683 2622 784 2641 causas
798 2613 996 2649 coynoscemta
1009 2615 1060 2639 etc.
1075 2611 1127 2639 tibi
1137 2618 1210 2638 com-

472 2660 618 2687 mittimus
632 2659 787 2687 facultatem
809 2659 844 2694 (Β.
862 2658 910 2694 Τ,).

507 2704 520 2729 1
543 2703 636 2732 Nescio
647 2703 847 2739 adiungendum
862 2703 932 2731 foret
949 2701 1110 2730 inhibemus
1123 2705 1208 2736 iam.

1033 292 1215 317 BULLARIUM
1232 291 1384 316 ROMANUM

1973 286 2023 314 An.
2045 286 2076 313 C.
2093 285 2183 323 ¹⁶⁰⁵-;.

1266 341 1282 381 g
1301 339 1331 372 6.
1356 339 1581 382 Expensasque
1600 336 1726 375 taxandi
1740 341 1771 370 et
1785 336 1907 369 fructus
1923 335 1961 368 li·
2003 337 2181 375 expensum-1⁵

1977 376 2048 400 xandh
2183 407 2185 411 Α

1223 445 1332 485 dandi,
1353 455 1408 478 seu
1427 436 1615 477 demandari
1635 442 1783 483 faciendi,
2171 422 2182 435 γ

1269 501 1284 541 g
1308 498 1336 531 7.
1361 498 1398 531 Et
1418 497 1672 531 contradictores
1692 505 1915 540 quoscumque
1932 500 1965 528 et
1991 492 2181 538 eontraaiezqm'st‘
2198 523 2199 528 ,

1225 553 1361 586 rebelles
1378 563 1436 596 per
1452 552 1581 585 easdem
1599 561 1751 585 censuras
1775 556 1806 584 et
1829 560 1961 594 poenas,
1978 535 2140 577 ⁰⁰¹¹¹¹'²’⁰⁹¹¹‘¹'·.
2163 537 2187 565 ²³>

1225 611 1255 639 et
1268 605 1330 638 alia
1340 605 1417 638 iuris
1431 604 1586 645 remedia,
1607 603 1822 648 appellatione
1833 608 1964 647 postpo-

1224 659 1295 699 sita,
1319 658 1558 701 compescendi,

1270 714 1286 754 ξ
1308 711 1338 745 8.
1362 712 1563 755 Litterasque
1577 710 1822 744 remissioriales
1839 709 1879 743 ad
1892 719 1966 754 par-

1226 770 1283 805 tes,
1300 765 1426 808 quoties
1442 770 1471 798 et
1487 764 1617 808 quando
1629 773 1758 797 neccsse
1776 769 1805 796 et
1821 762 1966 796 tibialias

1226 818 1328 851 visum
1349 818 1455 859 suerit,
1479 825 1534 851 tuo
1554 817 1703 857 arbitrio,
1727 817 1823 850 etiam
1845 816 1905 850 sub
1924 816 1967 850 si-

1227 872 1294 904 mili
1315 872 1431 914 sigsslo,
1448 871 1559 914 regula
1580 870 1797 915 parisormiter
1806 869 1967 904 contraria
2174 855 2191 911 ς’

1226 935 1291 958 non
1313 925 1470 966 obstante,
1496 923 1704 964 decernendi,
2181 920 2186 937 ⁴

1272 980 1287 1020 ξ
1306 978 1335 1011 9.
1357 979 1488 1021 Necnon
1506 988 1606 1011 unum
1628 987 1664 1010 ex
1681 982 1822 1020 quatuor
1834 975 1968 1010 notariis
2008 985 2117 1016 numqaum
2131 981 2195 1007 nvi«

1228 1032 1272 1064 tui
1294 1032 1473 1072 tribunalis,
1495 1031 1629 1064 arbitrio
1650 1030 1870 1075 praeceptoris
1890 1029 1966 1064 dicti
1982 1012 2079 1040 ''mm''

1228 1085 1487 1129 archiliospitalis
1507 1085 1704 1126 eligendum,
1734 1084 1764 1116 in
1786 1083 1890 1117 causis
1909 1083 1969 1117 hu-

1229 1138 1367 1172 iusmodi
1386 1139 1573 1182 deputandi,
2136 1178 2138 1180 v

1274 1194 1289 1233 g
1310 1191 1362 1224 10,
1388 1193 1477 1225 Acin
1496 1193 1616 1225 eisdem
1636 1192 1738 1225 causis
1751 1191 1886 1234 singulis
1902 1191 1969 1224 die·
1993 1197 2167 1228 Sinzutisdiebu·

1230 1245 1289 1277 lms
1315 1245 1454 1284 seriatis,
1483 1251 1710 1289 praeterquam
1735 1244 1910 1278 Dominicis
1939 1249 1970 1278 et
1984 1225 2121 1253 ''mmm''

1230 1298 1300 1330 aliis
1318 1298 1435 1331 festivis
1453 1299 1492 1331 dc
1505 1304 1689 1342 praecepto,
1707 1297 1753 1331 et¹
1773 1297 1916 1342 (quando
1927 1297 1971 1330 vi-

1231 1350 1345 1384 delicet
1371 1350 1492 1384 dictum
1523 1350 1772 1394 arcbihospitale
1790 1350 1850 1383 erit
1866 1351 1970 1393 actor)

1231 1404 1440 1446 procedendi,
1458 1415 1494 1437 ac
1508 1403 1618 1438 omnia
1638 1409 1669 1437 et
1689 1403 1816 1446 singula
1833 1403 1865 1436 in
1884 1413 1974 1447 prae-

1234 1454 1337 1490 missis
1358 1463 1389 1490 et
1417 1457 1503 1491 circa
1532 1468 1568 1490 ea
1598 1456 1792 1497 necessaria,
1813 1466 1969 1500 seuquo-

1233 1510 1410 1544 modolibet
1423 1517 1617 1555 opportuna,
1634 1510 1783 1551 faciendi,
1797 1509 1929 1552 gerendi
1943 1514 1974 1542 et

1233 1564 1432 1607 exequendi,
1462 1569 1563 1604 motu,
1590 1564 1723 1597 scientia
1753 1569 1784 1596 et
1808 1562 1975 1607 potestatis

1233 1617 1434 1659 plenitudine
1455 1617 1614 1650 similibus
1638 1617 1766 1661 plenam
1789 1622 1819 1649 et
1838 1616 1973 1649 liberam
2162 1631 2173 1646 .·
2196 1623 2200 1641 ¹

1234 1670 1416 1704 facultatem
1434 1671 1643 1704 concedimus
1662 1676 1693 1703 et
1707 1669 1923 1714 impertimur.
2170 1699 2199 1717 ἢ,

1284 1725 1363 1769 git.
1380 1725 1561 1759 Statuentes
1575 1724 1663 1768 quod
1675 1723 1842 1757 citationes
1856 1723 1888 1756 in
1902 1733 1976 1756 cau·
2005 1717 2188 1776 ggrcffiffimffi

1235 1780 1276 1813 sis
1286 1779 1459 1824 praedictis
1469 1778 1581 1821 exequi
1593 1777 1718 1821 possint
1728 1787 1787 1820 per
1803 1785 1976 1820 quoscum·
1989 1760 2134 1829 ἕπε-51313140*
2141 1766 2200 1822 οἰζζη

1236 1843 1298 1878 que
1315 1842 1461 1866 cursores
1482 1837 1512 1864 et
1536 1830 1755 1863 mandatarios
1774 1828 1868 1863 Urbis
1889 1828 1976 1862 iuxta
1999 1815 2025 1830 ³⁰
2044 1815 2056 1832 ''
2165 1822 2188 1840 ⁴¹

1235 1886 1389 1931 placitum
1414 1883 1634 1929 procuratoris
1664 1883 1739 1917 dicti
1769 1881 1973 1927 archihosp'i-
2167 1886 2191 1918 -'.‘,

1237 1940 1318 1981 talis;
2173 1943 2187 1973 ξ

1282 1996 1297 2036 ξ
1313 1994 1365 2027 12.
1382 1993 1538 2037 Quodque
1554 1992 1662 2025 nullae
1676 1991 1895 2032 inhibitiones,
1910 1999 1975 2024 non
1991 1991 2199 2046 ὺιὲοὲῑᾱιξιιὲἰιέξὲ.

1237 2053 1397 2092 gravetur,
1412 2045 1678 2090 supeisessoriae,
1693 2044 1863 2079 dilationes
1879 2043 1975 2078 etiam
1990 2036 2187 2097 tiffiiczffiggff}

1238 2101 1507 2146 quinquennales,
1532 2105 1564 2133 et
1590 2099 1622 2132 in
1643 2098 1706 2131 vim
1727 2103 1834 2132 motus
1852 2095 1976 2142 proprii
1991 2082 2187 2150 'sfalrgtj'busfflffi'ss'

1238 2155 1283 2189 Pii
1302 2155 1324 2187 V
1345 2165 1362 2188 a
1382 2153 1547 2198 quibusvis
1561 2152 1733 2193 iudicibus,
1754 2151 1849 2185 etiam
1867 2159 1978 2185 causa·
1991 2136 2018 2151 ‘³
2063 2134 2103 2155 ’ω

1239 2219 1312 2242 rum
1329 2208 1481 2242 Gamerae
1501 2205 1704 2250 Apostolicae
1727 2204 1887 2246 auditore,
1910 2208 1942 2237 et
1959 2213 1978 2237 a

1239 2261 1441 2306 praesidente
1451 2258 1640 2293 visitationis
1649 2266 1828 2298 carcerum,
1837 2256 1896 2290 sub
1908 2256 1979 2300 qui-

1240 2314 1347 2348 busvis
1368 2313 1534 2348 tenoribus
1555 2318 1586 2346 et
1604 2311 1726 2352 formis,
1749 2316 1978 2355 praeterquam

1241 2374 1298 2402 ate
1309 2377 1491 2408 concessae,
1507 2365 1669 2411 aliquibus
1681 2364 1908 2407 suffragentur,
1922 2361 1979 2396 sed
2168 2400 2171 2406 .

1242 2421 1303 2455 illis
1321 2421 1455 2454 minime
1475 2418 1679 2453 obstantibus
1698 2417 1870 2461 exequutio
1888 2425 1980 2450 man·
2161 2417 2177 2434 *-

1242 2476 1392 2509 datorum
1413 2474 1452 2508 ad
1466 2474 1608 2507 savorem
1625 2472 1767 2506 eiusdem
1781 2469 1982 2514 archihospi-
2159 2471 2161 2474 ⁴

1242 2529 1313 2563 talis
1333 2538 1560 2562 concessorum
1577 2526 1648 2560 fieri
1668 2526 1781 2560 valeat.

2067 2561 2174 2586 cun-utu

1288 2583 1304 2624 ξ
1319 2581 1371 2615 13.
1387 2583 1431 2615 Ac
1445 2582 1653 2615 decernentes
1665 2584 1850 2624 praesentes
1860 2577 1981 2612 litteras
1995 2590 2172 2629 „muman-,7

2022 720 2163 742 Remissorin
2171 711 2196 752 ’ξᾲ

1981 747 2052 771 dandi.
2175 754 2177 758 ⁴

1281 2700 1290 2726 1
1316 2698 1448 2726 Particula
1463 2700 1489 2726 ee
1504 2696 1657 2725 redundare
1673 2696 1779 2724 videtur
1793 2697 1832 2731 (n.
1848 2696 1896 2731 τ.).
