2227 3241
246 254 338 282 Aac.
361 254 428 283 1603

267 580 427 601 Pessi-lentibus

245 607 301 628 bona
320 607 371 627 «tit-ti
386 612 428 627 mo-

245 634 331 655 nasteri·
351 640 370 653 ιιι
388 639 428 653 em·
446 625 518 658 tatis
538 625 753 659 Ferrariensis
774 627 1031 671 recuperatione,
1045 627 1191 671 capitula

246 660 363 686 phyteusim
381 665 428 679 cen·

246 687 327 707 ceditur
343 686 429 706 facultas

246 719 271 734 ea
299 712 429 733 aurant-andi

245 741 313 760 nututo
348 739 428 764 pretio.

247 773 259 787 a
278 766 351 791 periti·
373 765 429 786 deni-

246 792 341 819 guanilo:

474 244 517 279 54

444 305 542 340 κίοεα,
565 305 726 347 conforme
746 303 815 336 alla
835 303 1073 345 Bom'facz'ana,
1099 313 1115 335 o
1135 302 1185 334 αῖ-

443 369 534 391 meno
552 358 688 390 conceda
704 357 739 389 cli
756 356 877 399 poterlz'
893 356 1109 399 appropriare
1129 367 1185 389 con

445 413 595 446 liberarli
607 412 700 446 dalla
719 412 806 445 della
826 411 936 445 Bastia
956 423 976 444 a
993 413 1110 456 cinque
1127 423 1186 456 per

443 470 532 498 cento
557 466 609 499 del
627 465 737 499 valore
754 465 789 498 cli
809 465 881 507 essi,
903 465 945 499 cla
964 466 1113 499 stimarsi
1133 465 1183 499 da'

440 519 563 562 periti,-

490 574 505 613 ἓ
526 571 555 604 3.
576 572 719 616 Cumque
741 583 810 613 nos,
834 575 970 617 sequuta
988 573 1090 606 dictae
1112 573 1186 606 civi-

444 678 553 711 omnia
574 679 756 722 praedicta,
778 680 817 713 de
835 680 971 714 fratrum
1000 686 1184 714 nostrorum

445 732 580 765 consilio
600 738 631 765 et
653 743 802 774 assensu,
825 740 984 778 perpetuo
1005 733 1183 767 confirma-

443 785 584 819 verimus
611 792 641 819 et
665 787 971 831 approbaverimus;
1003 798 1090 821 nunc
1111 798 1186 821 vero

444 839 548 874 dictus
568 840 683 874 Caesar
703 841 767 874 dux
784 841 894 886 cupiat
910 852 1009 885 super
1029 841 1115 875 dicto
1136 852 1187 875 ca-

442 894 545 938 pitulo
566 894 722 938 speciales
743 901 868 929 nostras
889 895 997 929 literas
1022 895 1182 940 expediri:

442 959 501 982 nos
521 949 718 993 praemissa,
741 955 778 983 ut
796 961 855 994 par
875 955 932 991 est,
950 950 1141 990 observare,
1163 950 1187 982 i-

441 1013 602 1047 psumque
622 1003 788 1037 Caesarem
804 1004 918 1037 ducem
933 1003 1127 1048 opportunis
1141 1004 1185 1036 sa-

442 1057 573 1091 voribus
594 1063 625 1091 et
644 1058 757 1100 gratiis
770 1058 924 1102 prosequi
944 1058 1100 1099 volentes,
1122 1064 1152 1091 et
1169 1069 1186 1091 a

443 1111 607 1155 quibusvis
622 1111 980 1153 excommunicationis,
1002 1112 1186 1156 suspensio-

442 1164 492 1198 nis
522 1170 553 1198 et
580 1164 764 1206 interdicti,
797 1165 933 1209 aliisque
963 1166 1187 1199 ecclesiasticis

442 1218 622 1259 sententiis,
648 1219 793 1252 censuris
814 1224 844 1252 et
861 1219 988 1262 poenis,
1010 1230 1027 1252 a
1048 1219 1118 1252 iure
1139 1220 1187 1252 vel

444 1271 483 1304 ab
505 1271 656 1313 homine,
687 1272 799 1316 quavis
826 1273 997 1306 occasione
1022 1273 1067 1306 vel
1091 1275 1188 1306 causa

443 1325 526 1366 latis,
550 1325 575 1358 si
605 1325 723 1369 quibus
746 1325 994 1369 quomodolibet
1013 1326 1188 1360 innodatus

444 1378 559 1419 existit,
581 1379 621 1411 ad
642 1378 792 1412 effectum
820 1379 1041 1423 praesentium
1063 1379 1189 1412 dumta-

443 1438 496 1466 xat
516 1433 799 1476 consequendum,
828 1433 943 1466 harum
971 1433 1054 1466 serie
1081 1433 1188 1466 absol-

444 1492 553 1520 ventes
567 1492 598 1520 et
611 1486 796 1520 absolutum
812 1487 880 1519 sore
898 1492 1077 1527 censentes,
1098 1493 1188 1520 motu

443 1540 588 1585 proprio,
605 1546 636 1574 et
654 1552 691 1575 ex
709 1542 795 1574 certa
809 1540 954 1582 scientia,
975 1551 1011 1574 ac
1025 1543 1115 1574 mera
1132 1541 1188 1575 de-

444 1594 638 1628 liberatione
651 1594 782 1636 nostris‚
800 1595 905 1638 deque
918 1595 1115 1639 apostolicae
1132 1606 1190 1640 po-

444 1647 566 1681 testatis
585 1647 806 1692 plenitudine,
831 1648 984 1682 omnibus
1004 1653 1036 1682 et
1055 1648 1190 1691 singulis

445 1700 567 1734 civibus
585 1707 616 1735 et
635 1701 749 1735 incolis
769 1701 1013 1744 Mutinensibus,
1035 1707 1065 1735 et
1086 1707 1190 1735 terrae

445 1754 658 1797 Nonantulae‚
676 1766 855 1800 earumque
867 1755 1080 1789 comitatuum
1095 1761 1127 1789 et
1143 1755 1190 1789 di-

445 1807 627 1850 strictuum,
652 1809 707 1853 qui
726 1808 958 1853 possessiones,
978 1809 1081 1850 villas,
1097 1820 1187 1853 prae-

446 1861 499 1894 dia
519 1867 549 1895 et
567 1862 697 1906 quaevis
718 1862 780 1896 alia
800 1863 887 1896 bona
908 1862 1036 1896 stabilia
1054 1863 1085 1896 in
1107 1862 1187 1896 civi-

446 1921 510 1950 tate
527 1916 665 1950 Mutinae
678 1944 685 1958 ,
709 1922 765 1950 aut
788 1918 874 1951 terra
893 1917 1113 1958 Nonantulae,
1141 1917 1190 1950 vel

447 1969 479 2002 in
497 1980 608 2003 earum
630 1970 837 2004 comitatibus
855 1976 886 2004 et
903 1970 1113 2012 districtibus,
1137 1976 1191 2004 aut

446 2023 524 2056 alibi
550 2023 748 2068 ubicumque
776 2024 945 2058 existentia
972 2024 1031 2058 sub
1058 2024 1191 2058 nomine

446 2076 585 2120 precarii
605 2087 661 2110 seu
681 2077 883 2121 precariatus
911 2078 957 2111 vel
980 2078 1192 2122 emphytheu-

447 2129 490 2162 sis
510 2129 575 2162 sive
596 2130 726 2164 alterius
744 2130 857 2164 similis
882 2136 1066 2164 contractus
1099 2131 1191 2164 titulo

448 2183 693 2227 comprehensa,
724 2195 780 2218 seu
807 2185 974 2227 cadentia,
997 2190 1029 2219 et
1055 2182 1107 2218 ut¹
1130 2184 1192 2218 alia

447 2236 508 2270 sibi
530 2242 561 2270 et
578 2247 689 2270 eorum
708 2239 977 2279 antecessoribus,
1000 2238 1191 2272 universali-

449 2291 507 2324 bus
525 2292 574 2324 vel
593 2291 822 2334 singularibus,
846 2293 904 2326 sub
922 2293 1123 2337 precariatus
1143 2293 1192 2326 vel

449 2344 679 2390 emphyheusis
711 2345 777 2379 sive
805 2346 938 2380 alterius
966 2346 1079 2380 similis
1109 2357 1189 2380 con-

450 2404 570 2432 tractus
590 2398 659 2440 sit⁹,
683 2405 718 2432 ut
734 2399 930 2443 praefertur,
955 2410 973 2433 a
993 2399 1192 2433 monasterio

449 2452 551 2486 sancti
582 2453 732 2498 Sylvestri
760 2453 799 2487 de
825 2453 1025 2495 Nonantula,
1064 2453 1192 2487 Ordinis

486 2542 498 2568 t
515 2541 700 2569 Probabiliter
715 2541 860 2577 legendum
880 2545 909 2570 ιιι
923 2544 959 2575 et,
977 2541 1090 2568 scilieet:
1106 2541 1193 2569 sicuti

451 2587 536 2614 eliam
552 2587 646 2614 alia...
660 2588 698 2622 (R.
715 2587 764 2621 Τ.).

485 2631 501 2657 2
516 2631 639 2660 Fortasse
653 2632 784 2660 mendose
795 2633 955 2669 impressum
971 2633 1021 2660 tuit
1034 2633 1070 2660 sit
1085 2640 1132 2667 pro
1145 2632 1188 2661 tit.

451 2675 555 2703 scilicet
571 2676 655 2705 titulo
669 2677 708 2712 (a.
724 2677 773 2711 T.).

1024 254 1208 279 BULLARIUM
1228 253 1382 279 ROMANUM

1218 303 1317 335 sancti
1343 302 1519 342 Benedicti,
1542 303 1662 335 nullius
1683 303 1850 343 dioecesis,
1875 303 1958 337 eius-

1216 368 1278 401 que
1299 357 1471 389 abbatibus
1501 356 1550 389 vel
1578 356 1880 397 commendatariis‚
1905 363 1960 390 aut

1219 411 1289 443 aliis
1316 409 1597 454 praesidentibus,
1621 410 1957 452 administratoribus,

1219 474 1274 497 seu
1296 463 1530 503 reservatariis,
1554 473 1680 496 necnon
1701 463 1811 506 priore
1828 469 1858 497 et
1878 474 1957 496 con-

1220 523 1326 557 ventu,
1351 516 1549 550 coniunctim
1570 517 1617 550 vel
1646 516 1784 556 divisim,
1809 527 1962 550 concessa

1220 571 1339 603 habent
1353 577 1383 604 et
1398 571 1575 615 possident,
1592 581 1648 603 seu
1667 570 1819 614 deinceps
1840 570 1961 603 habue-

1221 624 1283 657 rint
1298 630 1328 657 et
1341 622 1614 668 possederint,ut¹
1629 624 1741 657 eadem
1757 624 1852 665 bona,
1864 633 1961 667 quan-

1221 678 1405 721 documque
1439 678 1515 722 ipsis
1546 678 1685 722 precarii
1715 688 1771 711 seu
1792 677 1959 721 precaria-

1222 737 1271 765 tus
1284 732 1332 765 vel
1351 732 1593 777 emphytheusis
1612 732 1677 765 sive
1698 731 1831 764 alterius
1848 731 1962 764 similis

1221 791 1407 819 contractus
1427 785 1520 819 titulo
1541 785 1782 829 possidentibus
1802 784 1963 818 videbitur

1221 846 1252 873 et
1270 839 1440 884 placuerit,
1464 846 1537 873 ante
1558 846 1665 873 tamen
1686 839 1813 873 finitum
1837 845 1963 883 tempus

1220 894 1407 928 huiusmodi
1451 893 1696 928 concessionum
1712 921 1720 935 ,
1757 904 1964 938 quacumque

1220 947 1476 992 praescriptione
1500 947 1595 981 etiam
1624 947 1786 980 contraria
1806 957 1872 980 non
1897 947 1958 980 ob-

1220 1008 1336 1043 stante,
1361 1013 1378 1035 a
1398 1001 1469 1034 iure
1489 1001 1699 1046 proprietatis
1720 1007 1751 1034 et
1771 1000 1887 1034 directi
1907 1001 1964 1034 do-

1221 1056 1312 1089 minii
1333 1056 1478 1089 eiusdem
1494 1055 1681 1089 monasterii
1703 1054 1854 1098 illiusque
1875 1065 1964 1088 men-

1220 1121 1273 1144 sae
1293 1116 1357 1143 tam
1379 1110 1548 1143 abbatialis
1563 1137 1570 1151 ,
1602 1120 1698 1153 quam
1720 1109 1961 1151 conventualis,

1220 1165 1333 1198 solutis
1359 1175 1419 1208 pro
1449 1164 1494 1198 eis
1514 1164 1546 1197 in
1568 1166 1737 1197 numerata
1761 1163 1899 1208 pecunia
1923 1162 1964 1196 ad

1220 1218 1379 1252 rationem
1400 1224 1565 1251 scutorum
1581 1217 1725 1261 quinque
1742 1227 1801 1261 pro
1819 1216 1965 1260 quolibet

1221 1271 1408 1305 centenario
1428 1271 1547 1304 valoris
1564 1271 1595 1303 in
1616 1270 1817 1314 proprietate
1837 1279 1966 1302 eorum-

1222 1325 1294 1358 dem
1320 1325 1481 1358 bonorum
1512 1335 1570 1368 per
1600 1324 1741 1368 peritum
1767 1324 1817 1357 vel
1844 1323 1965 1368 peritos

1222 1379 1441 1412 communiter
1470 1378 1637 1421 eligendos
1663 1377 1961 1418 aestimandorum,

1221 1433 1361 1466 liberare
1386 1438 1417 1466 et
1437 1432 1627 1472 affrancare,
1648 1431 1767 1476 illaque
1788 1431 1848 1464 sibi
1873 1431 1961 1475 ipsis,

1222 1497 1350 1521 necnon
1371 1487 1444 1520 filiis
1459 1498 1494 1520 ac
1511 1485 1707 1520 haeredibus
1721 1492 1750 1519 et
1771 1484 1966 1519 successori-

1222 1541 1283 1574 bus
1299 1541 1364 1574 suis
1385 1540 1648 1585 quibuscumque
1666 1539 1698 1572 in
1719 1538 1896 1579 infinitum,
1908 1548 1966 1582 ap-

1222 1594 1393 1639 propriare
1421 1599 1452 1627 et
1482 1594 1579 1638 pleno
1612 1593 1682 1626 iure
1713 1592 1903 1636 acquirere,
1936 1595 1968 1624 et

1223 1660 1321 1694 super
1341 1649 1392 1682 his
1415 1658 1643 1692 quaecumque
1670 1647 1886 1680 instrumenta
1905 1655 1966 1679 ne-

1224 1702 1363 1736 cessaria
1384 1708 1416 1735 et
1440 1707 1625 1746 opportuna
1654 1700 1838 1741 celebrare,
1868 1699 1970 1732 libere

1224 1762 1255 1790 et
1273 1756 1359 1789 licite
1373 1755 1497 1800 possint
1515 1759 1546 1788 et
1559 1755 1695 1794 valeant,
1716 1752 1893 1798 apostolica
1913 1762 1970 1786 au-

1224 1809 1384 1850 ctoritate,
1415 1814 1527 1842 tenore
1555 1807 1787 1852 praesentium,
1810 1811 1968 1851 perpetuo

1225 1863 1435 1898 concedimus
1456 1868 1487 1896 et
1507 1863 1725 1905 indulgemus,

1270 1919 1285 1960 g
1310 1917 1341 1951 lt.
1362 1918 1417 1958 Ac,
1441 1916 1474 1950 in
1495 1915 1683 1950 huiusmodi
1698 1913 1914 1949 concessionis
1936 1918 1968 1946 et

1225 1971 1341 2005 indulti
1355 1970 1819 2014 exequutionem,potestatem
1834 1967 1969 2001 facimus

1225 2024 1360 2068 singulis
1373 2023 1512 2068 precarii
1537 2034 1593 2057 seu
1613 2022 1813 2066 precariatus
1833 2021 1881 2054 vel
1901 2030 1969 2054 em-

1224 2077 1412 2122 phytheusis
1435 2077 1499 2110 sive
1514 2076 1647 2110 alterius
1660 2074 1774 2109 similis
1786 2079 1971 2108 contractus

1227 2132 1319 2166 titulo
1343 2133 1429 2165 hona
1449 2131 1617 2176 praedicta
1637 2129 1892 2174 possidentibus,
1916 2127 1971 2172 qui

1226 2187 1338 2220 eadem
1359 2186 1445 2219 bona
1472 2196 1531 2229 pro
1560 2190 1706 2228 tempore
1738 2183 1916 2217 affrancare
1941 2187 1972 2215 et

1225 2240 1363 2274 liberare
1377 2240 1550 2279 voluerint,
1568 2238 1702 2272 dilectos
1719 2236 1803 2270 filios
1820 2236 1970 2269 abbatem

1225 2294 1273 2328 vel
1296 2291 1630 2333 commendatarium,
1655 2297 1709 2325 aut
1731 2289 1972 2324 administrato-

1225 2358 1306 2389 rem,
1329 2358 1387 2380 seu
1406 2345 1667 2386 reservatarium,
1683 2350 1738 2378 aut
1757 2344 1856 2377 alium
1877 2353 1971 2387 prae-

1225 2401 1384 2435 sidentem
1403 2411 1490 2433 nunc
1504 2406 1535 2433 et
1547 2410 1607 2444 pro
1624 2404 1767 2442 tempore
1782 2397 1967 2430 existentem

1225 2454 1383 2499 praedicti
1408 2452 1613 2493 monasterii,
1637 2451 1699 2493 vel,
1720 2451 1744 2484 si
1766 2461 1823 2484 sua
1847 2449 1969 2494 specia-

1263 2590 1273 2613 t
1297 2586 1464 2614 Particulam
1492 2589 1522 2614 uc
1548 2583 1763 2612 interiiciendam
1790 2583 1969 2611 iudicavimus

1228 2636 1363 2668 tamquam
1378 2629 1530 2658 necessario
1545 2628 1703 2665 requisitam
1715 2636 1730 2655 a
1747 2628 1836 2655 verbis
1849 2635 1967 2663 sequen—

1228 2676 1299 2705 tibus
1313 2676 1340 2705 in
1355 2676 1409 2704 sine
1426 2675 1439 2711 ἓ
1454 2674 1637 2703 concedimus
1652 2676 1679 2702 el
1691 2673 1872 2709 indulgemus
1884 2672 1918 2709 (a.
1931 2671 1970 2706 τ.)

1976 255 2027 282 An.
2041 254 2069 283 C.
2089 254 2159 283 1603

2008 1902 2035 1923 Et
2045 1901 2166 1932 super-iores

1983 1930 2107 1951 monasterii
2116 1933 2166 1949 con-

1984 1955 2082 1977 veniendi
2097 1960 2135 1981 pro
2141 1960 2166 1985 *e-

1984 1983 2073 2010 ligendis
2083 1982 2167 2009 peritts;
