2227 3241
27 219 94 250 Ἀη.
111 218 138 244 C.
164 217 228 245 1607

241 265 436 298 detrimenta
461 264 613 308 patiatur,
637 262 807 307 providere
828 261 981 301 volentes,

241 328 368 352 necnon
385 317 585 360 singularum
604 316 785 349 litterarum
804 314 985 359 praedicta-

241 382 312 404 rum
335 376 365 404 et
385 370 459 404 inde
472 375 682 414 sequutorum
702 377 985 413 quorumeumcpie

244 430 382 465 tenores,
406 435 442 457 ac
462 424 487 457 si
509 424 548 457 de
568 423 666 456 verbo
687 423 727 456 ad
745 421 878 455 verbum
900 421 985 454 inse-

243 484 404 518 rerentur,
426 475 652 521 praesentibus
671 485 731 519 pro
749 474 906 518 expressis
928 473 985 507 ha-

243 531 366 572 bentes,
383 529 483 574 ipsius
503 528 643 572 Philippi
670 527 754 570 regis
771 527 983 571 supplicatio-

244 584 338 616 nibus
363 582 394 616 in
419 582 479 616 hae
504 587 595 626 parte
620 581 775 621 inclinati,
799 580 984 613 discretioni

245 642 318 669 tuae
333 646 392 680 per
401 640 586 680 praesentes
602 633 836 668 committimus
854 639 883 666 et
901 643 987 666 man-

244 692 368 730 damus,
396 694 572 733 quatenus,
595 688 715 722 vocatis
735 686 909 721 venerabili
925 687 986 720 sra-

190 775 198 777 μ
245 751 292 778 tre
304 748 415 777 nostro
433 743 585 787 episeopo
598 741 782 776 Dertusensi
801 746 831 774 et
843 740 913 774 aliis
931 740 985 784 qui

245 797 364 831 suerint
379 795 562 839 evocandi,
593 795 753 828 desectum
785 793 986 838 probationis

244 850 430 884 huiusmodi
455 847 646 893 supplere¹3
670 847 821 891 dictoque
838 846 986 890 Philippo

245 903 312 946 regi
332 909 363 937 et
383 903 537 946 magistro
558 913 614 936 seu
641 901 893 935 administratori
914 911 988 944 per-

244 961 342 1001 petuo
367 956 416 989 ius
432 961 622 1000 patronatus
640 961 670 988 et
695 953 923 998 praesentandi
948 954 987 986 ad

245 1010 396 1044 ecelesias
415 1009 601 1043 huiusmodi
616 1009 755 1053 (quoties
773 1008 843 1041 illas
856 1018 988 1051 quoquo

247 1063 344 1097 modo
372 1073 507 1104 vacare,
535 1074 590 1096 seu
618 1062 827 1096 commendas
859 1062 898 1094 de
927 1061 1007 1093 illis

247 1118 346 1150 saetas
366 1127 490 1150 cessare
519 1115 714 1158 eontigerit)
743 1125 934 1148 conservare
959 1119 989 1146 et

249 1171 442 1211 defendere,
465 1170 637 1214 ipsumque
658 1169 690 1202 in
716 1179 753 1202 eo
780 1173 990 1201 manutenere

247 1225 395 1270 <perinde
410 1235 446 1258 ae
460 1224 485 1257 si
503 1233 615 1257 omnes
633 1234 669 1256 ae
683 1222 889 1256 continuatae
903 1231 991 1265 prae-

247 1279 443 1314 sentationes
462 1306 470 1320 ‚
511 1278 738 1322 dietartunque
782 1277 989 1310 eeclesiarum

247 1339 348 1368 status
373 1333 434 1366 rite
457 1338 488 1366 et
513 1332 744 1366 concludenter
768 1331 988 1375 p1·obarent)'-'3

248 1388 443 1431 nullumque
476 1387 564 1420 aliud
589 1386 667 1419 iuris
692 1385 926 1419 adminiculum
953 1385 990 1417 ad

249 1443 297 1476 ius
313 1447 502 1486 patronatus
517 1446 547 1474 et
559 1439 786 1484 praesentandi
806 1439 991 1472 huiusmodi

251 1495 372 1539 requiri
395 1495 450 1538 (ita
467 1499 503 1527 ut
523 1494 583 1538 ipsi
609 1493 758 1537 Philippo
781 1493 846 1534 regi
873 1498 904 1525 et
925 1503 992 1525 ma-

249 1550 349 1592 gistro
362 1559 419 1582 seu
433 1546 686 1581 administratori
702 1552 858 1591 perpetuo
879 1547 919 1579 ad
940 1557 994 1590 pa-

250 1602 409 1636 rochiales
440 1601 590 1635 ecclesias
620 1601 801 1644 praedictas
827 1606 854 1633 et
882 1611 993 1633 earum

251 1656 450 1700 quamlibet,
478 1655 747 1698 quotiescumque
778 1664 830 1687 eas
862 1664 994 1697 quoquo

252 1711 348 1744 modo
367 1715 398 1744 et
418 1721 454 1743 ex
476 1719 759 1753 quoromeumque
779 1707 926 1752 personis
944 1718 995 1740 ra-

252 1774 326 1797 eare
359 1774 415 1796 seu
448 1763 657 1796 commendas
687 1763 726 1795 de
761 1762 805 1795 eis
831 1760 995 1805 quibusvis

251 1819 349 1850 saetas
369 1827 493 1850 cessare
515 1815 698 1858 eontigerit,
721 1816 836 1848 fratres
857 1814 996 1858 capella-

251 1881 310 1904 nos
331 1871 435 1904 dietae
455 1870 597 1909 Militiae,
622 1870 646 1902 si
668 1870 707 1902 ad
735 1869 765 1901 id
793 1869 997 1912 reperiantur

253 1924 372 1965 idonei,
403 1924 451 1957 sin
477 1924 606 1963 minus,
631 1923 766 1956 elericos
791 1922 993 1961 saeculares,

252 1979 374 2010 serrata
395 1977 472 2009 alias
498 1977 578 2010 sacri
605 1976 737 2010 Concilii
757 1975 934 2009 Tridentini
961 1987 1014 2012 aet

252 2030 484 2064 Constitutione
516 2029 707 2063 recolendae
744 2028 919 2061 memoriae
951 2029 995 2061 l‘ii

254 2085 358 2128 Papae
378 2084 400 2115 V
416 2110 423 2123 ,
448 2083 569 2126 pariter
594 2082 852 2126 praedecessoris
882 2082 993 2115 nostri,

254 2147 350 2181 super
360 2136 598 2180 provisionibus
608 2136 760 2169 similium
777 2136 997 2171 ecelesiarum,

255 2191 330 2223 dum
349 2200 409 2234 pro
431 2195 576 2232 tempore
595 2194 718 2229 vacant,
743 2188 914 2222 sae-iendis‘
936 2188 998 2221 edi-

256 2249 305 2276 tae
330 2243 454 2284 forma,
483 2242 654 2276 Ordinario
680 2242 741 2275 loei
764 2242 848 2274 intra
874 2248 998 2285 tempus

255 2298 295 2331 ad
316 2297 348 2331 id
369 2308 386 2330 a
404 2297 473 2330 iure
493 2302 645 2330 statutum
673 2301 892 2340 11›1·aes12·ntare,
917 2296 995 2340 ipsi--

255 2362 317 2396 que
330 2351 501 2386 Ordinario
514 2361 668 2395 personas
679 2350 751 2391 sibi,
763 2355 793 2383 ut
809 2351 999 2393 prael'ertnr,

236 1858 250 1870 D

292 2450 302 2475 1
320 2449 501 2483 Subintellige
526 2457 615 2482 cures,
633 2451 662 2474 ut
678 2448 779 2481 legitur
793 2447 827 2473 ad
844 2448 927 2474 tinem
943 2448 955 2481 ξ
972 2449 998 2482 (3,

257 2502 320 2521 nam
340 2502 372 2521 eo
392 2502 480 2529 usque
500 2494 588 2520 oratio
608 2496 702 2519 manet
722 2500 858 2527 suspensa
873 2500 910 2526 ιιι.
927 2497 975 2522 τι).

291 2538 308 2565 2
336 2538 440 2565 lterum
468 2542 494 2565 et
521 2546 632 2573 semper
660 2537 790 2571 deinceps
825 2537 1000 2571 subintellige

258 2591 339 2610 cures
353 2584 391 2617 (R.
408 2584 457 2617 T.)-

295 2627 310 2655 3
330 2628 450 2655 Errouee
466 2629 532 2675 edit.
550 2628 632 2655 Main.
652 2628 733 2656 habet
757 2627 883 2663 jaciendi
897 2627 937 2662 (n.
958 2626 1001 2661 ι.).
1018 2640 1021 2661 ¹.

795 213 910 237 inuitus
937 214 953 235 t·
981 213 1024 235 ΡΓ.

1664 199 1729 232 ,42ῐῖ

1020 266 1237 304 praesentatas
1259 261 1342 293 intra
1365 266 1489 303 tempus
1504 258 1648 292 debitum
1668 258 1698 290 in
1713 268 1762 290 re-

1019 320 1123 347 ctores
1139 314 1374 358 parochialium
1390 313 1613 353 ecelesiarum,
1630 313 1669 345 ad
1684 323 1762 356 quas

1019 378 1077 411 per
1097 370 1286 410 magistrum
1309 378 1364 401 seu
1382 367 1677 400 administratorem
1690 377 1763 410 per—

1020 426 1152 464 petuum
1178 417 1277 465 ipsius
1298 421 1426 454 Militiae
1448 431 1506 464 pro
1528 426 1672 464 tempore
1698 419 1762 453 exi-

1020 479 1155 507 stentem
1182 480 1405 517 praesentatae
1433 474 1570 515 t'uerint,
1595 473 1762 506 instituere

1020 527 1128 569 liti-eat)
1150 526 1350 562 declarare¹2

1065 582 1080 622 ἓ
1103 579 1132 612 5.
1158 581 1199 612 Ae
1223 580 1355 623 insuper
1380 591 1464 613 nunt·
1487 587 1515 613 et
1538 590 1596 623 pro
1618 586 1763 622 ternpore

1020 632 1164 665 existenti
1183 633 1334 676 episeopo
1349 633 1529 665 Dertuseusi
1544 644 1601 665 nee
1616 643 1679 665 non
1693 631 1763 664 aliis

1021 686 1193 728 (dictarum
1220 685 1428 718 eeclesiarum
1455 696 1511 718 seu
1537 685 1673 718 alieuius
1705 695 1760 717 ea-

1021 749 1105 780 rum,
1129 739 1206 771 dum
1232 748 1290 782 pro
1318 743 1463 782 tempore
1488 743 1588 778 raeat,
1613 737 1761 770 eollatio-

1021 802 1106 832 nem,
1126 791 1343 835 provisionem
1363 802 1417 824 seu
1439 791 1582 835 quamvis
1596 790 1690 824 aliam
1706 790 1766 823 dis-

1020 845 1236 889 positionem,
1266 844 1463 878 eoniunetim
1485 845 1531 877 rel
1559 844 1703 885 divisim,
1725 844 1764 876 ad

1021 910 1054 932 se
1091 904 1237 943 spectare
1267 905 1294 931 et
1325 898 1487 942 pertinere
1519 898 1765 941 quomodolibet

1004 979 1005 991 ,
1022 952 1321 996 praetendentilms)
1337 962 1374 985 ue
1393 953 1431 985 de
1453 958 1580 985 caetero
1603 951 1766 994 pt}t·ptj·ltliS

1025 1006 1139 1039 suturis
1155 1006 1353 1050 temporibus
1369 1007 1407 1039 de
1419 1006 1538 1039 eisdem
1555 1005 1697 1038 ecelesiis
1711 1015 1766 1037 seu

1023 1059 1130 1102 aliqua
1152 1070 1275 1100 earum,
1297 1070 1369 1092 rum
1396 1058 1589 1097 vacaverint,
1614 1062 1647 1090 ut
1668 1067 1763 1100 prae-

1024 1113 1136 1153 fertur,
1173 1113 1267 1146 etiam
1302 1118 1465 1156 praetextu
1487 1121 1767 1155 quorumcumque

1024 1166 1264 1210 privilegiorum
1287 1173 1313 1200 et
1338 1167 1535 1199 indultorum
1560 1165 1604 1199 eis
1627 1164 1684 1198 sub
1699 1164 1769 1208 qui-

1025 1221 1225 1265 buscumque
1252 1221 1422 1254 verborum
1450 1220 1561 1253 formis
1594 1229 1766 1252 concesso-

1026 1287 1109 1316 rum,
1122 1276 1290 1320 proridere
1301 1283 1352 1309 ant
1365 1275 1441 1308 alias
1453 1275 1622 1318 tlisltvonere
1637 1285 1769 1319 quoquo

1028 1331 1123 1363 modo
1145 1336 1363 1373 praesumant,
1385 1329 1559 1362 districtius
1581 1328 1766 1363 inllibere²2

1027 1395 1063 1417 ae
1085 1384 1180 1417 etiarn
1207 1394 1242 1416 ex
1269 1394 1354 1415 nune
1380 1393 1601 1426 ‹mast-umque
1627 1383 1771 1415 cottano-

1028 1448 1094 1477 nes,
1110 1437 1319 1481 1111·ovisi01‘1es,
1342 1436 1627 1479 praesentationes,
1646 1436 1771 1469 institu-

1029 1492 1142 1531 tiones,
1159 1502 1215 1524 seu
1237 1491 1364 1534 quasxis
1382 1491 1459 1523 alias
1480 1490 1707 1534 dispositiones
1732 1491 1770 1523 de

1029 1545 1120 1578 dietis
1139 1545 1280 1578 eeclesiis
1306 1555 1437 1587 quoquo
1464 1545 1559 1576 ruodo
1588 1544 1769 1583 racaturis,

1028 1609 1084 1632 seu
1105 1599 1200 1631 etiam
1226 1609 1311 1631 nunc
1337 1598 1548 1639 vacantibus,
1578 1597 1608 1629 in
1635 1597 1771 1630 aliarum

1029 1654 1139 1696 (quam
1165 1662 1223 1696 per
1247 1650 1433 1693 magistrum
1455 1662 1510 1684 sen
1535 1650 1773 1684 administrato-

1030 1716 1096 1738 rem
1119 1711 1312 1749 perpetuum
1336 1705 1439 1737 dietae
1461 1704 1589 1737 Militiae
1614 1715 1675 1748 pro
1695 1710 1773 1737 tem—

1030 1770 1108 1803 pore
1130 1759 1317 1792 existentem
1340 1764 1393 1791 aut
1407 1758 1446 1790 ab
1461 1768 1498 1791 eo
1513 1758 1700 1802 deputatum
1717 1770 1772 1791 seu

1030 1814 1202 1857 deputatos
1227 1813 1529 1855 praesentatarum>
1559 1822 1773 1854 personarum

1030 1868 1192 1907 savorem,
1215 1866 1319 1898 nullas
1340 1871 1371 1898 et
1401 1865 1566 1905 inralidas,
1591 1865 1775 1908 nulliusque

1031 1920 1157 1953 roborIs
1176 1920 1221 1952 vel
1244 1919 1398 1952 momenti
1426 1919 1521 1952 fuisse
1548 1925 1578 1951 et
1603 1930 1681 1959 esse,
1706 1920 1775 1951 nul-

1032 1975 1163 2017 lumque
1182 1984 1239 2016 per
1258 1983 1310 2005 eas
1324 1972 1473 2016 cuiqnam
1494 1973 1541 2005 ins
1559 1972 1696 2015 acquiri,
1717 1983 1776 2005 nee

1031 2027 1126 2060 etiam
1149 2028 1328 2060 coloratum
1358 2026 1483 2059 titulun}
1510 2026 1695 2070 possidendi
1723 2026 1775 2059 tri-

1031 2081 1086 2114 bui
1108 2091 1201 2124 posse
1213 2080 1238 2120 ³³,

1077 2136 1092 2176 ξ
1115 2136 1144 2166 ti.
1167 2135 1353 2167 Praesentes
1368 2144 1497 2178 quoqne
1512 2133 1633 2166 litteras
1647 2144 1775 2177 semper

1032 2194 1060 2221 et
1090 2194 1246 2232 perpetuo
1274 2188 1394 2221 validas
1427 2194 1456 2220 et
1489 2188 1633 2220 efficaces
1654 2189 1719 2220 lore
1747 2193 1775 2220 et

1033 2254 1112 2284 esse,
1134 2249 1163 2276 et
1189 2244 1237 2283 de,
1256 2241 1458 2287 obreptionis
1482 2248 1532 2275 aut
1556 2241 1775 2285 subreptionis

1073 2360 1078 2385 1
1111 2359 1290 2392 Subintellige
1315 2366 1412 2386 ratres:
1440 2359 1504 2384 edit.
1540 2358 1623 2384 Main.
1657 2358 1706 2383 sert
1728 2358 1775 2383 ‹le-

1033 2405 1146 2430 claran.
1163 2413 1168 2433 ς
1186 2404 1258 2430 unde
1280 2407 1350 2438 patet
1370 2403 1501 2429 editowm
1528 2410 1667 2428 romanum
1685 2410 1775 2428 reram

1034 2449 1115 2475 liuius
1126 2448 1177 2475 loci
1189 2448 1322 2484 syntaxim
1340 2451 1496 2474 assecutum
1513 2455 1566 2473 nou
1584 2447 1666 2473 fnisse
1685 2448 1775 2480 ιιι.ἰ·.’.

1069 2494 1086 2519 2
1106 2493 1218 2528 Semper
1238 2492 1410 2527 subintellige
1427 2500 1508 2518 eures
1526 2494 1560 2525 fin.
1578 2494 1625 2518 τ.”.

1070 2537 1085 2563 3
1105 2537 1290 2571 Subintellige
1306 2538 1458 2564 ‹lca-cruere
1473 2536 1558 2570 (quod
1576 2536 1689 2562 verbum
1706 2536 1776 2562 circa

1036 2582 1155 2608 inedium
1171 2581 1184 2614 ,ξ
1200 2590 1258 2616 seq.
1282 2582 1391 2616 legitur,
1413 2589 1504 2614 eures,
1527 2581 1601 2614 quod
1623 2580 1725 2616 legitur
1745 2581 1773 2608 in

1037 2627 1090 2652 line
1105 2626 1144 2661 (n.
1165 2626 1212 2659 ·r.).

1776 209 1823 234 An
1842 208 1868 233 (ἶ.
1895 208 1958 235 1607

1819 591 1842 611 lit

1863 596 1963 616 epm-opo

1780 618 1900 638 [levita-nst
1911 618 1964 636 ιιιῖιιἼ

1780 646 1826 664 tiva*

1851 651 1875 664 ιιι·
1893 650 1963 667 renem

1795 671 1926 691 iltuiusnunli
1935 670 1964 691 ὶικ

1780 704 1800 718 re
1816 698 1932 724 perturber.

1791 2173 1801 2191 Ι,

1791 2195 1807 2213 [ι.

1791 2222 1804 2240 l»

1814 2140 1925 2159 Clausulas·
1937 2145 1974 2164 pro

1807 2169 1933 2186 inu-‚sentium
1943 2167 1977 2185 ln-

1805 2200 1881 2213 -Γ-ιιίιιιι
1914 2193 1976 2213 tirun-

1805 2222 1841 2239 «lc.
