2227 3241
273 288 322 316 An.
344 288 372 316 e.
392 288 458 316 1606
504 278 567 312 3¹¹8

517 338 534 379 §J
555 336 606 369 ste.
631 336 797 370 Caeterum
817 346 929 369 omnes
949 342 979 369 et
1003 336 1143 379 singulas
1165 337 1211 370 in-

473 389 653 432 dulgentias
685 390 943 434 quibuscumque
976 390 1148 424 Ordinibus
1181 398 1212 425 et

474 443 626 476 Institutis
655 443 858 486 regularibus
889 443 1086 486 huiusmodi,
1114 445 1209 478 etiam

472 495 745 537 Mendicantibus‚
777 502 808 530 et
839 497 1037 541 quibuslibet
1067 498 1211 542 personis

472 549 686 591 regularibus,
709 555 772 583 tam
786 549 895 593 vigore
919 551 1159 594 privilegiorum
1182 557 1212 585 et

472 601 662 646 litterarum,
674 603 933 647 apostolicarum,
951 615 1046 648 quam
1060 605 1146 638 vivae
1158 615 1211 638 vo-

473 655 516 689 cis
541 657 684 697 oraculo,
713 662 767 690 aut
791 657 868 690 alias
893 658 1005 701 quovis
1031 658 1128 692 modo
1153 669 1211 702 per

472 718 694 753 quoscumque
714 710 875 744 Romanos
893 710 1063 744 Pontifices
1077 711 1212 755 praede-

473 772 613 795 cessores
634 768 771 804 nostros‚
792 773 828 796 ac
854 773 913 797 nos
941 769 971 797 et
995 764 1210 808 Apostolicam

472 814 586 848 Sedem
607 815 761 850 hactenus
786 826 969 858 concessas,
993 817 1209 859 confirmatas,

472 869 665 913 approbatas
691 877 722 904 et
749 871 933 912 innovatas,
961 872 1151 905 auctoritate
1183 878 1213 905 et

473 927 583 956 tenore
614 924 789 967 praedictis
817 930 975 969 perpetuo
1001 935 1208 966 revocamus,

473 986 645 1018 cassamus,
668 978 873 1011 annullamus
898 984 928 1011 et
948 979 1153 1022 abrogamus,
1182 983 1213 1012 et

473 1030 511 1064 ad
519 1031 735 1074 praesentium
744 1037 925 1065 nostrarum
936 1032 1114 1066 litterarum
1128 1042 1214 1077 prae-

472 1084 627 1128 scriptum
649 1085 834 1118 reducimus
852 1090 882 1119 et
902 1086 1120 1119 moderamur.

517 1139 533 1180 ἓ
554 1137 606 1171 020.
631 1139 698 1172 Non
720 1139 922 1172 obstantibus
948 1139 1112 1183 quibusvis
1137 1150 1212 1172 con-

471 1191 690 1225 stitutionibus
701 1199 731 1225 et
742 1193 1001 1226 ordinationibus
1015 1192 1208 1237 apostolicis,

471 1254 507 1277 ac
532 1245 721 1278 eorumdem
751 1245 908 1279 Ordinum
936 1252 967 1279 et
990 1246 1211 1279 Institutorum

471 1299 680 1340 regularium,
701 1299 796 1332 etiam
824 1299 1016 1341 iuramento,
1038 1299 1212 1333 confirma-

471 1352 557 1385 tione
571 1353 758 1396 apostolica‚
783 1354 830 1386 vel
848 1353 959 1397 quavis
981 1353 1132 1386 firmitate
1151 1354 1211 1386 alia

471 1405 638 1447 roboratis,
652 1406 776 1440 statutis
789 1411 820 1439 et,
833 1406 1134 1448 consuetudinibus,
1151 1406 1212 1450 pri-

469 1458 591 1501 vilegiis
605 1470 745 1503 quoque,
764 1459 895 1492 indultis
913 1465 941 1492 et
959 1459 1072 1492 litteris
1084 1465 1211 1503 aposto-

304 350 419 371 Revocauo
436 355 457 370 a·

271 377 345 406 burum
353 377 457 402 indulgeu-

271 407 355 423 Imrutni

286 1148 400 1178 Derugatio
410 1153 456 1168 con-

272 1178 391 1195 tran-iorum.

469 1511 549 1554 licis,
562 1513 657 1546 etiam
670 1514 761 1546 Mare
773 1524 928 1556 'inaquam
945 1519 974 1547 et
991 1512 1093 1546 Bulla
1111 1524 1212 1546 aurea
1228 1526 1230 1536 t

470 1567 674 1611 nuncupatis,
688 1567 808 1600 eisdem
822 1567 995 1600 Ordinibus
1009 1572 1039 1600 et
1049 1567 1211 1611 Institutis,

471 1630 650 1665 eorumque
672 1621 888 1661 monasteriis,
913 1620 1132 1662 conventibus,
1147 1621 1212 1654 col-

472 1673 573 1716 legiis,
594 1674 754 1715 domibus,
778 1674 1000 1718 superiorilms
1020 1680 1050 1707 et
1066 1674 1211 1718 personis

474 1726 504 1758 in
525 1727 725 1760 contrarium
746 1727 998 1770 praemissorum
1025 1727 1213 1771 quomodo-

472 1779 549 1812 libet
570 1780 739 1820 concessis,
757 1781 956 1813 ‹·onlirmatis
974 1786 1000 1813 et
1016 1781 1211 1824 approbatis.

471 1831 591 1870 Quibus
611 1833 762 1866 omnibus
781 1839 811 1866 et
830 1833 975 1876 singulis,
1004 1834 1126 1867 etiamsi
1152 1844 1211 1878 pro

472 1885 599 1919 illorum
622 1886 794 1920 sufficienti
821 1888 1030 1930 derogatione
1063 1888 1101 1921 de
1128 1888 1208 1928 iltis,

472 1949 650 1984 eorumque
673 1941 745 1974 totis
767 1941 933 1974 tenoribus
958 1941 1115 1985 specialis,
1138 1951 1211 1985 spe-

472 1993 574 2034 cifica,
598 2005 758 2038 expressa,
775 2006 810 2027 ac
830 1994 868 2027 [le
890 1995 988 2028 verbo
1006 1995 1044 2028 ad
1063 1995 1208 2035 verbum,

471 2057 536 2079 non
558 2054 663 2080 autem
682 2058 741 2091 per
758 2048 917 2080 clausulas
938 2048 1104 2090 generales
1126 2048 1210 2081 idem

473 2100 692 2144 importantes,
717 2100 837 2134 mentio
856 2111 910 2133 seu
930 2101 1060 2144 quaevis
1080 2101 1141 2134 alia
1159 2112 1212 2134 ex-

472 2153 594 2197 pressio
607 2153 752 2186 liabenda
766 2154 858 2194 foret,
881 2159 1008 2187 tenores
1028 2154 1212 2187 huiusmodi

473 2206 696 2250 praesentibus
717 2217 775 2250 pro
794 2207 951 2250 expressis
972 2214 1003 2241 et
1023 2208 1062 2241 ad
1080 2207 1211 2240 verbum

474 2259 601 2294 insertis
618 2260 782 2302 babentes,
798 2260 859 2293 iltis
872 2260 949 2294 alias
971 2261 1001 2294 in
1023 2272 1080 2295 suo
1097 2261 1213 2294 robore

474 2314 704 2358 permansuris,
726 2314 785 2348 hae
804 2314 869 2348 vice
884 2315 1050 2348 dumtaxat
1067 2314 1214 2359 speciali-

475 2373 523 2402 ter
551 2374 581 2402 et
608 2379 755 2412 expresse
780 2368 985 2411 derogamus,
1015 2369 1213 2413 eaeterisque

475 2422 644 2456 contrariis
665 2422 934 2466 quibuscumque.

520 2475 603 2519 §QI
629 2476 782 2510 Volumus
807 2481 913 2510 autem
937 2482 971 2509 ut
995 2476 1212 2520 praesentium

476 2529 696 2573 transumptis,
713 2530 808 2563 etiam
830 2529 1004 2573 impressis,
1032 2540 1129 2563 manu
1150 2530 1210 2563 ali-

476 2582 566 2615 cuius
576 2582 693 2616 notarii
713 2582 833 2626 publici
851 2582 1049 2626 subscriptis,
1066 2583 1212 2626 etsigillo

475 2635 610 2669 alicuius
629 2646 786 2679 personae
813 2636 844 2668 in
870 2636 1025 2679 dignitate
1056 2636 1209 2670 ecclesia-

475 2689 552 2722 stica
570 2689 759 2724 constitutae
773 2689 914 2731 munitis,
932 2689 1043 2724 eadem
1059 2689 1137 2723 fides
1157 2689 1213 2723 lia-

317 2490 460 2517 Transumptis

277 2517 346 2537 danda
355 2518 413 2538 tides.

1050 288 1233 314 BULLARIUM
1250 288 1403 314 ROMANUM

2124 0 2210 141 ἲ

2198 69 2205 77 ,

2156 133 2171 149 1

2163 162 2175 173 A

1998 286 2047 314 An.
2067 287 2098 316 C.
2111 237 2189 351 ¹⁶5.
2206 291 2208 331 l

2163 374 2180 401 ..-
2207 372 2208 383 t

1245 338 1358 371 beatur
1385 337 1506 380 ubique
1521 364 1528 378 ,
1552 347 1633 381 quae
1653 336 1875 380 praesentibus
1907 336 1988 381 ips&

1246 390 1457 433 originalibus
1476 389 1588 423 litteris
1608 389 1791 423 haberetur.

1290 445 1402 477 Datum
1423 443 1544 476 Romae
1569 444 1654 487 apud
1683 449 1828 476 sanctum
1853 443 1982 477 Petrum

1245 497 1304 530 sub
1314 497 1432 530 annulo
1444 496 1613 530 Piscatoris
1626 497 1677 530 die
1691 506 1771 530 xxm
1786 496 1860 529 maii
1874 506 1980 538 naevi,
2027 517 2033 523 -

1246 549 1450 593 pontificatus
1470 550 1570 584 nostri
1589 560 1673 583 anno
1691 560 1725 583 11.

1282 613 1340 639 Dat.
1358 612 1401 640 die
1418 612 1450 640 ‘23
1468 612 1528 640 maii
1545 612 1625 647 1506,
1642 613 1739 648 pontif.
1761 621 1804 640 an.
1823 620 1852 639 ιι.

2170 719 2182 735 -4
2149 402 2191 706 τᾲεννςῆὲνεΞ-πη·

2161 782 2177 794 4

2156 915 2194 1204 ›amaon-1221«
2172 900 2184 907 -,
2173 875 2179 892 ω
2171 851 2182 868 -2
2174 810 2182 823 -.
2166 763 2182 770 2
2180 746 2191 754 ,

1577 773 1650 806 XLI.

1246 869 1433 902 Declaralio
1458 870 1696 903 iztrisdictv'om's
1728 871 1846 904 vicarii
1872 871 1985 916 Papae

1293 928 1461 967 tamquam
1480 923 1600 956 iudicis
1613 935 1789 957 causarum
1805 924 1985 968 archiespi-

1292 975 1368 1009 talis
1388 977 1420 1010 S.
1437 976 1583 1020 Spiritus
1600 977 1637 1010 in
1650 977 1754 1011 Saaeia
1771 977 1809 1010 de
1829 975 1936 1011 Urbe¹.

1490 1067 1600 1094 Paulus
1617 1068 1694 1101 Papa
1709 1069 1742 1099 V,

1365 1122 1402 1148 ad
1423 1124 1597 1155 perpetuam
1616 1121 1662 1148 rei
1682 1122 1863 1149 memoriam.

1290 1192 1385 1225 Decet
1404 1192 1585 1225 Romanum
1604 1191 1790 1225 Pontificem
1811 1203 1848 1226 ea
1867 1202 1950 1236 quae
1967 1203 1985 1226 a
2025 1197 2142 1220 Exordium·

1247 1245 1398 1279 Romanis
1434 1245 1646 1279 Pontificibus
1683 1246 1985 1290 praedecessoribus

1247 1299 1364 1332 nostris
1382 1298 1413 1331 in
1426 1299 1566 1332 savorem
1581 1299 1710 1343 piorum
1728 1299 1873 1333 locorum
1888 1305 1919 1333 et
1939 1299 1986 1333 in·
2035 1305 2039 1308 ”

1246 1353 1396 1396 signium,
1421 1352 1609 1396 praesertim
1627 1352 1792 1396 hospitalis
1803 1353 1902 1386 nostri
1915 1364 1988 1387 san-

1246 1407 1287 1440 eti
1301 1407 1438 1451 Spiritus
1452 1407 1483 1440 in
1496 1407 1587 1440 Saxia
1601 1407 1639 1440 de
1653 1407 1747 1449 Urbe,
1762 1418 1911 1441 concessa
1922 1407 1988 1442 fue-

1246 1466 1341 1501 runt,
1361 1471 1438 1494 suae
1467 1459 1725 1494 confirmationis
1755 1461 1871 1494 robore
1892 1471 1983 1494 corn-

1247 1513 1384 1554 munire,
1405 1524 1441 1546 ac
1459 1513 1536 1546 alias
1553 1513 1691 1557 desuper
1708 1519 1890 1557 opportune
1909 1524 1986 1558 pro-

1246 1564 1365 1606 videre,
1386 1570 1483 1608 prout
1500 1564 1531 1597 in
1552 1565 1689 1598 Domino
1710 1564 1883 1598 salubriter
1907 1575 1984 1598 con-

1246 1618 1338 1662 spicit
1357 1618 1516 1662 expedire.

1290 1673 1306 1714 ξ
1328 1671 1357 1704 sl.
1383 1671 1467 1704 Alias
1487 1672 1647 1715 siquidem
1674 1683 1691 1704 a
1713 1672 1812 1706 felicis
1834 1672 1984 1706 recorda-
2011 1688 2122 1719 0¹0¹¹3⁹¹²⁸J⁵
2141 1713 2146 1718 ι

1246 1725 1341 1759 tionis
1361 1725 1524 1759 Clemente
1544 1726 1629 1770 Papa
1649 1726 1711 1759 VIII
1736 1726 1982 1770 praedecessore
1996 1715 2139 1774 ξοξξὲζῗὲζῗ

1246 1785 1367 1819 nostro,
1379 1784 1567 1812 emanarunt
1589 1779 1714 1812 litterae
1734 1779 1854 1813 tenoris
1873 1779 1984 1813 subse·
1997 1771 2085 1792 ''¹¹⁰⁸m'

1245 1832 1381 1876 quentis,
1391 1832 1536 1866 videlicet
1546 1832 1734 1876 (Omittitur
1742 1833 1877 1866 insertio
1885 1832 1986 1865 huius
2155 1866 2165 1879 ι

1246 1886 1375 1926 Bullae,
1396 1885 1557 1929 siqm‘de'n‘z
1571 1896 1640 1919 eam
1655 1885 1751 1918 habes
1766 1885 1830 1918 loco
1840 1885 1984 1919 indicato
2151 1881 2176 1935 ζ,
2192 1896 2202 1930 5*

1246 1941 1282 1973 in
1302 1941 1378 1973 nolti
1399 1939 1442 1972 ad
1459 1939 1648 1983 rubricam).
2159 1938 2171 1942 ”
2192 1938 2193 1942 ’

1290 1995 1305 2037 ἓ
1325 1993 1354 2026 02.
1376 1992 1456 2027 Cum
1478 1998 1597 2034 autem,
1621 1993 1703 2027 sicut
1722 1993 1915 2037 accepimus,
1937 1992 1984 2026 di·
2014 2035 2018 2040 Α
2045 2008 2089 2030 00„

1247 2058 1354 2081 versae
1366 2057 1492 2087 causae,
1508 2046 1538 2079 in
1552 2046 1669 2091 quibus
1682 2047 1803 2080 dictum
1826 2045 1984 2089 hospitale
1998 2035 2068 2084 {³1¹5ssssss
2077 2034 2106 2057 ⁰⁰
2171 2039 2179 2059 ³

1247 2112 1301 2134 seu
1323 2101 1375 2133 alii
1398 2101 1437 2133 ab
1459 2110 1497 2134 eo
1515 2101 1735 2144 dependentes
1755 2099 1909 2133 interesse
1929 2099 1985 2133 ba-

1247 2154 1333 2195 bent,
1354 2164 1462 2187 coram
1485 2159 1614 2186 sanctae
1641 2154 1804 2187 Romanae
1826 2152 1984 2187 Ecclesiae

1248 2207 1425 2241 camerario
1446 2218 1482 2240 ac
1503 2207 1703 2240 thesaurario
1721 2206 1864 2250 generali
1878 2211 1909 2240 et
1922 2206 1986 2240 cle-

1249 2261 1321 2294 ricis
1338 2260 1596 2305 praesidentibus
1617 2260 1721 2294 dictae
1735 2259 1889 2294 Gamerae
1906 2270 1986 2304 pen-

1247 2314 1354 2353 deant,
1379 2315 1417 2347 de
1439 2314 1557 2358 quibus
1582 2314 1612 2346 in
1638 2313 1845 2361 praeinsertis
1873 2313 1986 2347 litteris

1248 2378 1312 2401 non
1333 2367 1369 2401 fit
1389 2367 1521 2409 mentio,
1544 2378 1682 2411 eumque
1699 2372 1869 2411 propterea
1885 2366 1985 2400 dicta-

2165 1202 2179 1215 *a

2157 1218 2183 1228 ⁴.-

2156 1229 2188 1280 ¹a*

1282 2475 1294 2501 1
1318 2474 1525 2502 Concessionem
1541 2473 1620 2500 huius
1635 2472 1828 2500 iurisdictionis·
1843 2472 1925 2501 habes
1939 2481 1984 2501 su-

1246 2527 1295 2555 pra
1309 2519 1336 2546 in
1352 2518 1463 2546 Constit.
1481 2525 1593 2546 CCCLxlv
1609 2517 1754 2545 Clementis
1770 2517 1838 2545 VIII.
1861 2518 1933 2545 Cum
1948 2518 1985 2545 si-
2147 2544 2157 2552 ,a

1246 2564 1306 2591 cuti
1325 2563 1362 2599 (in
1381 2563 1409 2590 h.
1426 2571 1453 2590 n.
1471 2562 1535 2590 edit.
1556 2569 1684 2590 cce1„xxv¹
1700 2561 1823 2597 superius
1837 2562 1923 2590 relata
1937 2570 1984 2598 pa·
2143 2559 2155 2587 ’τ
2185 2563 2190 2584 t

1245 2608 1307 2644 gina
1327 2608 1396 2643 178).
1412 2607 1610 2634 Institutionem
1629 2606 1706 2634 istius
1725 2606 1942 2642 arcliihospitalis
1957 2610 1984 2634 et

1246 2652 1298 2680 alia
1322 2651 1356 2679 ad
1381 2651 1449 2679 illud
1472 2651 1619 2687 spectantia
1639 2650 1699 2678 ride
1718 2650 1745 2677 in
1765 2650 1918 2678 Constit.x1
1938 2650 1982 2678 Iu—

1246 2697 1362 2725 nocentii
1377 2696 1431 2731 III,
1452 2696 1542 2731 Inter,
1564 2700 1628 2724 tom.
1644 2695 1692 2731 iu,
1714 2703 1774 2732 pag.
1793 2696 1852 2723 189.
