2227 3241
69 261 120 288 An.
135 259 164 288 C.
186 260 255 289 ¹603

99 910 118 932 3.
133 910 164 931 De
174 909 257 930 ultima-

73 943 118 958 rum
127 938 257 958 voluntatum

73 963 236 985 commutatione
246 979 250 987 ,

75 990 258 1016 inconsultaS.Ap.

103 1865 122 1887 b.
136 1865 166 1886 De
177 1865 261 1892 capitu·

78 1893 156 1914 taribus
173 1898 261 1917 congre-

78 1919 198 1945 gationibus
209 1920 260 1939 tem·

77 1952 127 1972 pore
134 1946 233 1967 horarum
240 1947 261 1966 at

77 1973 161 1994 missae.

118 2185 138 2206 5.
149 2185 179 2206 De
191 2185 233 2205 reis
243 2185 262 2205 in

79 2212 164 2234 exitium
184 2212 262 2238 petten-

79 2239 112 2259 dis
131 2244 169 2265 per
189 2244 263 2259 ceusu-

142 2650 264 2673 nectat-atio

83 2676 202 2699 dubiorum.

875 262 1012 286 CLEMENS
1038 263 1094 286 Vlll
1120 263 1164 286 t‘t’.

268 316 300 344 et
322 309 533 344 nihilominus
555 311 686 352 fructus,
704 309 848 344 redditus
873 317 904 345 et
929 321 1006 354 pro-

267 369 391 407 ventuS,
413 364 496 407 iura,
524 365 732 399 obventiones
750 369 780 398 et
793 364 1009 398 emolumenta

269 428 502 463 quaecumque,
526 429 562 452 ac
580 417 824 452 distributiones
849 418 1010 462 quotidia-

269 481 339 511 naS,
369 472 465 505 etiam
493 477 580 505 extra
605 471 761 505 civitatem
782 478 812 505 et
836 471 1009 506 dioecesim

269 524 391 570 integre
415 526 573 570 percipiat
593 537 600 566 ;
622 525 707 569 quod
733 526 757 558 si
774 527 827 567 ita,
855 532 890 559 ut
915 536 1010 560 cano-

268 579 331 612 nici
357 578 516 619 volebant,
547 578 789 623 intelligendum
815 590 851 613 ac
877 590 1011 613 servan-

270 630 347 664 dum
360 637 454 673 esset,
471 632 563 665 multi
590 643 703 676 parum
728 638 797 676 post
823 638 951 677 tempus
972 633 1011 665 ab

269 685 401 718 ecclesia
431 686 637 727 recederent,
665 685 783 729 ittaque
808 686 942 726 debitis,
971 685 1012 719 ob

270 738 491 772 ministrorum
512 738 778 777 subtractionem,
813 739 1013 773 fraudaretur

271 792 451 836 obsequiis,
476 802 511 825 ac
543 792 667 826 divinus
691 794 796 827 cultus
828 793 1013 828 notabiliter

272 845 483 880 minueretur.

361 900 478 941 Tertio,
498 901 531 934 in
555 901 667 935 eadem
684 901 816 935 ecclesia
835 912 933 935 unam
954 913 1010 935 ca-

273 953 401 997 pellam,
415 953 454 988 de
471 953 639 993 Quebrada
654 961 886 998 nuncupatam,
900 965 917 988 a
931 966 1012 999 quo-

273 1007 345 1041 dam
370 1008 544 1052 episcopo,
571 1015 606 1042 ut
629 1008 784 1048 creditur,
811 1008 849 1042 ab
881 1009 1013 1054 antiquo

273 1061 336 1094 iam
361 1065 515 1106 tempore,
541 1062 600 1096 sub
620 1063 715 1096 certis
735 1062 831 1096 modo
852 1068 882 1095 et
897 1063 1010 1105 forma,

274 1125 310 1148 ac
326 1125 400 1148 cum
418 1120 506 1149 certo
524 1116 692 1149 missarum
717 1116 919 1160 aliorumque
937 1127 1013 1149 one-

274 1178 347 1202 rum
370 1178 508 1203 numero
532 1168 709 1203 institutam
725 1196 732 1210 ‚
757 1175 787 1203 et
819 1169 863 1202 sic
887 1179 1014 1213 semper

275 1220 529 1255 administratam
554 1233 571 1255 a
596 1223 749 1266 capitulo,
767 1222 819 1256 cui
844 1222 946 1257 dictae
963 1234 1014 1256 ca-

275 1275 377 1320 pellae
401 1275 634 1309 administratio
658 1276 824 1317 incumbit,
851 1287 954 1321 nuper
970 1277 1015 1309 di-

276 1327 388 1370 visam,
411 1339 448 1361 ac
470 1339 528 1373 per
551 1329 631 1363 duos
656 1330 837 1373 capellanos
862 1329 1014 1364 distribu-

276 1385 352 1420 tam,
362 1380 495 1424 eiusque
504 1391 602 1415 onera
618 1382 880 1425 etobligationes‚
891 1384 1013 1427 absque

275 1437 383 1466 nostra
415 1440 446 1467 et
470 1434 670 1477 Apostolicae
695 1435 786 1468 Sedis
809 1437 1010 1477 auctoritate,

275 1485 392 1519 divisas
415 1491 446 1518 et
469 1493 630 1531 separatas
647 1488 756 1528 fuisse,
775 1489 862 1532 quod
872 1489 1012 1537 episcopi

274 1539 432 1573 testatoris
448 1540 599 1574 voluntati
616 1545 647 1574 et
658 1541 808 1585 antiquae
822 1542 1014 1576 institutioni

276 1593 502 1636 contrariatur,
529 1594 626 1638 idque
654 1604 710 1639 per
729 1596 920 1639 capitulum,
947 1596 1014 1630 sine

225 1681 229 1687 ,
276 1647 463 1681 auctoritate
486 1648 661 1692 praedicta,
687 1648 754 1682 fieri
777 1659 841 1682 non
858 1650 1011 1693 potuisse,

276 1710 349 1734 cum
366 1700 406 1734 ad
423 1701 527 1735 solum
542 1701 720 1735 Romanum
735 1702 924 1737 Pontificem
942 1703 1015 1737 ulti-

275 1763 400 1787 marum
414 1754 614 1788 voluntatum
627 1755 911 1790 commutationem
926 1763 956 1790 et
972 1757 1014 1790 in>

274 1808 539 1852 terpretationem
548 1809 707 1853 pertinere
717 1810 756 1843 de
766 1810 835 1843 iure
845 1816 1015 1844 constaret.

364 1861 495 1903 Quarto,
513 1863 732 1897 necessarium
759 1873 826 1897 esse
845 1865 1016 1908 prohibere

275 1915 438 1948 canonicis
451 1925 492 1949 ne
502 1915 540 1948 ad
551 1915 726 1960 capitulum
738 1918 941 1961 congregari,
961 1928 1017 1951 seu

276 1968 466 2012 capitulares
479 1970 746 2014 congregationes
756 1970 873 2004 habere
884 1971 1017 2015 possint,

276 2020 353 2055 dum
374 2022 407 2055 in
424 2022 557 2056 ecclesia
569 2024 667 2057 borae
682 2025 854 2058 canonicae
873 2031 904 2058 et
921 2025 1016 2058 missa

277 2075 381 2109 maIOr
403 2077 616 2118 celebrantur,
635 2079 797 2112 observata
814 2079 968 2113 hactenus
985 2079 1017 2113 in

278 2131 474 2163 contrarium
487 2132 719 2166 consuetudine
734 2142 796 2166 non
810 2133 966 2167 obstante.

367 2183 485 2223 Quinto
513 2184 678 2225 dubitare,
705 2196 745 2218 an
770 2192 881 2219 contra
909 2187 1014 2220 delin-

279 2242 412 2280 quentes
438 2237 470 2270 in
494 2237 621 2271 exilium
642 2266 650 2279 ,
672 2239 804 2283 quando
828 2250 940 2273 corum
958 2240 1018 2273 cri-

279 2290 366 2324 mina
389 2297 421 2325 et
446 2302 591 2326 excessus
624 2292 655 2325 id
681 2293 864 2336 postulant,
904 2294 1019 2327 conde-

279 2347 416 2383 mnatos,
435 2348 469 2375 ut
490 2343 559 2376 loca
583 2343 674 2376 exilio
695 2343 851 2377 destinata
876 2351 986 2388 petant
1008 2374 1015 2387 ,

279 2395 305 2429 si
329 2396 500 2439 exequutio
527 2397 621 2429 realis
645 2397 691 2430 vel
717 2398 891 2441 personalis
916 2398 946 2431 in
965 2409 1019 2432 eos

280 2448 349 2482 fieri
374 2459 439 2482 non
464 2455 577 2493 potest,
602 2460 660 2493 per
677 2460 829 2482 censuras
855 2455 885 2483 ct
906 2462 1016 2484 earum

279 2502 536 2546 aggravationem
562 2502 744 2547 procedere,
768 2514 803 2535 ac
830 2514 883 2536 eos
903 2505 942 2537 ab
967 2515 1018 2538 eo-

280 2565 352 2588 rum
376 2556 536 2601 parochiis
556 2562 587 2590 et
611 2556 701 2598 locis,
721 2557 775 2590 ubi
801 2557 1016 2601 deliquerunt,

280 2618 389 2643 arcere
409 2610 518 2644 valeat.

323 2662 338 2706 ξ
363 2661 392 2696 5,
421 2662 483 2696 Nos
508 2664 594 2705 item,
616 2664 720 2707 quoad
748 2664 929 2707 supradicta
955 2674 1015 2698 no-

1044 311 1092 343 bis
1115 313 1276 356 proposita
1302 312 1418 352 dubia,
1443 321 1525 356 quae
1560 311 1706 346 similiter
1729 323 1787 345 ve-

1044 364 1238 399 nerabilibus
1263 365 1414 399 fratribus
1438 366 1557 400 nostris
1577 365 1708 399 Sanctae
1726 366 1787 400 Ro-

1044 429 1157 452 manae
1181 419 1341 453 Ecclesiae
1367 420 1582 453 cardinalibus
1598 431 1694 464 super
1714 421 1787 464 Epi-

1045 483 1216 516 scoporum
1235 479 1265 507 et
1283 473 1491 517 Regularium
1510 474 1649 518 negotiis
1666 479 1697 507 et
1712 485 1787 508 con-

1046 526 1276 560 sultationibus
1293 538 1311 560 a
1328 527 1419 561 nobis
1436 527 1594 572 deputatis
1619 527 1788 572 diligenter

1046 579 1257 613 examinanda
1298 581 1533 623 commisimus,
1561 582 1673 615 barum
1705 581 1787 615 serie

1047 633 1263 667 declaramus:

1135 684 1246 723 Quoad
1267 685 1406 729 primum
1425 685 1580 727 videlicet⁷
1605 686 1679 720 licet
1711 685 1787 720 satis

1048 749 1105 781 per
1121 739 1286 773 decretum
1304 739 1437 773 Concilii
1458 739 1636 773 Tridentini
1658 751 1726 783 cap.
1749 750 1789 774 xv

1048 792 1178 826 session.
1204 802 1277 826 xxiv
1302 793 1339 826 cle
1359 793 1599 836 Reformalione
1625 794 1787 838 provisum

1048 845 1097 886 sit,
1123 856 1214 890 posse
1231 851 1336 880 tamen
1354 846 1553 891 episcopum,
1577 848 1602 880 si
1628 858 1708 892 opus
1726 848 1789 881 sue-

1049 900 1099 940 rit,
1137 909 1219 933 nova
1250 905 1367 934 statuta
1401 911 1474 933 cum
1498 901 1632 934 consilio
1657 900 1789 944 capituli

1049 953 1153 995 edere,
1181 959 1211 987 et
1236 953 1290 986 illa
1307 954 1391 987 edita
1408 953 1600 996 (referendo,
1621 953 1653 986 in
1672 954 1789 997 quibus

1048 1005 1200 1039 differunt
1220 1006 1259 1038 ab
1279 1005 1434 1048 antiquis)
1452 1005 1491 1038 ad
1509 1006 1789 1049 congregationem

1049 1058 1182 1092 Sanctae
1207 1060 1369 1093 Romanae
1394 1059 1555 1093 Ecclesiae
1576 1059 1787 1092 cardinalium

1048 1113 1183 1156 negotiis
1197 1119 1226 1147 et
1244 1113 1536 1147 consultationibus
1553 1113 1788 1158 Episcoporum

1049 1171 1079 1198 et
1104 1165 1309 1209 Regularium
1326 1167 1539 1211 praepositam
1560 1166 1790 1206 transmittere,

1049 1224 1083 1251 nt
1106 1219 1146 1252 ab
1170 1231 1205 1253 ea
1229 1220 1456 1253 examinentur
1480 1227 1508 1253 et
1535 1221 1764 1264 approbentur.

1137 1274 1248 1313 Quoad
1277 1274 1474 1314 secundum,
1498 1284 1561 1307 nou
1586 1273 1685 1307 videri
1711 1274 1790 1307 inte-

1049 1328 1109 1361 rim
1136 1328 1257 1372 aliquid
1283 1339 1380 1372 super
1396 1328 1456 1361 hoc
1473 1327 1703 1368 innovandum,
1722 1326 1789 1367 sed,

1048 1392 1120 1414 cnm
1142 1392 1234 1415 casus
1260 1382 1466 1425 particulares
1491 1381 1671 1421 evenerint,
1696 1391 1788 1424 posse

1049 1435 1236 1478 episcopum
1252 1434 1399 1468 eamdem
1416 1435 1697 1479 congregationem
1715 1445 1789 1468 cou-

1049 1488 1160 1520 sulere.

1137 1540 1249 1580 Quoad
1266 1541 1410 1581 tertium,
1429 1541 1568 1585 capitulo
1593 1541 1790 1586 Egitaniensi

1049 1604 1114 1627 non
1140 1594 1268 1628 licuisse
1296 1595 1491 1628 voluntatem
1525 1595 1701 1637 testatoriS‚
1733 1606 1790 1628 seu

1050 1649 1187 1692 primam
1205 1648 1438 1689 fundationem,
1455 1649 1638 1682 inconsulta
1657 1649 1688 1682 S.
1710 1648 1791 1684 Sede

1051 1701 1246 1745 Apostolica,
1256 1708 1455 1735 commutare
1465 1703 1511 1736 vel
1521 1702 1667 1743 alterare,
1677 1708 1706 1736 et
1719 1702 1792 1736 ideo

1051 1765 1215 1788 censemus
1233 1755 1341 1788 omnia
1362 1755 1394 1788 in
1412 1755 1583 1799 pristinum
1596 1755 1635 1788 ad
1655 1756 1791 1789 formam

1050 1809 1172 1853 primae
1197 1809 1393 1843 fundationis
1419 1809 1618 1843 restituenda
1642 1819 1720 1843 esse.

1140 1862 1250 1902 Quoad
1278 1868 1446 1907 quartum,
1477 1864 1665 1907 episcopum
1698 1873 1792 1907 posse

1052 1916 1233 1960 probibere,
1258 1916 1345 1950 iuxta
1369 1916 1462 1949 aliam
1489 1916 1625 1949 similem
1651 1916 1792 1949 declara-

1051 1971 1169 2005 tionem
1195 1971 1309 2005 factam
1334 1970 1374 2004 ab
1398 1971 1510 2004 eadem
1535 1970 1630 2004 Sacra
1656 1970 1793 2013 Congre-

1052 2025 1179 2068 gatione
1204 2024 1263 2058 sub
1287 2024 1341 2058 die
1360 2033 1426 2057 xvn
1451 2024 1635 2058 novembris
1659 2033 1737 2065 MDC,
1761 2025 1793 2057 in

1052 2089 1115 2122 qua
1140 2078 1324 2120 declaravit,
1351 2089 1416 2112 non
1434 2090 1502 2112 esse
1527 2078 1710 2112 habendum
1736 2089 1790 2111 ca-

1052 2132 1190 2180 pitulum
1211 2132 1287 2166 dum
1302 2133 1396 2165 missa
1418 2143 1473 2166 seu
1499 2133 1595 2166 borae
1621 2131 1794 2166 canonicae

1053 2186 1084 2218 in
1105 2186 1237 2219 ccclesia
1257 2186 1479 2227 celebrantur;
1499 2185 1595 2230 idque
1616 2185 1711 2219 etiam
1732 2185 1793 2218 suit

1053 2239 1218 2272 decretum
1250 2239 1281 2272 in
1307 2239 1456 2273 Conciliis
1481 2239 1667 2280 Basilcensi,
1696 2238 1790 2272 Colo-

1054 2293 1168 2332 niensi,
1190 2293 1419 2326 Mediolanensi
1436 2299 1467 2327 et
1483 2293 1563 2334 aliis,
1587 2293 1630 2325 ita
1649 2299 1682 2326 ut
1699 2302 1794 2325 cano-

1052 2347 1114 2380 niri
1140 2346 1413 2380 contravenientes
1443 2346 1474 2379 in
1500 2345 1668 2379 amissione
1689 2346 1794 2389 quoti-

1054 2400 1221 2433 dianarum
1253 2400 1546 2440 distributionum,
1586 2399 1645 2432 nisi
1671 2399 1794 2433 adesset

1053 2454 1280 2497 urgentissima
1295 2464 1388 2487 causa
1402 2454 1447 2488 vel
1459 2454 1594 2486 maxima
1612 2454 1794 2494 necessitas,

1053 2507 1239 2550 puniantur.

1142 2558 1253 2597 Quoad
1279 2569 1353 2592 vero
1378 2559 1539 2602 quintum,
1563 2568 1626 2592 non
1648 2558 1794 2602 expedire

1053 2610 1139 2644 aliud
1165 2622 1262 2655 quam
1288 2623 1305 2644 a
1325 2611 1466 2645 Concilio
1490 2617 1644 2645 statutum
1664 2617 1721 2645 est.

1097 2665 1112 2707 ᾗ
1136 2664 1166 2699 6.
1190 2665 1325 2698 Demum
1347 2665 1530 2708 praedictus
1554 2665 1698 2699 Nonnius
1718 2666 1791 2710 Epi-

1796 263 1845 290 An.
1863 262 1890 289 C.
1915 263 1983 289 1603

1830 700 1859 721 Ad
1869 700 1965 727 primum.

1827 1285 1856 1305 Ad
1866 1285 1990 1306 secuudum.

1833 1551 1863 1572 Aa
1875 1553 1967 1572 tertium.

1834 1871 1864 1893 Ad
1876 1874 1982 1898 quartum.

1838 2564 1866 2585 ,tit
1878 2565 1980 2591 quintum.

1848 2658 1893 2678 Atta
1907 2663 1994 2684 quoque

1806 2685 1917 2711 proposita
1924 2684 1996 2706 dubia.
