2227 3241
74 256 124 284 An.
135 256 165 284 C.
187 255 255 283 1608

272 308 376 346 gatur.
404 304 540 347 Insuper
563 302 748 347 praedictae
768 301 1016 344 Congregationi

271 356 317 390 sic
330 361 466 396 erectae,
484 362 515 389 et
529 356 634 389 eidem
648 356 789 389 Tliomae
808 366 825 388 a
840 355 910 388 lesu
929 364 1015 388 com-

273 409 420 443 missario
438 410 571 453 eiusque
584 408 836 449 successoribus,
855 414 1015 441 monaste·
1032 407 1034 431 l

273 463 321 497 ria
345 469 376 496 et
400 463 584 503 seminaria,
609 465 733 496 servata
758 463 860 495 forma
881 461 1015 495 Concilii

271 516 461 556 Tridentini,
478 515 634 558 erigendi,
654 515 792 548 novitios
812 515 850 547 ad
869 514 1015 547 habitum

272 569 449 613 recipiendi
467 574 498 602 et
518 569 557 601 ad
577 567 812 612 professionem
834 567 1015 609 regularem

272 633 330 656 suo
355 628 501 666 tempore
526 621 740 659 admittendi,
769 630 867 653 novas
892 620 1014 653 eonsti-

273 675 411 708 tutiones
431 679 463 708 et
487 673 708 707 ordinationes
729 673 890 706 condendi
911 673 1017 716 (duni-

273 729 370 762 modo
388 738 501 762 eorum
520 727 703 772 primitivae
721 727 853 769 regulae
870 733 901 760 et
918 726 1017 770 ipsius

272 781 536 824 Congregationis
561 780 728 820 instituto,
756 779 854 812 sacris
879 779 1014 812 canoni-

273 834 343 875 bus,
367 833 508 868 Concilio
532 832 731 873 Tridentino,
760 838 790 865 et
815 831 1017 865 constitutio-

273 887 368 921 nibus
393 886 576 931 apostolicis
596 896 663 919 non
680 886 743 919 sint
760 885 956 928 contrariae)
977 886 1019 919 sa-

274 941 426 975 cultatem
447 939 665 974 concedimus.

106 985 259 1038 ,eongrqgaiio
318 996 335 1037 g
358 994 387 1027 7.
419 994 468 1027 Ad
492 993 583 1034 haee,
611 993 759 1027 eamdem
784 992 1014 1035 Congregatio-

73 1034 261 1091 ltsshffssffiflluuss‘e't
273 1057 349 1080 nem
373 1045 475 1080 sancti
507 1045 617 1087 Pauli,
645 1045 779 1089 eiusque
801 1045 1014 1086 monasteria,

75 1087 260 1162 {ltgtttlssifffissll
275 1100 388 1134 domos
402 1126 410 1141 ,
433 1099 606 1133 seminaria
620 1126 627 1140 ‚
650 1099 822 1142 praelatos,
843 1104 872 1132 et
889 1098 1016 1141 religio-

75 1143 260 1199 {ttulilalffissil
274 1163 326 1187 sos
356 1152 522 1186 universos
547 1158 577 1185 et
608 1152 751 1195 singulos
780 1162 866 1185 nune
897 1158 927 1185 et
958 1162 1017 1196 pro

75 1199 152 1218 ΨΜ·
274 1212 421 1251 tempore
435 1206 615 1246 existentes,
637 1206 833 1250 illorumque
851 1206 935 1239 bona
954 1217 1017 1240 mo-

273 1260 351 1294 bilia
371 1266 403 1293 et
427 1260 607 1294 immobilia
624 1260 664 1292 ab
685 1260 773 1293 omni
794 1260 1017 1294 iurisdictione

273 1315 520 1349 Ordinariorum
546 1315 692 1348 locorum
719 1325 1013 1359 quorumcumque,

273 1380 401 1404 necnon
430 1370 469 1403 ab
495 1369 701 1411 obedientia,
735 1370 962 1413 superioritate
987 1377 1017 1404 et

273 1430 431 1470 potestate
452 1425 712 1469 praepositorum
733 1426 932 1468 generalium
953 1431 1016 1458 tam

273 1479 537 1522 Congregationis
550 1479 778 1523 Hispaniarum
793 1490 889 1523 quam
908 1480 1017 1513 Italiae

274 1535 521 1577 (praeterquam
549 1533 579 1565 in
606 1532 836 1577 infrascriptis)
856 1540 1017 1578 perpetuo

276 1586 458 1627 eximimus,
481 1591 513 1619 et
533 1586 718 1627 liberamus,
746 1597 783 1619 ae
803 1594 968 1631 exemptos
989 1593 1018 1621 et

276 1640 396 1674 liberos
420 1650 488 1674 esse
513 1640 661 1673 volumus
686 1647 717 1674 et
742 1641 955 1682 declaramus,
983 1653 1019 1674 ae

277 1695 336 1728 sub
355 1697 464 1728 nostra
487 1701 517 1728 et
533 1694 624 1728 Sedis
641 1695 844 1738 Apostolicae
872 1706 908 1728 ac
935 1695 1019 1728 beati

278 1747 363 1782 Petri
380 1747 582 1791 protectione
598 1748 801 1792 suscipimus,
818 1749 976 1793 nobisque
991 1756 1021 1783 et

279 1801 384 1836 dictae
403 1801 476 1835 Sedi
500 1801 687 1836 immediate
711 1802 910 1836 subiicimus.

131 1864 198 1911 priori
214 1870 265 1906 vem·
324 1856 340 1898 ξ
359 1854 389 1888 8.
407 1855 561 1889 Volumus
572 1861 691 1896 autem,
713 1861 747 1889 ut
763 1855 929 1899 praedicta
942 1856 1021 1889 Con-

79 1897 265 1965 ᾅῗῗζζῧὲηῗῦιῗὲ-
279 1909 424 1952 gregalia
447 1909 580 1953 eiusque
602 1909 843 1942 commissarius
862 1910 1021 1952 generalis

80 1950 266 1993 iiiiossgssisui'sii‘.
279 1962 379 2007 priori
397 1963 539 2005 generali
561 1962 665 1996 dictae
681 1963 945 2006 Congregationis
962 1963 1022 1997 Ita-

280 2015 342 2050 liae
362 2021 527 2060 tamquam
546 2016 718 2050 universali
737 2023 768 2050 et
791 2017 951 2061 superiori
970 2028 1022 2050 ca-

280 2069 339 2114 piti
359 2069 468 2113 (iuxta
489 2075 595 2103 tamen
615 2071 752 2104 sormam
773 2071 1023 2114 infrascriptam)

280 2123 484 2164 subiaceant;
513 2123 567 2167 qui
596 2124 687 2167 prior
716 2124 874 2167 generalis
895 2125 1020 2159 domos.

281 2177 478 2211 monasteria
505 2188 542 2211 ac
572 2178 746 2211 seminaria
766 2178 870 2211 dietae
890 2178 1025 2220 Congre-

281 2231 419 2274 gationis
435 2231 537 2264 sancti
561 2232 663 2273 Pauli,
687 2242 866 2276 eorumque
887 2242 1024 2266 conven-

282 2290 332 2319 tus
349 2290 379 2318 et
396 2295 560 2329 personas,
583 2285 671 2319 solus
692 2296 749 2329 per
769 2296 801 2318 se
822 2285 926 2329 ipsum
951 2296 1024 2329 per-

281 2339 436 2373 sonaliter
453 2349 525 2372 cum
541 2339 666 2372 duobus
680 2339 774 2372 sociis
792 2344 822 2372 et
840 2349 903 2372 uno
921 2339 1024 2372 scriba

282 2402 338 2426 seu
354 2392 529 2426 secretario
543 2392 582 2425 ah
602 2392 668 2435 ipsa
686 2392 940 2434 Congregatione
953 2402 1025 2425 san-

282 2446 323 2482 cti
340 2446 430 2480 Pauli
448 2447 608 2489 eligendo,
631 2453 661 2479 et
678 2446 765 2479 iuxta
783 2445 927 2479 eiusdem
945 2446 1025 2480 Con-

282 2500 478 2544 gregationis
500 2500 662 2540 instituta,
690 2510 749 2533 nec
770 2500 858 2540 alias,
883 2499 1021 2541 visitare,

283 2554 447 2597 corrigere
467 2560 498 2588 et
521 2555 698 2588 reformare
714 2581 721 2595 ‚
746 2560 777 2587 et
802 2554 1025 2598 delinquentes

283 2608 409 2651 punire,
437 2608 534 2653 idque
552 2608 591 2642 de
616 2618 774 2642 consensu
795 2608 954 2642 dictorum
972 2618 1024 2641 so-

285 2660 420 2702 ciorum,
448 2670 479 2695 et
502 2661 586 2695 intra
611 2661 806 2695 monasteria
827 2661 926 2705 ipsius
945 2662 1024 2696 Con-

344 2723 422 2750 Bull.
442 2724 518 2751 Rom.
540 2740 572 2744 -
599 2724 655 2751 Vol.
672 2724 719 2751 XI.
918 2724 951 2750 68

920 254 1041 280 ΡΑΙῙΗΣΞ
1064 255 1084 277 V
1103 254 1153 278 ΓΡ.

1697 243 1762 281 537
1808 254 1857 282 An,
1871 255 1897 282 ci
1922 255 1990 284 1608

1050 302 1247 344 gregationis
1273 302 1435 335 dumtaxat
1463 303 1564 344 (extra
1584 312 1667 346 quae
1687 302 1792 335 nulla-

1052 360 1142 387 tenus
1156 355 1307 396 Religiosi
1322 355 1505 398 praedictae
1519 355 1793 398 Congregafionis,

1051 418 1229 452 eorumque
1247 409 1372 452 aliquis,
1398 409 1437 442 ab
1467 410 1580 442 eodem
1610 409 1795 453 praeposito

1051 462 1193 504 generali
1226 463 1384 502 amoveri,
1410 463 1456 495 vel
1478 463 1540 495 alio
1567 463 1664 496 modo
1685 468 1791 496 trans-

1052 515 1138 554 ferri,
1157 526 1261 558 neque
1275 525 1387 548 eorum
1404 516 1475 549 loco
1490 516 1607 548 mutari
1625 516 1688 549 aut¹
1706 517 1795 560 poni,

1051 578 1155 611 neque
1176 568 1313 611 priores,
1330 575 1384 601 aut
1405 568 1477 602 alii*3
1497 569 1651 602 officiales
1666 580 1795 603 eorum—

1052 622 1123 655 dem
1155 622 1404 655 seminariorum
1437 628 1491 655 aut
1522 623 1793 656 monasteriorum

1051 680 1082 708 et
1107 675 1253 708 locorum
1279 675 1543 717 Congregationis
1573 675 1673 708 sancti
1703 676 1793 708 Pauli

1051 739 1109 772 pro
1133 734 1277 771 tempore
1296 728 1339 761 eis
1360 728 1590 772 praesidentes,
1605 739 1623 761 a
1636 729 1700 762 suis
1721 728 1792 762 offi-

1052 782 1108 815 ciis
1126 782 1280 822 amoveri,
1301 792 1406 825 neque
1422 782 1475 814 alii
1494 792 1605 815 eorum
1624 783 1696 816 loco
1716 782 1793 816 sub-

1051 835 1138 867 stitui
1153 834 1299 878 possint³,
1317 834 1377 867 nisi
1393 834 1433 867 ob
1448 845 1615 868 enormem
1630 845 1792 868 excessum

1051 888 1106 931 qui
1120 888 1201 921 iuste
1216 888 1346 921 tolerari
1361 894 1513 932 nequeat,
1525 894 1556 921 et
1570 888 1657 921 tunc⁴
1672 888 1703 920 in
1714 888 1795 922 dese-

1052 946 1138 975 ctum
1165 941 1320 985 praedicti
1346 941 1560 975 commissarii
1585 941 1745 983 generalis
1765 946 1797 974 et

1053 995 1091 1027 de
1105 1004 1262 1027 consensu
1277 994 1438 1028 dictorum
1454 993 1629 1034 sociorum,
1647 1004 1706 1027 nee
1719 993 1797 1027 alias

1052 1048 1118 1081 ullo
1130 1047 1251 1090 modo),
1263 1048 1374 1081 valeat.
1385 1047 1596 1080 Prohibemus
1607 1056 1746 1091 quoque,
1756 1057 1797 1079 ne

1052 1100 1136 1134 idem
1149 1101 1352 1145 praepositus
1366 1100 1524 1143 generalis
1541 1100 1664 1144 aliquas
1677 1099 1795 1142 gratias

1051 1155 1261 1198 particulares
1275 1154 1447 1198 praedictis
1459 1153 1612 1187 fratribus
1624 1150 1790 1186 concedat.

1097 1210 1112 1249 ξ
1139 1208 1168 1241 9.
1198 1207 1442 1241 Commissarius
1474 1211 1580 1240 autem
1610 1205 1793 1249 praedictae
1844 1221 1994 1242 Conuuissario

1809 1248 1901 1273 generali
1937 1249 1995 1268 lucus

1051 1260 1313 1303 Congregationis
1337 1260 1437 1293 saneti
1458 1259 1548 1293 Pauli
1573 1270 1644 1292 cum
1667 1259 1793 1293 duobus
1808 1275 1910 1295 assi-situ..
1925 1275 1945 1295 j„
1960 1281 1995 1295 ω.

1050 1317 1145 1350 soeiis
1170 1317 1202 1349 in
1227 1317 1367 1360 capitulo
1393 1316 1550 1359 eligendis
1574 1315 1716 1359 capitulo
1733 1325 1790 1358 ge·
1808 1303 1995 1350 l15?23]·.t'51¹1155'³¹¹'

1051 1371 1152 1404 nei-ali
1172 1371 1265 1404 totius
1283 1371 1411 1404 Ordinis
1428 1370 1591 1412 interesse,
1610 1370 1720 1414 ibique
1740 1380 1794 1403 ro-

1052 1435 1121 1457 cem
1144 1431 1206 1458 tam
1225 1417 1361 1458 activam
1380 1436 1477 1468 quam
1498 1425 1669 1468 passivam,
1689 1430 1719 1458 et
1740 1425 1791 1457 lo-

1052 1490 1124 1513 cum
1156 1479 1216 1512 sibi
1242 1485 1474 1521 congruentem
1509 1484 1572 1512 tam
1605 1479 1672 1523 ipse
1697 1489 1794 1523 quam

1052 1534 1129 1567 socii
1155 1534 1275 1566 habere
1301 1534 1448 1567 debeant.

1098 1590 1113 1630 ξ
1144 1587 1194 1620 10.
1230 1587 1321 1620 Prior
1346 1593 1453 1620 autem
1479 1587 1638 1630 generalis
1661 1588 1792 1632 praedi·
1811 1597 1893 1642 fruor
1909 1602 1996 1642 sepem<

1053 1647 1122 1675 ctus
1139 1642 1260 1685 <quoad
1279 1641 1434 1674 visitanda
1453 1641 1661 1682 monasteria,
1682 1642 1796 1675 domos
1812 1629 1999 1686 ἐῖτὲῗοῗᾞεῗιοῖῗ

1055 1701 1084 1729 et
1108 1695 1199 1737 loca)
1225 1695 1350 1728 statutis
1380 1701 1410 1728 et
1443 1695 1619 1738 privilegiis
1652 1678 1997 1730 effisdem{ssrag'e'iiiiiim'm

1054 1749 1317 1791 Congregationis
1341 1748 1442 1782 saneti
1468 1749 1557 1782 Pauli
1589 1749 1621 1782 in
1648 1749 1798 1782 omnibus

1055 1808 1086 1836 et
1102 1813 1160 1847 per
1174 1802 1282 1836 omnia
1300 1813 1333 1836 se
1350 1803 1542 1843 conformet,
1559 1802 1706 1846 nihilque
1724 1813 1801 1836 con-

1056 1862 1104 1890 tra
1122 1856 1176 1889 illa
1192 1866 1346 1889 renovare
1364 1862 1418 1889 aut
1438 1856 1575 1889 alterare
1593 1862 1797 1900 praesumat,

1056 1910 1305 1954 praedictaeque
1330 1909 1608 1952 Congregadonis,
1636 1915 1672 1943 ut
1701 1920 1797 1953 prac-

1057 1964 1166 2002 t'ertur,
1192 1963 1396 2003 monasteria,
1425 1964 1550 2004 domos,
1580 1964 1650 1996 loca
1667 1969 1697 1996 et
1721 1974 1797 2007 per-

1056 2028 1150 2051 sonas
1170 2017 1299 2050 visitare
1320 2018 1439 2057 valeat3
1463 2023 1504 2058 et,
1529 2023 1700 2061 antequam
1730 2017 1801 2050 visi-

1059 2070 1211 2104 tationem
1230 2070 1372 2114 incipiat,
1396 2070 1457 2104 lioe
1478 2070 1582 2115 ipsum
1610 2071 1641 2103 in
1659 2070 1799 2115 capitulo

1058 2124 1199 2167 generali
1224 2123 1327 2157 dietae
1355 2124 1619 2167 Congregationis
1651 2124 1800 2157 intimare

1058 2184 1088 2211 et
1108 2178 1304 2223 denunciare
1331 2183 1487 2219 teneatur,
1516 2178 1556 2211 ad
1577 2178 1737 2217 effectum,
1766 2183 1800 2210 ut

1059 2232 1101 2265 ibi
1126 2231 1283 2276 praedicti
1308 2231 1386 2265 socii
1411 2232 1602 2265 visitationis
1622 2231 1681 2274 (uti
1700 2242 1797 2275 supe-

1059 2285 1125 2318 rius
1150 2284 1341 2329 dispositum
1363 2290 1422 2328 est)
1448 2286 1659 2329 deputentur;
1688 2296 1724 2318 ac
1745 2285 1800 2318 do-

1059 2338 1157 2382 nique
1190 2338 1384 2379 inhibemus,
1413 2348 1453 2370 ne
1484 2338 1515 2371 in
1542 2338 1649 2382 aliqtu‘t
1674 2337 1736 2370 alia
1767 2348 1802 2370 re

1093 2402 1105 2428 1
1126 2400 1172 2427 llic
1187 2401 1276 2428 forsan
1293 2400 1369 2427 deest
1387 2408 1434 2427 vox
1451 2401 1506 2428 alti
1520 2402 1556 2434 (a.
1575 2401 1623 2435 T.).

1093 2446 1109 2473 ⁹2
1129 2447 1280 2481 Incongrue
1297 2446 1361 2473 edit.
1380 2445 1458 2472 Maia.
1476 2445 1535 2472 heic
1548 2445 1790 2480 legitaliostsnff).

1093 2492 1110 2516 :3
1131 2490 1226 2518 Vocem
1239 2491 1347 2525 possint
1368 2498 1414 2517 nos
1432 2489 1556 2517 addimus
1571 2497 1607 2523 ⁴ii.
1620 2490 1667 2523 T.).

1095 2536 1109 2562 4
1130 2535 1239 2571 Nempe:
1251 2539 1276 2563 el
1289 2535 1599 2570 luncpriorstnerulis
1612 2535 1703 2561 caleat
1714 2534 1803 2562 eliam

1060 2581 1122 2607 illos
1137 2588 1278 2614 amovere,
1295 2581 1341 2607 sed
1355 2580 1531 2607 solummodo
1545 2580 1574 2605 ιή
1585 2579 1735 2614 defectum,
1748 2582 1798 2606 etc.

1059 2624 1210 2658 Caeterum,
1221 2628 1350 2660 quantuni
1363 2624 1448 2659 potui,
1460 2623 1699 2652 mendosissimum
1712 2623 1800 2651 locum

1059 2677 1155 2697 sanare
1176 2673 1288 2697 conatus
1304 2677 1362 2696 sum
1381 2671 1421 2703 (u.
1444 2672 1492 2702 vr.).
