2227 3241
256 275 304 301 An.
320 275 347 301 c.
373 275 438 301 111114
487 265 547 299 itt-2

268 2150 305 2169 Cui
314 2150 367 2169 lmua
378 2150 446 2170 omnia

264 2179 386 2196 nuntiusteiit
411 2177 446 2196 anl-

263 2204 389 2224 1111111“;1111111“.

1022 273 1202 297 minantum

454 323 689 363 ecclesiasticis)
701 321 884 354 huiusmodi
899 321 1187 365 supplicationibus

454 376 610 415 inclinati,
627 375 656 407 111
672 375 756 407 dieto
770 374 927 418 prioratu,
951 374 1002 407 cui
1024 385 1100 408 cura
1121 375 1205 413 ani—¹

455 439 578 461 marum
591 427 860 472 parochianorum
876 437 940 460 non
957 427 1098 461 imminet
1110 428 1187 471 (sive
1204 450 1205 454 =

454 480 639 524 praemisso,
670 480 744 520 sive,
768 484 839 519 etc„
864 480 997 521 factam,
1021 486 1074 513 aut
1098 491 1184 514 asse-

453 534 656 577 quutiouem,
672 538 742 568 etc..
757 539 855 574 vacet,
868 533 991 566 etiamsi
1008 539 1095 567 tanto
1110 541 1188 567 tem-

453 597 543 630 pore,
560 591 616 619 etc.
631 586 790 627 devoluta,
809 587 939 631 ipseque
952 587 1113 631 prloratus
1131 588 1190 621 dis·
1205 595 1207 630 ',

453 639 602 683 positioni
618 640 812 683 apostolicae
830 641 1021 685 specialiter,
1036 642 1082 675 vel
1098 642 1185 684 alias,
1205 634 1206 639 ¹

453 696 523 733 etc„
536 692 666 734 existat,
690 703 726 727 ac
747 693 829 727 inter
842 694 968 738 aliquos
985 694 1022 727 lis
1035 695 1187 738 indecisa,
1206 690 1207 704 ³

454 746 642 788 dummodo,
655 751 725 787 etc„
737 747 903 791 pertineat¹
918 758 1048 789 nomen,
1064 748 1189 782 titulum

454 805 482 832 et
505 800 801 834 denominationem
827 801 944 845 prioris
965 808 993 835 et
1024 802 1190 845 dignitatis

454 853 625 896 prioratus,
643 865 768 888 necnon
789 855 941 889 Ordinem
963 856 1062 889 sancti
1085 857 1191 899 Augu-

453 907 527 940 stini
546 908 739 951 praefatum,
766 908 914 953 illiusque
933 915 1062 951 statum,
1083 920 1190 943 essen-

455 960 529 993 tiam
552 967 578 993 et
600 962 847 1006 dependentiam
874 963 1048 1006 regulares,
1065 969 1192 1008 aposto-

454 1013 514 1046 lica
531 1015 731 1056 auctoritate,
750 1021 859 1049 tenore
873 1016 1102 1060 praesentium,
1120 1027 1192 1061 per-

453 1072 549 1109 petuo
570 1068 802 1112 supprimimus
819 1076 847 1102 et
864 1069 1090 1112 extinguimus,
1109 1081 1145 1103 ac
1160 1071 1191 1103 in

453 1119 543 1153 istius
557 1121 718 1165 prioratus
734 1122 779 1155 sic
790 1123 952 1166 suppressi
967 1123 1040 1164 situ,
1057 1123 1190 1165 ambitu,

453 1174 585 1206 aedibus
598 1180 628 1207 et
643 1175 797 1208 aedificiis
811 1186 846 1208 at:
861 1176 1077 1209 adhaerentiis
1091 1187 1190 1209 unum

453 1227 624 1269 collegium
643 1228 835 1261 clericorum
854 1239 908 1262 seu
930 1229 1191 1274 presbyterorum

454 1280 557 1313 dictae
571 1281 738 1314 Societatis
751 1293 809 1325 per
821 1293 920 1315 unum
935 1288 1092 1316 rectorem
1108 1283 1193 1317 iuxta

455 1334 596 1383 eiusdem
612 1335 778 1369 societatis
799 1336 978 1369 institutum
1001 1338 1189 1380 regendum,

455 1388 701 1429 gubernandum
724 1395 754 1422 et
777 1389 1091 1432 administrandum,
1119 1402 1192 1424 cum

455 1441 606 1473 omnibus
619 1441 805 1485 privilegiis,
822 1443 1090 1487 exemptionibus,
1103 1444 1194 1476 liber-

457 1493 583 1533 tatibus,
601 1494 870 1535 immunitatibus,
892 1496 1131 1539 praerogativis,
1150 1497 1194 1530 fa-

456 1547 596 1587 voribus,
621 1548 752 1581 indultis
774 1549 973 1593 caeterisque
992 1550 1112 1592 gratiis,
1132 1556 1193 1583 tam

456 1600 688 1644 spiritualibus,
703 1612 799 1645 quatu
820 1603 1061 1645 temporalibus,
1077 1603 1194 1646 quibus

457 1653 517 1686 alia
541 1653 683 1687 eiusdem
702 1655 868 1688 Societatis
886 1656 1032 1698 collegia,
1051 1656 1212 1689 1110111111-1

457 1717 519 1750 que
536 1713 688 1748 rectores,
713 1708 820 1740 clerici
835 1736 842 1749 ,
864 1709 1063 1753 presbyteri,
1086 1719 1195 1743 saeco-

458 1760 538 1792 lares
547 1760 568 1799 ⁴²,
581 1761 763 1803 collegiales
777 1766 806 1794 et
826 1771 995 1805 personae,
1011 1762 1049 1795 de
1064 1762 1133 1796 iure
1147 1763 1194 1796 vel

457 1815 701 1856 consuetudine,
718 1826 773 1848 seu
796 1826 830 1848 ex
854 1816 1021 1860 privilegio
1046 1817 1093 1849 vel
1119 1817 1196 1849 alias

458 1869 703 1912 quomodolibet
723 1875 867 1912 utuntur,
885 1870 1051 1914 potiuntur
1071 1876 1102 1903 et
1121 1881 1197 1913 gau-

459 1923 547 1962 dent,
564 1934 599 1955 ae
620 1923 677 1961 uti,
698 1923 793 1967 potiri
813 1929 840 1957 et
859 1924 1000 1966 gaudere
1018 1930 1149 1968 possunt
1168 1930 1215 1957 61ζ

459 1981 611 2019 poterunt
631 1977 877 2020 quomodolibet
904 1977 934 2009 in
957 1977 1114 2017 futurum,
1140 1984 1216 2016 aii-l,

461 2030 606 2063 ctoritate
627 2036 656 2063 et
679 2036 789 2064 tenore
814 2031 976 2075 praefatis,
1004 2031 1096 2064 etiam
1120 2041 1196 2074 per-

461 2088 558 2127 petuo
577 2083 730 2126 erigimus
755 2090 786 2117 et
806 2084 1020 2123 instituimus,

507 2138 523 2178 ς
544 2135 574 2168 5.
596 2136 720 2180 Illique,
737 2137 781 2169 sic
795 2142 904 2171 erecto
923 2142 953 2169 et
974 2136 1128 2174 instituto,
1142 2147 1200 2180 pro

463 2190 529 2222 eius
550 2190 635 2229 dote,
657 2201 691 2223 ae
715 2191 896 2223 futurorum
913 2190 998 2222 illius
1020 2190 1152 2223 rectoris
1170 2195 1201 2222 et

463 2243 678 2285 colleg-tatium
701 2255 773 2283 usu,
792 2244 1001 2280 habitatione,
1022 2244 1199 2276 substenta-

464 2296 548 2329 tione
561 2302 590 2329 et
605 2297 899 2338 commoditatibus,
910 2307 1110 2340 onerumque
1127 2296 1201 2339 ipsis

463 2350 718 2383 incumbentium
741 2350 996 2394 supportatione,
1019 2350 1125 2384 situm,
1147 2360 1200 2382 ae-

463 2403 518 2436 des
535 2409 566 2436 et
585 2403 733 2437 aedificia
757 2403 919 2448 suppressi
946 2403 1106 2447 prioratus
1135 2402 1197 2435 1111-

465 2457 614 2499 iusmodi,
629 2468 700 2490 611111
718 2457 802 2490 illius
816 2456 960 2498 ecclesia,
979 2456 1136 2497 claustris,
1154 2466 1202 2488 re-

465 2510 610 2551 fectorio,
632 2510 842 2551 dormitorio,
873 2509 994 2543 ambitu
1009 2536 1016 2550 ‚
1040 2509 1198 2549 circuitu,

464 2573 589 2596 necnon
605 2564 754 2597 omnibus
776 2569 803 2595 et
826 2562 959 2605 singulis
971 2562 1034 2596 suis
1051 2562 1202 2595 membris

505 2635 512 2660 l
538 2635 645 2662 Similes
660 2635 738 2662 form.
758 2634 817 2662 vide
832 2643 891 2669 sup.
910 2642 970 2669 pag.
987 2634 1046 2668 935
1065 2633 1080 2660 3
1098 2640 1133 2668 111.
1152 2638 1200 2667 1.).

501 2680 516 2705 2
536 2680 575 2704 Si·-
593 2681 643 2715 leg.
662 2679 727 2705 ’1111111
746 2689 751 2709 ·,
768 2683 791 2705 at
809 2679 872 2705 fors,
885 2678 936 2714 leg.
949 2678 1089 2704 semare<
1104 2678 1141 2711 (u.
1155 2677 1202 2708 T).

1229 269 1378 298 110111111111111

1220 321 1363 362 annexis,
1384 321 1481 361 villis,
1505 319 1663 364 praediis,
1684 319 1950 364 possessionibus,

1221 375 1325 416 terris,
1345 373 1439 417 agris,
1461 373 1579 413 fundis,
1599 372 1709 415 vineis,
1730 373 1887 416 censibus,
1907 374 1955 407 iu-

1221 427 1481 468 risdictionibus,
1512 426 1614 467 silvis,
1645 425 1819 470 paschulis,
1840 426 1953 467 hortis,

1221 481 1337 525 pratis,
1365 480 1509 521 decimis,
1537 479 1708 521 fructibus,
1728 479 1908 513 redditibus
1927 486 1957 513 et

1222 534 1439 577 proventibus,
1464 533 1599 574 iuribus,
1623 532 1814 574 actionibus,
1838 533 1957 566 obven-

1222 587 1373 629 tionibus,
1391 586 1617 621 emolumentis
1631 593 1661 620 et
1674 586 1874 631 pertinentiis
1887 586 1959 620 uni-

1205 644 1206 689 }
1223 641 1330 683 versis,
1340 641 1538 685 caeterisque
1549 640 1959 681 mobilibus,immobilibus

1223 701 1251 728 et
1279 695 1527 737 semoventibus,
1550 706 1586 728 ac
1615 693 1709 727 etiarn
1731 694 1910 728 feudalibus
1930 700 1961 728 et

1224 749 1427 782 allodialibus
1448 749 1551 790 honis,
1569 754 1630 781 tam
1654 748 1738 782 intus
1759 759 1854 792 quam
1873 754 1961 782 extra

1225 803 1346 836 dictum
1367 802 1522 846 oppidum
1544 802 1680 835 ubilibet
1694 801 1885 843 constitutis,
1905 811 1961 836 6ο-

1224 866 1362 899 rumque
1375 855 1616 900 proprietate‘et
1630 855 1785 896 dominio,
1798 866 1834 888 ac
1849 854 1958 896 sacris,

1225 908 1367 952 profanis
1389 914 1419 941 et
1438 908 1666 942 communibus
1686 907 1962 952 suppellectilibus

1225 961 1265 994 ad
1286 961 1407 995 dietum
1432 962 1610 1005 prioratum
1637 972 1857 1006 suppressum,
1878 962 1962 996 eius-

1226 1026 1289 1060 que
1304 1021 1495 1052 conventum
1512 1020 1542 1048 et
1556 1015 1733 1058 ecclesiam,
1746 1015 1843 1049 etiarn
1856 1026 1892 1049 ex
1904 1016 1964 1049 im-

1226 1074 1425 1112 peratorum,
1453 1078 1577 1111 regum,
1606 1069 1800 1111 reginarum,
1829 1069 1959 1110 ducum,

1226 1121 1408 1166 principum
1438 1122 1486 1155 vel
1515 1122 1653 1155 aliorum
1680 1122 1847 1167 utriusque
1871 1133 1963 1156 sexus

1226 1174 1369 1208 fidelium
1384 1175 1581 1217 fundatione,
1594 1174 1768 1219 dotatione,
1780 1176 1963 1219 donatione,

1226 1228 1407 1271 largitione,
1431 1228 1478 1261 vel
1499 1228 1577 1261 alias
1597 1239 1802 1272 quocumque
1823 1229 1904 1271 iure,
1928 1229 1965 1262 ti-

1227 1282 1293 1315 tulo
1311 1286 1342 1315 et
1362 1283 1457 1315 causa
1470 1281 1715 1326 pertinentibus,
1733 1282 1965 1327 cuiuscumque

1226 1335 1398 1379 qualitatis,
1419 1335 1614 1379 quantitatis,
1640 1335 1758 1380 pretii,
1782 1337 1829 1370 vel
1851 1337 1966 1370 valoris

1227 1389 1306 1430 sint,
1330 1399 1366 1422 ac
1386 1389 1415 1421 in
1443 1389 1701 1433 quibuscumque
1730 1390 1837 1431 rebus,
1869 1390 1965 1424 etiam

1228 1442 1273 1475 rei
1287 1442 1443 1475 vocabulo
1462 1442 1614 1475 latissime
1627 1448 1766 1486 sumpto,
1780 1442 1965 1484 consistant,

1228 1495 1350 1529 etiamsi
1384 1495 1499 1528 intuitu
1529 1501 1560 1528 et
1587 1495 1858 1539 contemplatione
1890 1495 1965 1528 dicti

1227 1548 1354 1582 Ordinis
1383 1548 1483 1582 sancti
1513 1548 1679 1591 Augustini
1710 1548 1859 1592 illiusque
1887 1548 1967 1581 reli-

1228 1603 1403 1645 giosorum,
1432 1607 1462 1635 et
1486 1601 1642 1646 quamdiu
1668 1601 1727 1645 ipsi
1753 1601 1873 1635 ibidem
1893 1612 1967 1646 per-

1229 1656 1427 1695 manserint,
1455 1655 1593 1695 donata,
1623 1654 1754 1694 relicta,
1782 1659 1914 1697 erogata
1938 1659 1969 1687 et

1229 1709 1362 1751 elargita
1375 1709 1493 1741 fuerint
1511 1708 1568 1751 (ita
1588 1708 1674 1751 quod
1696 1707 1789 1741 liceat
1809 1718 1869 1752 pro
1891 1714 1969 1742 tem-

1230 1773 1307 1806 pore
1329 1761 1536 1796 existentibus
1556 1761 1674 1794 rectori
1697 1767 1725 1793 et
1748 1760 1969 1804 collegialibus

1230 1815 1378 1860 praefatis
1398 1825 1456 1859 per
1469 1825 1512 1855 se,
1529 1814 1576 1847 vel
1591 1814 1699 1856 alium,
1718 1824 1775 1848 seu
1797 1813 1887 1855 alios,
1909 1823 1967 1847 eom

1230 1880 1301 1902 rum
1323 1874 1353 1902 et
1374 1867 1472 1912 ipsius
1494 1867 1618 1910 collegii
1640 1867 1837 1908 nominibus,
1855 1876 1970 1910 corpo-

1233 1923 1330 1954 ralem
1347 1922 1474 1954 illorum
1490 1920 1634 1953 omnium
1652 1919 1886 1964 possessionem
1901 1929 1971 1963 pro-

1232 1977 1301 2020 pria
1326 1975 1516 2009 auctoritate
1542 1974 1641 2007 libere
1673 1973 1916 2018 apprehendere
1941 1978 1971 2006 et

1214 2020 1388 2074 {perpetuo
1414 2028 1563 2068 retinere,
1592 2038 1627 2060 ac
1653 2028 1785 2067 fructus,
1808 2027 1887 2067 iura,
1915 2026 1972 2060 ob-

1235 2083 1398 2117 ventiones
1430 2087 1460 2114 et
1491 2081 1707 2114 emolumenta
1745 2089 1969 2124 quaecumque

1236 2137 1308 2170 inde
1334 2134 1556 2179 provenientia
1581 2134 1767 2178 percipere,
1800 2133 1968 2176 colligere,

1234 2190 1371 2232 exigere,
1393 2189 1509 2228 levare,
1526 2187 1712 2227 arreudare,
1735 2187 1855 2226 locare,
1876 2185 1972 2219 dislo-

1235 2253 1318 2283 care,
1335 2252 1382 2283 ac,
1404 2241 1555 2274 oneribus
1569 2239 1730 2283 suppressi
1743 2239 1904 2283 prioratus
1918 2238 1971 2270 bu-

1237 2294 1373 2327 iusmodi
1392 2294 1422 2326 111
1443 2293 1664 2337 spiritualibus
1678 2291 1783 2325 debite
1804 2296 1972 2335 supporta-

1237 2349 1284 2389 tis,
1311 2349 1341 2380 in
1362 2358 1436 2381 suos
1462 2347 1602 2391 dictique
1631 2345 1756 2388 collegii
1786 2354 1974 2378 communes

1235 2412 1330 2442 usus,
1354 2401 1524 2434 utilitatem
1549 2405 1580 2433 et
1602 2398 1806 2432 necessitates
1836 2407 1971 2431 conver-

1238 2461 1313 2496 tere,
1342 2453 1523 2488 dioecesani
1549 2452 1610 2486 loci
1637 2462 1721 2485 nune
1747 2457 1777 2484 et
1802 2461 1862 2495 pro
1889 2456 1972 2484 tem-

1236 2518 1313 2552 pore
1334 2506 1496 2540 existentis
1521 2505 1649 2539 licentia
1676 2505 1814 2548 desuper
1841 2504 1975 2537 minime

1236 2560 1401 2604 requisita)
1416 2560 1535 2593 eisdem
1553 2558 1743 2592 auctoritate
1761 2563 1791 2591 et
1811 2563 1920 2591 tenore
1934 2557 1975 2590 si-

1238 2614 1355 2647 militer
1368 2618 1525 2657 perpetuo
1539 2611 1755 2652 concedimus,
1766 2611 1973 2658 assignamus,

1238 2667 1437 2711 applicamus
1458 2671 1486 2698 et
1509 2663 1765 2709 appropriamus.

1971 271 2019 298 An.
2036 270 2063 298 C.
2085 270 2151 299 160⁴

1996 333 2046 352 Cum
2059 332 2152 354 munitm

1971 359 2051 379 iuribus
2059 361 2153 381 annexis.
