2227 3241
647 210 668 219 x

40 241 89 270 An·
109 240 139 269 C.
152 243 221 271 1607

241 406 290 437 cta
313 405 527 438 transactione
547 411 577 437 et
590 405 763 438 eoncordia
782 412 910 448 rogatus
932 406 985 446 fui,

240 511 361 554 signavi
383 516 413 544 et
432 510 592 555 publicari
619 511 650 544 in
671 511 768 544 tidem
798 512 980 556 requisitus.

240 565 324 598 Loco
338 566 363 608 ἦ
375 565 468 608 signi.

14 644 17 649 ‹
101 633 224 658 Huiusmodi

18 662 156 686 *nanneno
178 663 225 682 rata

15 708 18 709 γ
39 687 180 712 unietur-am.
187 687 227 709 flc-

87 715 91 719 ·
134 716 146 737 d
240 671 351 712 serint,
372 672 459 716 quod
489 672 611 705 dictum
640 672 890 706 instrumentum
919 678 980 705 tam

33 718 120 738 *kunnu
149 721 195 737 uce-

239 736 256 758 a
276 725 370 758 nobis
383 736 478 769 quam
494 736 512 758 a
530 726 615 759 dicto
640 726 846 759 Ferdinando
865 736 981 769 magno

239 780 320 813 duce
340 784 444 812 ratum
471 779 654 823 habebitur,
678 785 708 813 et
734 779 837 813 dictus
865 780 978 813 Ferdi-

238 833 364 866 nandus
381 843 516 876 magnus
534 833 608 874 dux,
625 832 708 866 sicut
728 833 922 877 accepimus,
946 844 981 868 ex

237 891 329 930 parte
358 887 415 919 sna
444 886 651 920 concordiam
680 892 710 919 et
731 887 979 920 transactionem

236 938 429 982 praedictas,
448 949 483 972 ac
502 938 622 972 dictum
641 938 892 972 instrumentum
908 951 979 973 curn

238 992 389 1025 omnibus
399 992 432 1025 in
445 1002 482 1026 eo
497 992 656 1026 contentis
666 992 883 1027 ratificaverit:
897 1005 977 1027 cum-

237 1055 299 1089 que
319 1055 377 1078 nos
396 1046 520 1090 pariter
540 1046 708 1090 cupiamus
730 1047 936 1080 concordiam
953 1054 982 1081 et

239 1098 489 1132 transactionem
528 1099 713 1133 huiusmodi
755 1099 982 1134 inviolabiliter

237 1156 394 1195 perpetuo
415 1151 597 1193 observari3

283 1205 299 1247 ξ
316 1203 350 1238 ’3.
370 1205 495 1239 Idcirco
517 1210 606 1239 motu
627 1206 773 1250 proprio,
794 1216 858 1240 non
873 1207 912 1240 ad
927 1207 982 1240 ali-

239 1258 330 1292 cuius
351 1268 448 1303 super
464 1258 526 1292 boc
550 1258 644 1292 nobis
673 1259 798 1293 oblatae
819 1259 983 1303 petitionis

240 1312 436 1348 instantiam,
460 1313 515 1345 sed
537 1323 572 1346 ex
594 1315 680 1346 mera
701 1313 935 1346 deliberatione
953 1320 981 1346 et

239 1376 274 1399 ex
308 1369 394 1399 certa
431 1366 562 1400 scientia
595 1366 712 1400 nostris
732 1395 738 1407 ,
775 1367 980 1400 concordiam

236 1419 448 1464 praedictam,
470 1431 505 1453 ac
525 1420 761 1464 praeinsertuin
786 1421 980 1454 instrumen-

237 1477 316 1513 tum,
341 1482 377 1505 ac
398 1473 505 1506 omnia
523 1478 552 1506 et
567 1473 693 1516 singula
707 1473 737 1506 in
750 1474 805 1507 illo
817 1480 978 1516 contenta,

236 1527 315 1560 sicut
348 1527 483 1571 provide
515 1533 543 1560 et
576 1528 729 1560 mandat-o
756 1532 867 1561 nostro
900 1528 980 1562 facta

236 1581 515 1624 sunt,apostolica
537 1580 738 1621 auctoritate,
761 1586 871 1614 tenore
894 1592 982 1626 prac-

236 1635 397 1673 sentium,
426 1634 656 1679 approbamus,
679 1640 710 1668 et
737 1641 805 1668 rata
832 1641 860 1669 et
891 1640 981 1679 grata

238 1688 406 1729 babemus,
424 1695 454 1722 et
467 1695 626 1733 perpetuo
641 1688 882 1729 confirmamus,
905 1690 980 1724 illis-

186 1780 190 1784 ,
237 1753 300 1787 que
319 1748 494 1787 perpetuae
520 1749 550 1776 ct
574 1742 766 1776 inviolabilis
787 1743 981 1787 apostolicae

238 1797 400 1830 firmitatis
422 1797 522 1830 robur
542 1796 732 1838 adiicimus,
755 1807 792 1830 ac
816 1808 929 1831 ornnes
951 1804 981 1832 et

238 1850 381 1894 singulos
400 1856 462 1884 tam
485 1850 564 1884 iuris
581 1861 677 1895 quarn
692 1851 763 1884 sacti
779 1851 875 1884 etiam
890 1852 980 1885 subs-

239 1904 387 1938 tantiales
407 1904 562 1945 defectus,
579 1904 603 1938 si
619 1905 673 1949 qui
692 1905 724 1938 in
743 1905 863 1939 eisdem
882 1905 980 1940 inter-

239 1957 446 2000 tcrveneririt,
466 1958 665 2002 supplemus.

84 1222 222 1244 confirmatur

39 1249 104 1297 {genn
117 1254 130 1270 a
152 1247 222 1269 Ponti-

34 2035 37 2037 ·
66 2021 223 2053 ciausnuppm
284 2013 300 2055 ξ
328 2011 358 2045 lt.
386 2012 584 2046 Decernente
613 2012 820 2046 concordiam
847 2014 976 2057 praedi-

33 2047 175 2104 ,iibnin'iigi‘ssm
204 2052 225 2071 ⁰²
240 2071 322 2099 ctam
344 2072 374 2100 ct
392 2066 640 2100 instrumentum
664 2067 900 2111 praeinsertum
922 2067 980 2101 hu-

239 2119 389 2160 iusmodi,
407 2130 443 2153 ac
457 2120 565 2153 onmia
583 2126 613 2153 et
634 2120 759 2163 singula
777 2121 808 2153 in
827 2121 881 2154 illo
903 2132 963 2154 con

198 2200 211 2205 γ,
240 2179 336 2213 tenta,
353 2179 510 2218 perpetuo
532 2174 647 2214 valida,
664 2180 731 2207 rata
749 2179 779 2207 et
799 2175 891 2207 lirina
913 2185 980 2208 esse

238 2233 268 2261 et
288 2228 365 2270 sore,
385 2238 525 2272 suosque
546 2227 708 2271 plenarios
726 2233 755 2269 et
774 2228 915 2271 integros
936 2230 980 2261 es-

238 2282 338 2315 sectus
359 2281 468 2315 sortiri
490 2287 520 2314 et
541 2281 687 2314 obtinere
706 2287 737 2314 et
754 2281 980 2314 inviolabiliter

237 2335 399 2370 observari
415 2335 550 2375 deberc3
566 2335 676 2378 sicque
690 2340 723 2368 et
736 2345 799 2368 non
814 2336 906 2369 aliter
923 2347 981 2379 per

237 2449 338 2486 gatos,
362 2443 457 2476 ctiam
479 2452 648 2476 causarum
670 2442 781 2475 Palatii
806 2444 979 2486 Apostoliei

238 2497 402 2530 auditores
422 2496 560 2539 (sublata
581 2496 625 2528 eis
651 2501 678 2529 et
706 2506 819 2530 eorum
850 2497 981 2531 cuilibet

238 2549 348 2593 quavis
378 2549 469 2583 aliter
496 2549 658 2583 iudicandi
688 2555 718 2583 et
747 2550 980 2593 interpretandi

239 2602 387 2636 facultate
401 2608 432 2636 et
444 2603 647 2648 auctoritate)
662 2603 795 2637 iudicari
811 2610 840 2637 et
854 2604 981 2637 definiri

287 2718 366 2747 Bult.
383 2719 463 2748 Rom.
484 2720 543 2748 Vol.
560 2720 608 2748 XI.
823 2721 856 2749 57

242 457 315 491 ideo
335 468 487 502 praesens
516 458 764 491 instrumentum
791 458 981 502 subscripsi,
1002 459 1003 474 l

1002 512 1069 550 ,nis
1096 513 1249 546 Bonisacii
1279 515 1383 558 Papae
1411 513 1476 548 vlll
1506 515 1766 558 praedecessoris

1002 576 1003 588 ¹
1020 566 1120 599 nostri
1135 567 1173 600 de
1191 568 1265 607 una,
1281 573 1311 600 et
1327 567 1358 600 in
1372 567 1510 601 concilio
1524 568 1666 610 generali
1680 568 1765 601 edita

285 619 300 662 ἓ
317 618 346 652 Q.
365 619 440 652 Cum
456 618 566 663 itaque
585 619 680 653 iidem
700 619 843 663 deputati
862 620 984 664 promi·
1002 613 1003 616 ¹

886 250 1006 276 murts
1027 252 1047 275 v
1068 253 1111 276 pp.

243 298 332 331 mino
352 297 580 332 Bartholomeo
598 298 678 332 Dino
701 298 892 332 cancellario
911 300 1005 332 con-l
1022 310 1077 332 cus
1095 310 1192 344 super
1218 300 1267 333 his
1287 311 1303 333 a
1326 310 1503 344 quoquam,
1525 300 1635 345 quavis
1655 305 1766 334 aucto-

241 351 364 385 sulatus
384 351 644 384 Florentinorum
667 352 771 392 Urbis,
789 352 827 385 de
839 352 986 396 supradi-
1002 364 1005 397 ς
1021 353 1124 393 ritate,
1145 353 1283 386 scienter
1310 354 1355 387 rel
1377 354 1574 396 ignoranter,
1596 353 1765 397 contigerit

998 1338 1000 1368 l

1669 241 1733 276 449
1783 252 1831 278 An.
1845 253 1873 278 c.
1901 252 1965 281 1607

1020 407 1180 439 attentari.

1066 461 1081 501 ξ
1100 458 1129 492 5.
1152 460 1220 493 Non
1237 461 1439 494 obstantibus
1455 461 1554 494 felicis
1569 460 1766 495 recordatio·
1781 461 1967 510 tgssi‘gffifffflu·

1020 620 1059 652 de
1086 620 1210 653 duabus
1237 620 1348 662 dietis,
1374 622 1552 655 dummodo
1584 622 1669 654 ultra
1701 627 1764 656 tres

1019 673 1120 706 dietas
1141 674 1276 717 aliquis,
1302 675 1492 708 anctoritate
1518 675 1760 718 praesentium,

1019 726 1057 759 ad
1079 726 1234 759 iudicium
1268 737 1333 760 non
1356 727 1501 760 trahatur
1526 727 1662 771 aliisque
1688 738 1763 761 con-

1018 780 1239 813 stitutionibus
1261 786 1291 813 ct
1315 780 1573 814 ordinationibus
1603 781 1760 825 apostoli-

1017 832 1079 873 cis,
1105 844 1140 867 ac
1165 833 1330 878 quibusvis
1356 834 1482 867 statutis
1504 839 1534 867 et
1554 834 1763 868 consuetudi—

1016 886 1131 926 nibus,
1159 886 1251 919 ctiam
1277 887 1480 927 iuramento,
1517 887 1763 922 confirmatione

1016 938 1201 982 apostolica,
1218 940 1266 972 vel
1289 939 1398 983 quavis
1418 939 1570 973 firmitate
1585 940 1644 973 alia
1666 940 1764 974 robo-

1016 992 1109 1033 ratis,
1132 992 1309 1036 privilegiis
1330 1003 1470 1037 quoque,
1495 993 1627 1026 indultis
1653 999 1683 1027 et
1710 994 1762 1027 lit-

1016 1046 1091 1079 teris
1116 1046 1301 1090 apostolicis
1322 1046 1354 1079 in
1384 1046 1581 1080 contrarium
1604 1047 1761 1091 praemis-

1016 1110 1124 1133 sorum
1152 1100 1397 1144 quomodolibet
1426 1100 1606 1141 concessis,
1636 1100 1758 1134 confir-

998 1175 999 1182 ,
1018 1153 1121 1193 matis,
1147 1158 1176 1186 et
1198 1153 1392 1197 approbatis.
1418 1153 1540 1193 Quibus
1561 1153 1711 1187 omnibus
1731 1160 1761 1188 et

1016 1206 1160 1249 singulis,
1183 1217 1294 1240 eorum
1314 1213 1441 1241 tenores
1459 1208 1682 1251 praesentibus
1701 1217 1761 1252 pro

1017 1259 1174 1304 expressis
1192 1266 1220 1294 et
1239 1261 1278 1294 ad
1293 1261 1425 1294 verbum
1448 1261 1574 1294 insertis
1594 1261 1761 1303 habentes,

1017 1313 1078 1346 illis
1096 1314 1174 1347 alias
1191 1314 1222 1347 in
1241 1324 1298 1347 suo
1317 1315 1433 1348 robore
1452 1314 1684 1358 permansuris,
1701 1314 1761 1348 hac

1017 1368 1083 1401 vice
1106 1368 1281 1406 dumtaxat,
1299 1369 1481 1412 specialiter
1495 1374 1525 1402 et
1545 1379 1693 1413 expresse
1711 1370 1762 1403 de-

1018 1432 1186 1464 rogamus,
1207 1422 1406 1467 caeterisque
1434 1423 1603 1457 contrariis
1629 1423 1761 1467 quibus-

1017 1486 1166 1520 cumque.

1059 1530 1173 1562 Datum
1195 1530 1314 1563 Romae
1335 1530 1420 1574 apud
1439 1537 1583 1564 sanctum
1606 1530 1760 1573 Marcum,

1015 1583 1073 1616 sub
1106 1584 1225 1617 annulo
1255 1584 1424 1617 piscatoris
1454 1584 1504 1618 die
1533 1595 1587 1617 ΧΠ(
1618 1585 1760 1619 octobris

1015 1647 1136 1679 iincvn,
1161 1637 1366 1681 pontificatus
1387 1638 1487 1671 nostri
1513 1649 1598 1672 anno
1623 1648 1669 1673 111.

997 1724 999 1750 ς
1051 1718 1109 1745 Dat.
1131 1719 1175 1745 die
1198 1720 1227 1745 19
1247 1719 1369 1746 octobris
1390 1719 1469 1754 1607,
1492 1719 1586 1755 pontis.
1608 1728 1654 1747 an⁴
1676 1727 1714 1747 ιιι.

237 2399 458 2434 quoscumque
484 2388 606 2421 iudices
631 2388 811 2422 ordinarios
838 2395 866 2421 et
889 2390 976 2422 delc-
997 2381 999 2389 ’

1292 1935 1340 1968 LX
1347 1934 1478 1969 XXVIII.

1017 2068 1268 2112 Conqreyatiom'
1302 2068 1501 2103 clericorum
1540 2069 1758 2113 Reyularium

1059 2122 1262 2162 Somasclzae,
1285 2122 1371 2155 alifis
1389 2123 1493 2156 sanent
1509 2123 1637 2164 Μαίοῖῖ,
1660 2133 1758 2167 qnae-

1059 2186 1193 2219 cumqae
1216 2176 1343 2219 qrccliae
1367 2180 1395 2208 et
1416 2177 1596 2220 przssvz'legyia
1622 2176 1757 2210 Ordini-

1061 2229 1117 2261 bns
1142 2229 1401 2262 illencle'cmzlium
1426 2240 1570 2262 concessa
1596 2234 1624 2263 et
1649 2240 1756 2263 conce-

1059 2282 1165 2314 denda
1185 2283 1470 2315 commum'canim·
1487 2287 1515 2316 cl
1529 2283 1566 2316 dc
1584 2293 1662 2316 novo
1682 2293 1756 2316 con-

1059 2336 1227 2377 ceduntur,
1255 2340 1417 2380 quatenus
1437 2337 1503 2369 sint
1532 2338 1566 2370 in
1596 2347 1668 2376 usu,
1692 2347 1757 2370 non

1058 2394 1215 2429 revocata,
1233 2401 1287 2423 nec
1304 2391 1404 2423 sacris
1418 2391 1596 2423 canonibus
1609 2393 1666 2423 aut
1681 2390 1757 2424 Con-

1059 2443 1134 2476 cilio
1158 2443 1349 2477 Tridentino
1371 2444 1536 2477 contraria
1550 2442 1568 2476 ‘.

1052 2578 1060 2603 1
1084 2577 1167 2603 Istam
1187 2576 1435 2611 Congregationeni
1457 2577 1619 2612 approbavit
1639 2577 1702 2604 l'ius
1722 2578 1755 2609 V,

1015 2623 1040 2648 in
1057 2624 1106 2649 sua
1121 2622 1288 2657 C011stit.cv‚
1302 2623 1481 2650 Inizmclum:
1495 2622 1561 2649 inb.
1575 2631 1601 2649 n.
1615 2623 1755 2649 edit.cx1x

240 2656 368 2698 debere,
386 2667 422 2690 ac
442 2657 567 2691 irritum
590 2664 620 2691 et
640 2658 734 2692 inane
752 2658 909 2702 quidquid
931 2669 980 2692 se·
1016 2671 1081 2695 tom.
1101 2674 1135 2693 vn
1154 2675 1214 2702 pag.
1233 2667 1292 2694 729.
