2227 3241
47 268 104 297 ’Λιι
119 267 150 295 C.
171 266 239 295 1604

105 2473 247 2496 Praesentinm

67 2500 180 2526 publicatio
219 2502 247 2522 {a-

67 2525 140 2548 cionda
147 2535 151 2552 3

860 268 999 293 CLEMENS

254 315 376 357 stolica,
391 316 438 349 vel
453 315 564 360 quavis
578 315 728 349 firmitate
742 315 804 348 alia
821 315 994 356 roboratis,

253 369 398 410 statutis,
423 369 728 410 consuetudinibus,
755 369 996 409 stabilimentis‚

254 422 375 463 usibus,
397 423 530 464 naturis,
559 423 793 463 erectionibus,
817 422 993 455 institutio-

254 475 348 510 nibus
367 482 397 509 et
417 476 692 520 exemptionibus,
712 475 886 520 privilegiis
910 486 994 519 quo-

255 539 339 573 que,
364 529 495 563 indultis
520 535 550 563 et
576 529 690 562 litteris
716 528 911 573 apostolicis,
935 528 997 561 illis

255 593 431 627 earumque
459 583 682 627 praesulibus,
713 581 992 626 praesidentibus,

255 637 405 681 capitulis
429 643 459 670 et
478 637 635 681 personis,
659 637 717 670 sub
737 636 996 680 quibuscumque

255 690 423 724 tenoribus
451 696 482 724 et
503 690 636 732 formis,
661 701 697 723 ac
726 701 798 723 cuin
830 690 997 734 quibusvis

255 744 349 777 etiam
369 744 647 786 derogatoriarum
670 743 894 786 derogatoriis,
911 743 997 776 aliis-

254 806 317 840 que
348 796 584 830 efficacioribus
613 803 643 831 et
668 797 804 831 insolitis
825 797 993 837 clausulis,

253 859 380 883 necnon
413 850 637 891 irritantibus,
673 855 704 884 et
733 850 803 884 aliis
835 850 995 891 decretis,

254 904 350 937 etiam
369 905 432 937 vim
453 910 637 938 contractus
657 904 852 938 habentibus
872 916 927 938 seu
950 905 997 937 in-

253 957 525 1002 ducentibus‚per
537 958 719 1003 praedictos
731 964 760 991 et
774 968 996 1002 quoscumque

254 1011 334 1045 alios
354 1012 517 1045 Romanos
534 1012 718 1051 Pontifices,
739 1012 888 1045 similiter
905 1023 996 1056 prae-

255 1065 441 1099 decessores
454 1071 591 1107 nostros,
603 1076 639 1099 ac
654 1066 749 1099 etiam
764 1076 822 1098 nos
834 1071 864 1099 et
878 1065 994 1099 dictam

254 1118 382 1159 Sedem‚
403 1119 498 1152 etiam
520 1125 623 1159 motu,
644 1119 789 1159 scientia,
814 1119 949 1152 consilio
967 1124 996 1152 et

254 1172 419 1216 potestatis
443 1172 643 1216 plenitudine
662 1173 804 1216 paribus,
821 1183 856 1205 ae
871 1184 907 1205 ex
929 1183 997 1205 cer-

256 1225 293 1258 tis
315 1231 391 1259 tunc
422 1226 579 1270 expressis
608 1226 704 1259 etiam
734 1226 998 1259 consistorialiter

254 1279 427 1323 propositis
446 1285 477 1313 et
497 1279 668 1322 diligenter
686 1279 884 1319 examinatis,
902 1280 996 1312 etiam

254 1342 313 1375 per
332 1333 462 1365 modum
485 1333 593 1366 statuti
620 1339 648 1366 et
668 1339 844 1377 perpetuae
862 1333 998 1366 sant-tio-

255 1384 303 1418 nis
313 1391 343 1418 et
357 1386 580 1424 ordinationis,
596 1385 626 1418 in
642 1396 758 1427 genere
772 1386 819 1418 vel
834 1386 865 1418 in
878 1386 994 1429 speeie,

255 1450 291 1472 ac
317 1439 394 1472 alias
420 1439 667 1483 quomodolibet
693 1440 788 1472 etiam
817 1440 939 1473 iteratis
969 1446 998 1472 et

255 1493 476 1537 multiplicatis
489 1493 611 1526 vicibus
625 1494 795 1534 concessis,
813 1494 998 1537 approbatis

255 1553 285 1580 et
299 1547 469 1580 innovatis
487 1547 607 1586 Quibus
620 1548 782 1587 omnibus,
800 1548 924 1580 etiamsi
938 1559 997 1592 pro

255 1601 384 1634 illorum
417 1601 591 1634 sufficienti
618 1601 828 1643 derogatione
855 1602 934 1635 alias
959 1603 998 1635 de

253 1655 317 1688 illis
338 1665 518 1699 eorumque
544 1655 616 1688 totis
642 1655 807 1688 tenoribus
836 1656 994 1700 specialis,

254 1709 427 1753 specifica,
456 1720 603 1753 expressa
629 1715 659 1742 et
685 1709 865 1747 individua,
894 1720 930 1742 ac
958 1710 997 1742 sle

256 1763 353 1796 verbo
374 1763 413 1796 ad
434 1763 567 1796 verbum
585 1790 591 1800 ,
612 1773 675 1796 non
698 1769 804 1796 autem
827 1774 885 1807 per
905 1764 995 1795 elau-

255 1816 340 1850 sulas
357 1817 523 1859 generales
538 1817 622 1850 idem
636 1817 859 1860 importantes,
878 1817 998 1850 mentio

255 1880 312 1903 seu
333 1870 463 1914 quaevis
484 1870 545 1903 alia
567 1870 728 1914 expressio
754 1870 920 1909 habenda,
945 1876 998 1903 aut

257 1923 364 1967 aliqua
384 1924 446 1956 alia
471 1924 627 1967 exquisita
652 1924 756 1956 forma
782 1925 820 1956 ad
846 1924 907 1957 boc
932 1934 998 1957 ser-

256 1977 359 2010 vanda
380 1977 473 2016 soret,
495 1983 621 2010 tenores
641 1977 839 2017 huiusmodi,
858 1987 894 2010 ac
914 1977 939 2009 si
961 1977 999 2009 de

256 2031 354 2064 verbo
373 2031 412 2064 ad
437 2031 584 2071 verbum,
610 2031 689 2063 nibil
716 2031 844 2075 penitus
865 2031 996 2071 omisso,

257 2089 289 2118 et
310 2084 413 2117 forma
438 2084 469 2117 in
498 2084 559 2117 illis
591 2085 706 2117 tradita
732 2085 915 2123 observata,
944 2085 995 2117 in-

257 2137 334 2170 serti
356 2143 471 2178 essent,
488 2138 712 2181 praesentibus
727 2149 784 2181 pro
802 2139 1000 2171 sufficienter

259 2191 416 2235 expressis
441 2197 472 2224 et
492 2191 618 2224 insertis
643 2192 815 2231 habentes,
841 2192 902 2224 illis
922 2193 1000 2225 alias

260 2244 291 2277 in
305 2255 363 2278 suo
381 2245 499 2278 robore
511 2245 740 2289 permansuris,
754 2246 813 2278 bac
827 2246 893 2278 vice
908 2246 999 2279 dum-

260 2303 344 2331 taxat
363 2298 547 2342 specialiter
568 2304 597 2330 et
618 2309 764 2342 expresse
792 2309 827 2330 ac
848 2299 1000 2332 latissime

260 2351 475 2394 derogamus,
504 2352 703 2396 caeterisque
729 2352 898 2385 contrariis
924 2353 997 2396 qui-

260 2405 472 2449 buscumque.

306 2459 321 2501 ἓ
342 2458 393 2492 10.
417 2460 570 2492 Volumus
585 2466 689 2492 autem
710 2460 797 2503 quod
819 2465 1001 2503 praesentes

262 2517 390 2546 nostrae
410 2512 545 2552 litterae,
569 2519 603 2546 ut
627 2513 764 2557 amplius
786 2513 998 2553 innotescant,

262 2575 327 2598 non
344 2566 448 2599 solum
471 2566 501 2598 in
523 2566 720 2600 Cancellaria
738 2567 931 2610 Apostolica‚
946 2567 1000 2599 scd

263 2618 358 2652 etiam
383 2619 423 2652 ad
444 2620 547 2653 valvas
568 2620 720 2653 basilicae
742 2620 898 2663 Principis
919 2621 1002 2663 Apo-

263 2672 417 2705 stolorum
433 2673 471 2707 de
485 2673 580 2715 Urbe,
596 2680 624 2707 et
639 2674 667 2706 in
684 2673 750 2707 acie
765 2673 872 2717 Campi
890 2674 1001 2707 Florae

1030 269 1086 292 vut
1116 269 1160 292 PP.

1031 316 1269 359 pubblicentur,
1290 326 1466 360 earumque
1487 317 1638 362 exempla
1659 317 1691 350 in
1713 318 1769 352 iis-

1032 369 1103 401 dem
1124 370 1201 402 locis
1222 370 1314 402 affixa
1334 370 1546 412 dimittantur,
1567 382 1603 405 ac
1616 382 1728 405 omnes
1742 377 1773 405 et

1031 422 1184 465 singulos,
1198 434 1278 467 quos
1292 424 1365 456 illae
1386 430 1595 465 concernunt,
1613 435 1631 458 a
1645 425 1696 458 die
1714 436 1773 469 pu-

1031 474 1212 509 blicationis
1230 477 1414 510 huiusmodi
1433 478 1567 521 perinde
1582 484 1715 519 arctent,
1737 489 1772 511 ac

1031 528 1055 560 si
1077 529 1152 572 ipsis
1172 531 1385 573 personaliter
1404 531 1568 564 intimatae
1591 532 1734 565 fuissent.

1077 584 1092 624 ἓ
1118 583 1170 615 ll.
1206 584 1396 617 Huiusmodi
1433 596 1563 629 quoque
1594 586 1768 629 exemplis,

1032 635 1126 669 etiam
1155 636 1339 680 impressis,
1362 648 1457 670 manu
1492 638 1627 672 alieuius
1654 639 1772 672 notarii

1031 689 1152 732 publici
1173 691 1373 734 subscriptis,
1395 696 1425 724 et
1445 691 1660 726 Cancellariae
1680 703 1773 736 prae-

1032 743 1135 776 dictae
1162 744 1302 785 regentis
1329 755 1388 788 pro
1417 750 1562 789 tempore
1590 746 1769 787 existentis,

1031 797 1079 829 vel
1101 797 1233 829 alterins
1247 798 1381 841 praelati
1396 798 1559 832 Romanae
1573 799 1697 840 Curiae,
1717 810 1773 833 seu

1031 860 1188 893 personae
1208 851 1239 883 in
1258 851 1414 893 dignitate
1433 853 1646 886 ecclesiastica
1661 854 1776 887 consti-

1033 910 1117 937 tutae
1139 905 1244 947 sigillo
1260 905 1402 946 munitis,
1418 906 1529 939 eadem
1544 918 1676 950 prorsus
1694 907 1774 941 fides

1032 958 1199 998 habeatur,
1223 970 1304 1002 quae
1326 959 1437 993 iisdem
1465 961 1687 1004 praesentibus
1708 962 1773 994 ori-

1032 1012 1191 1053 ginalibus
1215 1013 1327 1046 litteris
1355 1014 1472 1047 nostris
1493 1015 1724 1056 adhiberetur,
1749 1015 1773 1047 si

1032 1065 1137 1098 forent
1158 1066 1316 1099 exhibitae
1339 1068 1386 1100 vel
1412 1073 1568 1100 ostensae.
1590 1069 1773 1101 Mandantes

1033 1118 1102 1152 illas
1123 1119 1153 1151 in
1176 1119 1294 1153 librum
1326 1120 1547 1160 Qm'ntermmi
1577 1122 1773 1165 appellatum

1032 1173 1176 1207 eiusdem
1199 1174 1416 1207 Cancetlariae
1443 1175 1481 1207 ad
1510 1180 1699 1219 perpetuam
1728 1176 1772 1208 rei

1033 1227 1223 1260 memoriam
1244 1228 1356 1261 reterri
1379 1234 1409 1261 et
1430 1228 1577 1261 describi.

1077 1282 1093 1323 Ξ
1117 1280 1166 1313 12.
1191 1281 1274 1314 Nulli
1296 1292 1372 1324 ergo
1394 1282 1527 1315 omnino
1548 1282 1716 1315 bominum
1737 1283 1773 1315 li-

1033 1340 1102 1367 ceat
1120 1334 1201 1367 hanc
1219 1334 1368 1378 paginam
1391 1341 1575 1368 nostrorum
1591 1336 1774 1369 advocatio-

1032 1387 1092 1427 nis,
1107 1388 1303 1429 cassationis,
1318 1388 1530 1428 extinctionis,
1549 1389 1770 1429 restitutionis,

1033 1440 1249 1483 repositionis,
1271 1441 1543 1483 reintegrationis,
1565 1442 1774 1486 approbatio-

1033 1494 1092 1534 nis,
1117 1495 1384 1535 confirmationis,
1409 1496 1684 1536 communitionis,
1706 1508 1777 1540 sup-

1033 1548 1196 1591 pletionis,
1218 1550 1400 1589 erectionis,
1427 1550 1646 1591 institutionis,
1671 1561 1776 1583 exem-

1034 1601 1168 1645 ptionis,
1198 1603 1414 1643 liberationis,
1436 1604 1672 1643 concessionis,
1693 1604 1772 1637 assi-

1033 1655 1205 1698 gnationis,
1225 1657 1702 1699 subiectionis,declarationis,
1718 1657 1777 1689 im-

1034 1709 1214 1752 positionis,
1227 1711 1427 1743 voluntatum
1443 1710 1574 1744 decreti¹
1590 1716 1621 1744 et
1634 1711 1776 1744 mandati

1035 1763 1275 1806 infringei·e,vel
1289 1765 1314 1797 ci
1329 1775 1405 1797 ausu
1424 1765 1594 1798 temerario
1608 1766 1777 1798 contraire.

1033 1817 1062 1849 Si
1083 1817 1154 1860 quis
1170 1823 1277 1850 autem
1296 1818 1357 1851 boc
1373 1825 1530 1852 attentare
1551 1830 1777 1863 praesumpse-

1033 1870 1095 1911 rit,
1118 1871 1373 1913 indignationem
1401 1872 1632 1916 omnipotentis
1661 1873 1715 1906 Dei
1741 1884 1776 1905 ae

1033 1924 1202 1956 beatorum
1217 1925 1300 1957 l'etri
1321 1931 1351 1957 et
1370 1925 1457 1958 Pauli
1473 1926 1694 1969 apostolorum
1710 1926 1778 1958 eius

1033 1988 1066 2010 se
1087 1978 1209 2011 noverit
1231 1978 1448 2012 incursurum.

1078 2031 1191 2064 Datum
1213 2032 1334 2065 Romae
1357 2033 1441 2076 apud
1463 2033 1493 2066 S.
1517 2033 1661 2071 Petrum,
1691 2044 1776 2066 anno

1033 2084 1266 2118 Incarnationis
1279 2085 1465 2118 Dominicae
1483 2096 1580 2119 nncw
1597 2086 1724 2119 decimo
1743 2097 1777 2118 o-

1034 2141 1123 2171 ctavo
1137 2138 1199 2171 kal.
1216 2138 1340 2172 ianuar.
1357 2140 1471 2183 pontif.
1489 2140 1588 2173 nostri
1603 2150 1687 2173 anno
1703 2150 1772 2173 xi11.

1068 2201 1129 2227 Dat.
1147 2200 1190 2228 die
1213 2202 1243 2227 15
1260 2202 1414 2229 decembris
1434 2203 1510 2237 teet,
1527 2202 1620 2238 pontis.
1638 2211 1680 2229 an.
1699 2209 1755 2229 xiii,

1211 2299 1260 2349 ᾗ
1287 2300 1371 2336 EGO
1399 2301 1601 2336 CLEMENS

1036 2362 1296 2391 CATHOLIOAE
1312 2364 1532 2392 ilcelttcsian
1551 2364 1775 2393 Et’lsCtn‘Us.

1124 2444 1313 2468 rnorncron
1331 2445 1454 2469 [xos'rssn
1471 2445 1583 2468 ASPICE
1600 2445 1690 2468 neus.

1058 2514 1082 2556 ἦ·
1107 2514 1171 2556 Ego
1201 2516 1405 2548 Ptolomaeus
1427 2515 1596 2559 episi-opu<
1625 2515 1777 2548 Ostiensis

1125 2569 1213 2601 eard.
1234 2569 1408 2602 Comensis.

1072 2683 1083 2709 rl
1108 2683 1211 2719 llglielli
1231 2684 1295 2719 legit
1315 2685 1494 2712 decretorum
1515 2687 1553 2719 (tr
1570 2690 1584 2709 'r
1599 2684 1618 2719 ).

1671 259 1736 294 163
1787 270 1836 300 An.
1853 271 1882 299 c.
1905 271 1973 300 1604

1825 599 1973 627 Exemplisque

1788 626 1858 647 danda
1873 628 1932 649 tices.

1816 1295 1934 1316 Clausulas.

1792 2318 1975 2344 Subscriptiunes,
