2227 3241
52 257 98 284 An.
119 256 147 284 C,
169 257 237 285 1603

85 1865 133 1887 Pius
146 1865 172 1886 lv
188 1865 241 1886 mili·

59 1892 108 1913 tiam
129 1892 151 1913 S.
166 1892 240 1914 Lazari

59 1919 96 1940 sub
105 1920 240 1949 protecttnne

59 1945 120 1967 Sed-s
137 1946 240 1972 Apostoll·

58 1978 96 1994 ωε
105 1973 191 1999 recepit.

102 2611 129 2634 Et
136 2612 246 2639 privilegia

861 255 1006 281 CLEMENS
1032 255 1089 280 vll!
1113 256 1163 282 PP.

1700 245 1737 280 31
1788 256 1837 283 An.
1854 256 1882 283 c.
1906 254 1974 283 ¹603

251 305 404 340 dominici
425 306 493 339 eius
510 315 606 339 curae
621 304 782 339 commissi
804 304 938 339 circuitu
952 305 996 338 vi·
1010 305 1014 356 1
1030 315 1137 338 versos
1150 305 1312 339 Romanos
1327 305 1498 340 Pontifices
1514 305 1774 350 praedecessores
1789 319 1858 355 omina
1868 319 1887 340 ei
1898 318 1972 340 counr-

250 359 321 404 gitis
337 358 473 404 pastoris
486 370 574 393 more
588 360 764 399 revolvere;
777 367 814 392 ac
830 357 913 392 inter
926 368 995 391 cae·
1029 368 1104 391 suos
1128 369 1280 393 concessa
1303 360 1466 404 privilegia
1479 387 1486 401 ‚
1511 359 1728 404 exemptiones
1745 365 1775 393 et
1789 348 1863 371 “mm

250 419 318 447 tera
343 412 421 456 quid
448 423 506 457 pro
530 412 716 446 militiarum
738 417 768 445 et
787 411 994 456 hospitalium

250 465 485 509 quorumlibet,
507 465 697 508 praesertim
718 465 777 498 sub
793 465 995 508 regularibus

252 519 416 560 institutiS,
428 530 464 553 ac
477 521 533 553 sua
547 524 578 552 et
594 518 794 563 Apostolicae
811 518 901 552 Sedis
915 528 993 562 pro-

251 573 403 613 tectione,
426 573 464 606 ad
490 572 632 606 eiusdem
653 572 875 616 Redemptoris
895 573 996 606 nostri

251 626 398 669 gloriam,
425 625 588 660 Ecclesiae
615 624 796 668 praedictae
826 625 993 659 exaltatio-

251 689 337 720 nem,
362 679 436 713 fidei
466 679 639 713 catholicae
660 678 888 719 defensionem,
913 679 997 713 illius

251 733 391 766 hostium
424 739 455 767 et
489 732 627 766 aliorum
656 732 835 766 infidelium
864 732 997 766 iniurias

252 786 497 831 propulsandas,
518 786 678 830 simulque
700 785 826 829 pietatis
843 791 874 819 et
890 786 994 820 cbari-

253 841 326 874 tatis
350 851 447 885 opera
471 840 648 875 exercenda
675 839 912 881 institutorum,
939 851 997 874 nec

252 905 316 928 non
334 904 542 939 personarum
561 894 622 928 illis
643 894 702 928 sub
723 894 904 929 salutiferae
921 894 998 929 Cru-

253 948 299 982 cis
322 949 412 992 signo
436 947 683 993 adscriptarum,
705 947 787 981 felici
805 947 994 989 directione,

252 1002 449 1047 profectibus
476 1009 508 1036 et
536 1001 820 1036 commoditatibus
844 1002 997 1042 conferat,

254 1055 425 1100 diligenter
448 1056 645 1100 prospicere3
663 1067 698 1089 ac
715 1055 997 1099 praedecessorum

255 1120 386 1143 suorum
411 1116 499 1154 gesta
523 1110 562 1143 ad
588 1109 619 1144 id
645 1109 830 1149 tendentia,
852 1116 889 1143 ut
906 1109 999 1143 firma

255 1169 285 1197 et
301 1163 422 1200 illibata
439 1163 628 1207 persistant,
654 1162 776 1195 nedum
795 1163 999 1207 approbatio-

255 1217 304 1251 nis
323 1227 401 1251 suae
414 1217 572 1261 praesidio
590 1217 804 1258 communire,
817 1217 873 1250 sed
887 1227 998 1250 eorum

256 1271 351 1304 etiam
369 1270 486 1314 aliqua,
508 1271 661 1315 temporis
679 1280 829 1304 successu
848 1281 884 1303 ex
905 1280 1000 1315 appa-

257 1323 401 1357 rentibus
428 1324 532 1358 causis
555 1324 743 1357 labefactata
766 1330 862 1367 atque
880 1323 995 1357 subro-

255 1383 338 1420 gata,
354 1377 491 1421 pristino
509 1378 604 1411 statui
621 1377 800 1418 restituere,
821 1383 852 1411 et
872 1377 948 1410 alias
967 1378 999 1410 in

256 1430 304 1463 his
326 1430 544 1474 providentiae
562 1441 638 1464 suae
655 1437 761 1474 partes
784 1431 1000 1464 favorabiliter

255 1483 471 1527 interponere,
497 1489 591 1527 prout
608 1484 795 1517 militiarum
813 1489 843 1517 et
860 1484 999 1528 hospita-

255 1536 333 1569 lium
359 1536 545 1570 huiusmodi
576 1536 797 1581 qualitatibus,
819 1537 996 1570 catholieo-

256 1599 326 1623 rum
342 1600 471 1633 quoque
485 1590 667 1634 principum
684 1589 746 1623 illis
763 1591 998 1634 praefectorum

256 1642 435 1686 insignibus
448 1654 522 1687 erga
540 1643 712 1677 Ecclesiam
731 1649 761 1677 et
778 1643 892 1677 Scdem
909 1654 1000 1687 prae-

255 1696 373 1730 dictam
399 1697 539 1739 meritis,
566 1708 601 1731 ac
630 1707 736 1731 rerum
762 1702 793 1732 et
818 1703 999 1741 temporum

257 1750 508 1784 circumstantiis
529 1750 637 1785 debite
665 1751 816 1794 pensatis,
845 1751 998 1795 conspicit

257 1805 289 1838 in
304 1805 442 1838 Domino
462 1803 633 1839 salubriter
649 1805 810 1849 expedire.

302 1860 318 1901 ξ
333 1858 362 1892 1.
379 1860 456 1893 Cum
471 1859 577 1904 itaque
592 1860 668 1893 alias
682 1859 884 1904 (¹postquam
901 1861 1001 1896 felicis

257 1913 489 1947 recordationis
514 1914 587 1948 Pius
605 1925 687 1958 papa
706 1914 845 1953 Quartus
862 1915 998 1959 praede-

256 1976 362 2000 cessor
375 1973 485 2001 noster
501 1967 750 2012 hospitalitatem
761 1979 938 2012 pauperum
951 1969 998 2002 le-

256 2030 425 2064 prosorum
437 2020 467 2054 S.
476 2021 581 2054 Lazari
592 2021 1002 2066 Hierosolyma-ani,priscis

258 2073 389 2117 quidem
401 2074 599 2117 temporibus
612 2074 775 2108 florentem
790 2081 821 2108 et
834 2076 1002 2119 illustrem,

257 2127 311 2160 sed
326 2133 402 2160 tunc
416 2126 533 2160 iniuria
549 2133 730 2171 temporum
743 2138 807 2161 non
820 2139 933 2173 parum
945 2130 1003 2162 im-

257 2182 411 2215 minutam
429 2186 460 2213 et
473 2181 562 2224 quasi
576 2181 771 2225 prolapsam,
784 2181 934 2226 illiusque
945 2183 1003 2216 mi-

258 2235 380 2275 litiam,
400 2244 553 2278 magnum
574 2235 778 2278 magistrum,
796 2242 1000 2278 conventum,

258 2290 375 2323 milites
400 2294 430 2323 et
453 2298 618 2332 personaS,
644 2299 820 2333 eorumque
840 2291 1000 2332 ecclesias,

258 2343 392 2382 domos,
421 2342 608 2386 hospitalia,
635 2343 889 2387 praeceptoriaS,
918 2345 999 2386 loca,

259 2395 413 2436 membra,
430 2395 589 2435 subditos,
602 2396 766 2436 vassallos,
782 2396 925 2435 colonos,
937 2398 1004 2431 ani-

260 2449 365 2489 malia,
388 2449 529 2492 praedia,
554 2460 603 2483 res
628 2455 659 2482 et
683 2449 766 2482 bona
781 2460 1003 2495 quaecumque

260 2502 320 2536 sub
337 2502 421 2535 beati
443 2503 539 2543 Petri,
566 2513 602 2535 ac
622 2504 690 2544 sua,
708 2508 803 2547 atquc
821 2502 911 2537 Sedis
931 2514 1001 2548 pro-

260 2555 399 2589 tectione
417 2561 611 2600 susceperat;

305 2609 320 2652 ξ,
345 2608 375 2642 Εὶ.
400 2608 578 2654 Omniaque
605 2615 634 2643 et
660 2610 783 2652 singula
800 2610 860 2644 illis
881 2620 934 2655 per
950 2611 1000 2645 di-

297 2672 309 2700 1
333 2671 404 2701 Haec
418 2673 543 2709 parenth.
560 2673 694 2701 clauditur
709 2673 734 2701 in
751 2674 802 2702 tine
817 2675 829 2709 5
845 2673 861 2702 3
874 2674 913 2709 (n.
929 2674 978 2710 τ.).

1029 421 1047 443 a
1071 411 1292 446 iurisdictione
1313 412 1568 453 Ordinariorum,
1595 413 1774 453 libertates,

1031 465 1252 499 immunitates
1265 471 1294 499 et
1305 477 1322 499 a
1333 467 1569 501 contributione
1579 474 1607 501 et
1618 468 1777 502 solutione

1029 518 1228 553 decimarum
1252 525 1282 553 et
1306 531 1452 562 onerum,
1471 521 1650 561 facultates,
1668 531 1777 566 praee-

1031 572 1200 606 minentias
1213 601 1220 615 ,
1241 575 1496 618 praerogativas,
1518 575 1776 611 iurisdictiones.

1031 626 1259 670 indulgentias,
1271 628 1388 671 gratias
1406 635 1437 662 et
1457 629 1579 663 indulta
1594 630 1776 674 spiritualia

1032 686 1060 713 et
1076 680 1263 724 temporalia
1276 680 1412 725 benigne
1422 693 1574 717 concessa
1590 691 1620 718 et
1633 684 1774 728 elargita=

1031 739 1121 768 motu
1136 735 1278 779 proprio,
1298 741 1329 769 et
1345 747 1381 770 ex
1398 742 1481 770 certa
1500 737 1568 770 eius
1581 737 1725 778 scientia,
1742 748 1778 770 ac

1032 787 1071 821 de
1088 788 1289 832 Apostolicae
1309 789 1475 833 potestatis
1489 790 1686 834 plenitudine
1704 802 1777 825 con—

1032 841 1226 882 firmaverat,
1252 843 1484 887 approbaverat
1505 850 1536 878 et
1558 845 1774 884 innovax·erat·‚

1079 898 1094 938 5
1113 896 1143 930 3.
1162 896 1202 930 Ac
1221 907 1322 931 novae
1340 897 1435 931 etiam
1450 898 1620 940 facultatis,
1638 910 1696 943 pro
1713 900 1778 933 sin-

1033 950 1114 993 gulis
1139 950 1297 984 militibus
1321 961 1358 984 ac
1383 952 1577 996 presbyteris
1605 953 1777 997 capellanis

1032 1004 1200 1049 hospitalis
1224 1010 1255 1038 et
1276 1005 1410 1039 militiae
1436 1005 1619 1040 huiusmodi
1646 1013 1721 1041 tnnc
1746 1016 1773 1041 ct

1032 1069 1090 1102 pro
1116 1065 1261 1102 tempore
1283 1059 1500 1100 existentibus,
1522 1071 1617 1093 unam
1637 1062 1683 1094 vel
1700 1061 1774 1105 plu-

1033 1121 1082 1145 res
1096 1112 1264 1156 pensiones
1284 1123 1421 1153 annuas,
1442 1125 1545 1158 usque
1566 1115 1603 1148 ad
1619 1125 1777 1148 summam

1034 1165 1285 1209 quingentorum
1297 1165 1488 1200 ducatorum
1503 1168 1572 1201 auri
1587 1167 1625 1200 de
1647 1168 1778 1202 (lamera

1034 1229 1190 1253 novorum
1202 1247 1210 1259 ‚
1224 1230 1320 1264 super
1337 1219 1501 1264 quibusvis
1518 1221 1688 1264 fructibus,
1709 1221 1780 1256 red·

1034 1272 1165 1313 ditibus,
1181 1274 1401 1317 proventibus,
1426 1274 1560 1317 iuribus,
1580 1275 1781 1310 obventioni-

1034 1326 1106 1367 bus,
1126 1327 1364 1368 emolumentis,
1385 1327 1664 1362 distributionibus
1682 1329 1779 1363 etiam

1034 1379 1229 1424 quotidianis
1260 1387 1289 1414 et
1324 1381 1419 1414 rebus
1450 1381 1687 1423 ecclesiasticis,
1721 1383 1781 1417 sibi

1034 1433 1112 1466 alias
1141 1434 1295 1467 canonice
1327 1441 1502 1468 reservatas
1532 1446 1588 1469 seu
1616 1447 1782 1470 reservan-

1035 1486 1110 1527 daS,
1138 1493 1191 1519 aut
1217 1486 1341 1520 illarum
1366 1489 1437 1521 loco
1461 1488 1596 1529 fructus,
1624 1489 1778 1531 redditus,

1034 1547 1227 1583 proventus,
1265 1540 1354 1581 iura,
1392 1540 1618 1583 obventiones,
1656 1543 1781 1576 emolu-

1035 1600 1160 1634 menta,
1192 1593 1433 1628 distributiones
1458 1601 1488 1628 et
1512 1606 1562 1628 res
1593 1596 1780 1631 huiusmodi

1034 1646 1095 1679 illis
1120 1647 1280 1690 assignata
1312 1652 1343 1680 et
1376 1648 1587 1691 assignanda,
1614 1660 1716 1693 usque
1743 1650 1781 1684 ad

1035 1711 1196 1734 summam
1211 1701 1420 1745 praedictam,
1434 1702 1540 1745 quoad
1555 1702 1706 1745 viverent,
1723 1705 1781 1738 etsi

1036 1754 1093 1798 ipsi
1116 1753 1232 1787 milites
1253 1754 1509 1797 matrimonium,
1532 1756 1622 1790 iuxta
1641 1758 1783 1803 hospita-

1036 1807 1072 1841 lis
1091 1814 1121 1840 et
1141 1807 1273 1841 militiae
1293 1807 1478 1842 huiusmodi
1497 1808 1643 1843 instituta
1661 1817 1692 1844 et
1711 1818 1778 1845 sta-

1036 1861 1212 1902 bilimenta,
1234 1863 1477 1904 contraxissent,
1493 1864 1651 1897 retinendi
1667 1869 1698 1898 et
1711 1875 1781 1909 per-

1036 1914 1186 1959 cipiendi,
1206 1915 1412 1949 concessione
1433 1917 1689 1962 ampliavcrat¹;)

1081 1969 1095 2012 g
1112 1968 1143 2001 lt.
1159 1968 1233 2001 Piae
1251 1969 1425 2004 memoriae
1442 1970 1517 2004 Pius
1530 1971 1614 2014 Papa
1631 1972 1665 2013 V,
1682 1973 1780 2006 etiam

1036 2022 1261 2065 praedecessor
1277 2029 1399 2063 noster,
1415 2023 1609 2067 quibusdam
1626 2036 1661 2058 ex
1676 2026 1722 2059 eis
1736 2037 1782 2059 re-

1036 2075 1109 2109 cisis
1123 2086 1160 2109 ac
1174 2075 1358 2117 eliminatis,
1373 2087 1408 2109 ac
1421 2076 1512 2110 alias²
1525 2078 1621 2111 modo
1635 2084 1666 2112 et
1680 2079 1781 2113 forma

1038 2135 1115 2163 tunc
1124 2130 1279 2174 expressis
1290 2136 1320 2164 et
1329 2131 1549 2176 praescriptis,
1561 2141 1617 2176 per
1625 2133 1781 2176 quasdam

1037 2194 1110 2216 suas
1136 2183 1260 2217 litteras
1279 2185 1338 2218 sub
1363 2184 1436 2218 data
1462 2186 1582 2219 Romae
1599 2187 1682 2230 apud
1701 2197 1778 2220 san-

1037 2243 1124 2271 ctum
1139 2237 1281 2278 Petrum,
1294 2248 1379 2272 anno
1393 2239 1625 2273 Incarnatiouis
1640 2240 1782 2274 Domini-

1038 2302 1091 2324 cac
1111 2291 1263 2332 MDva1³‚
1283 2292 1421 2335 septimo
1443 2293 1594 2326 kalendas
1613 2293 1778 2333 februarii,

1075 2408 1085 2433 ¹
1108 2406 1252 2434 Praedicta
1273 2407 1364 2434 omnia
1384 2408 1558 2435 continentur
1577 2408 1603 2434 in
1629 2408 1719 2435 Const.
1740 2407 1779 2435 CX

1038 2451 1079 2478 Pii
1102 2451 1133 2477 lV
1156 2451 1238 2480 Inter
1260 2453 1405 2486 assiduas,
1428 2461 1508 2488 quam
1530 2453 1588 2479 title
1609 2453 1634 2479 in
1657 2454 1731 2481 Ball.
1753 2462 1779 2480 n.

1038 2495 1103 2522 edit.
1121 2499 1186 2523 tom.
1202 2503 1237 2523 vn
1255 2505 1315 2532 pag.
1332 2497 1384 2524 336
1398 2500 1436 2526 (n.
1452 2498 1501 2531 τ.).

1072 2540 1088 2567 2
1104 2541 1199 2569 Nescio
1214 2550 1247 2569 an
1264 2542 1407 2577 legendum
1419 2551 1471 2569 non
1483 2542 1553 2569 soret
1563 2546 1593 2570 a!
1609 2543 1670 2570 alia
1683 2543 1718 2577 (n.
1731 2544 1779 2577 τ.).

1073 2585 1090 2613 3
1109 2585 1152 2612 Sic
1167 2586 1268 2613 habent
1285 2595 1379 2614 omnes
1394 2586 1458 2613 edit.
1475 2587 1506 2613 At
1526 2587 1719 2622 corrigendum
1740 2588 1780 2615 vi-

1037 2628 1116 2657 detur
1139 2637 1258 2665 mnnxvn,
1280 2631 1326 2667 qui
1351 2631 1400 2657 suit
1420 2631 1556 2658 secundus
1577 2639 1663 2658 annus
1682 2632 1780 2667 pontis.

1037 2673 1075 2701 Pii
1092 2674 1121 2707 V,
1137 2675 1158 2703 si
1175 2679 1262 2703 tamen
1280 2675 1322 2703 bic
1338 2675 1459 2703 innuitur
1472 2675 1564 2704 Const.
1581 2676 1622 2704 Pii
1636 2677 1659 2704 V
1674 2677 1779 2711 Sicuti,

1873 908 1977 935 [nanque

1753 954 1758 959 ,
1793 934 1914 956 facultatem
1926 937 1978 956 mili-

1793 962 1849 982 tibus
1873 962 1978 983 retinendi

1792 990 1919 1013 pensiones,
1954 995 1979 1009 e-

1792 1016 1842 1036 tiam
1851 1018 1896 1042 post
1906 1016 1978 1045 initum

1792 1045 1955 1063 matrtmuunnn.

1837 1978 1938 1998 Nonnulla
1949 1983 1980 1998 re-

1798 2005 1859 2027 scidit
1871 2004 1919 2025 l'tus
1931 2004 1954 2026 V,
