2227 3241
230 279 286 305 An.
302 277 331 305 c.
349 277 418 306 1603
463 268 505 302 202

244 1133 358 1158 Regulares
366 1139 414 1154 v..·ro

231 1161 416 1186 possuntapptdla·

233 1194 253 1208 ru
268 1188 294 1207 all
306 1187 327 1206 S.
338 1187 415 1207 Sctlrm

232 1221 243 1234 a
255 1216 365 1233 senti-ntus
376 1216 415 1234 Ot-

231 1240 369 1261 dinariorum.

294 1718 417 1739 Commissio

235 1745 352 1765 tlt-dinariis
364 1745 419 1765 hauc

234 1771 417 1792 observandicnu·

235 1799 371 1819 stitutionem.

1003 274 1185 299 BULLAIUUM

428 336 523 370 super
536 324 822 359 consultationibus
836 328 866 356 et
884 322 1024 367 negociis
1038 323 1166 366 Episco-

429 390 542 424 porum
557 384 586 412 et
603 378 809 422 Regularium
828 377 1096 421 praepositorum,
1113 377 1167 410 ha-

428 443 498 466 rum
512 432 592 466 serie
609 432 809 464 declaramus
823 431 969 464 locorum
984 430 1166 464 Ordinarios
1183 439 1184 447 ¹

428 496 492 518 non
511 495 601 529 posse
625 484 785 518 licentiam
803 483 842 516 ad
866 494 964 517 novos
981 490 1165 523 conventus,

428 539 581 582 cuiusque
607 537 855 571 lllendicantium
877 537 1015 579 Ordinis,
1035 537 1068 570 in
1093 537 1167 570 civi-

429 591 543 625 tatibus
557 597 587 624 et
604 591 681 624 locis
706 601 816 624 eoi-um
838 590 1018 624 ordinariae
1038 591 1167 624 iurisdi-

429 644 523 678 ctioni
548 644 698 677 subiectis
722 643 889 687 erigendos
911 643 1078 688 impertiri,
1105 644 1166 676 nisi

429 697 543 731 vocatis
560 703 591 730 et
614 696 730 730 auditis
743 696 878 730 aliorum
904 697 936 730 in
954 697 1072 730 eisdem
1094 697 1167 730 civi—

430 751 546 784 tatibus
563 756 593 783 et
622 751 699 784 locis
716 750 922 785 existentium
947 756 1166 785 conventuum

428 803 590 847 prioribus
614 815 669 837 seu
687 804 961 848 procuratoi·ibuS‚
980 811 1009 838 et
1030 804 1099 837 aliis
1120 804 1166 836 in-

428 864 544 890 teresse
561 857 763 898 habentibus,
784 863 814 891 et
830 860 925 891 causa
949 858 1078 891 servatis
1103 868 1167 890 ser-

428 910 538 945 vandis
575 911 703 954 cognita
743 911 941 951 constiterit,
977 911 1010 943 in
1048 910 1166 944 eisdem

428 963 607 998 civitatibus
632 970 662 998 et
678 963 756 997 locis
774 975 873 998 novos
897 963 1082 997 huiusmodi
1108 964 1169 996 eri-

428 1018 549 1061 gendos
579 1024 765 1058 conventus,
800 1018 867 1050 sine
900 1018 1034 1051 aliorum
1065 1017 1165 1051 detri-

430 1076 548 1112 mento,
577 1071 744 1105 commode
761 1072 952 1105 substentari
974 1082 1077 1114 posse.

474 1123 536 1167 52.
558 1124 589 1157 Si
624 1135 695 1157 vero
724 1124 762 1157 ab
788 1134 900 1157 eorum
922 1124 954 1157 in
983 1123 1166 1157 huiusmodi

430 1177 534 1210 causis
565 1177 729 1211 sententiis
754 1177 791 1210 ad
817 1188 876 1210 nos
900 1183 930 1211 et
955 1177 1169 1220 Apostolicam

429 1231 543 1265 Sedem
568 1232 733 1275 provocari
762 1237 792 1265 et
808 1232 960 1275 appellari
986 1231 1168 1275 contigerit,

430 1284 517 1328 ipsos
541 1284 729 1318 Ordinarios
749 1284 871 1318 tamdiu
900 1286 1093 1319 erectionem
1115 1295 1171 1318 no-

429 1348 542 1371 vorum
569 1343 785 1372 conventuum
811 1339 1007 1382 suspendere
1039 1338 1168 1380 debere,

430 1402 599 1435 quousque
627 1402 643 1424 a
662 1391 752 1426 nobis
770 1397 800 1425 et
825 1392 1007 1436 Apostolica
1032 1392 1112 1426 Sede
1138 1392 1171 1425 in

429 1445 541 1478 eadem
563 1447 658 1479 eausa
687 1446 936 1489 pronunciatum
961 1446 1111 1488 extiterit,
1129 1447 1172 1480 ir-

429 1499 527 1532 ritum
552 1499 762 1533 nibilominus
786 1504 817 1532 ct
843 1499 938 1533 inane
963 1500 1172 1534 decernentes

430 1551 586 1596 quicquid
611 1563 704 1586 secus
728 1563 825 1597 super
855 1553 905 1586 his
937 1564 953 1586 a
985 1564 1169 1597 quoquam,

430 1605 543 1649 quavis
563 1606 766 1649 auctoritate,
792 1607 930 1641 scienter
944 1607 991 1641 vel
1016 1608 1169 1651 ignoran-

431 1665 491 1699 ter,
511 1658 679 1702 contigerit
705 1661 862 1693 attentari.

477 1712 491 1757 ξ
515 1712 544 1746 3.
571 1711 726 1751 Quocirca
755 1713 911 1747 universis
942 1714 1172 1748 venerabilibus

433 1767 585 1800 fratribus
602 1767 722 1800 nostris
750 1767 953 1811 patriarchis,
971 1768 1173 1811 primatibus,

433 1820 692 1864 archiepiscopis,
721 1821 878 1864 episcopis
895 1826 925 1853 et
942 1820 1011 1854 aliis
1028 1821 1172 1855 locorum

434 1873 609 1908 Ordinariis
634 1885 690 1918 per
714 1880 896 1918 praesentes
916 1875 947 1908 in
962 1874 1075 1908 virtute
1101 1886 1174 1908 san-

434 1933 502 1961 ctae
533 1926 734 1961 obedientiae
776 1928 922 1962 districte
948 1928 1174 1972 praecipiendo

435 1981 625 2014 mandamus
648 1987 683 2015 ut
699 1987 883 2026 praesentes
908 1988 1035 2015 nostras
1052 1982 1175 2015 litteras

435 2034 602 2068 observent
621 2041 651 2068 et
668 2035 829 2069 observari
851 2040 963 2069 curent
987 2041 1018 2069 et
1042 2035 1171 2069 saciant.

1208 274 1361 300 ROMANUM

1201 324 1349 357 omnibus
1369 328 1400 357 et
1423 321 1567 365 singulis,
1587 331 1697 354 eorum
1713 326 1838 354 tenores
1850 330 1939 364 prae-

1199 376 1343 410 sentibus
1363 386 1420 419 pro
1434 373 1590 419 expressis
1607 374 1775 414 habentes,
1801 374 1860 407 bac
1872 373 1940 406 vice

1201 429 1364 463 dumtaxat
1389 428 1567 472 specialiter
1591 434 1622 461 ct
1639 438 1787 472 expresse
1807 427 1940 470 deroga-

1200 494 1331 526 gamus,
1370 482 1565 526 caeterisque
1605 481 1773 515 contrariis
1809 479 1940 525 quibus-

1201 547 1352 580 cumque.

1246 589 1260 632 ξ
1288 589 1318 621 5.
1351 589 1505 622 Volumus
1534 594 1639 623 autem
1664 595 1700 623 ut
1723 587 1938 633 praesentium

1202 643 1419 686 transumptis,
1437 643 1532 676 etiam
1556 642 1735 687 impressis,
1763 652 1860 675 manu
1883 652 1942 675 no-

1202 696 1272 730 tarii
1288 696 1407 740 publici
1428 697 1626 741 subscriptis,
1641 703 1672 730 et
1685 696 1788 740 sigillo
1805 695 1940 729 alicuius

1202 760 1356 794 personae
1381 750 1412 783 in
1438 749 1592 794 dignitate
1622 750 1840 785 ecclesiastica
1863 758 1942 783 con—

1201 805 1331 839 stitutae
1362 805 1514 845 munitis,
1551 805 1664 838 eadem
1700 814 1831 849 prorsus
1864 802 1942 837 fides

1203 857 1404 899 adhibeatur,
1421 868 1503 902 quae
1520 857 1597 902 ipsis
1613 857 1832 901 praesentibus
1853 856 1942 890 adhi-

1202 912 1345 950 beretur,
1368 911 1393 944 si
1415 911 1688 946 sorentexhibitae
1714 911 1760 945 vel
1784 916 1939 944 ostensae.

1245 965 1360 998 Datum
1386 965 1507 998 Romae
1531 965 1615 1009 apud
1642 964 1673 998 S.
1697 965 1852 1005 Marcum,
1883 963 1944 997 sub

1202 1019 1323 1052 annulo
1347 1018 1530 1058 Piscatoris,
1557 1019 1608 1052 die
1632 1028 1711 1051 xxm
1735 1017 1803 1051 iulii
1827 1027 1942 1056 iunoni,

1203 1073 1408 1117 pontificatus
1424 1072 1524 1106 nostri
1549 1083 1634 1106 anno
1658 1082 1713 1105 xu.

1238 1136 1299 1163 Dat.
1320 1135 1364 1163 die
1383 1135 1417 1162 23
1432 1134 1489 1162 iulii
1507 1134 1585 1169 1603,
1606 1134 1703 1170 pontif.
1720 1143 1764 1162 an.
1786 1140 1831 1160 xlt.

1500 1295 1651 1330 CCCXXI.

1207 1377 1418 1421 Confirmatio
1448 1375 1567 1409 decreti
1587 1375 1769 1409 cardinalis
1787 1373 1947 1408 Matthaei

1250 1442 1361 1472 eontra
1381 1437 1576 1471 occultantes
1601 1437 1683 1469 bona
1707 1436 1751 1469 acl
1775 1439 1947 1469 conventus

1252 1500 1388 1535 Ordinis
1407 1499 1576 1533 Minorum
1595 1499 1857 1542 Reformatorum
1873 1508 1947 1542 per-

1252 1563 1403 1597 tinentia.

1418 1644 1551 1671 Clemens
1567 1644 1645 1677 Papa
1655 1643 1735 1675 vm,

1330 1697 1366 1724 ad
1385 1700 1560 1731 perpetuam
1579 1696 1625 1724 rei
1644 1695 1823 1724 memoriam.

1251 1769 1349 1804 Decet
1379 1770 1559 1803 Romanum
1589 1758 1776 1802 P⁶ontifieem
1807 1778 1843 1801 ea
1866 1778 1949 1811 quae

1208 1833 1266 1867 pro
1283 1823 1491 1857 indemnitate
1511 1828 1540 1855 et
1557 1822 1692 1856 utilitate
1706 1820 1860 1855 Ordinum
1877 1820 1948 1854 illo-

1208 1887 1346 1920 rumque
1367 1876 1634 1909 monasteriorum
1654 1885 1711 1908 seu
1732 1879 1947 1908 conventuum

1208 1939 1264 1974 per
1283 1928 1466 1973 superiores
1489 1927 1620 1973 provide
1635 1927 1718 1961 facta
1741 1932 1827 1968 sunt,
1849 1932 1884 1959 ut
1901 1926 1950 1960 in-

1208 1982 1327 2016 violate
1352 1983 1573 2022 observentur,
1600 1981 1792 2025 apostolieae
1817 1979 1949 2013 firmita-

1209 2036 1248 2069 tis
1268 2034 1383 2069 robore
1408 2034 1622 2067 communire.

1950 271 2001 298 An.
2015 270 2044 298 C.
2066 271 2135 300 1603

1994 599 2140 626 'transumptis

1955 627 2025 648 «tanda
2033 626 2093 647 tides.

1990 1783 2110 1805 Exordium.

264 2090 307 2111 Non
317 2090 421 2111 obstanti-

239 2118 276 2137 lnns
287 2118 420 2143 quibuscum·

239 2150 287 2170 qne.

2030 2089 2149 2111 Cunlinalis

1964 2116 2093 2138 Matthantus
2111 2121 2149 2136 suo

1965 2143 2051 2165 decreto
2079 2142 2149 2169 provi-

1965 2170 2001 2190 det
2037 2169 2148 2190 securitati

1966 2202 2034 2217 rerum
2053 2196 2080 2216 :nt
2098 2201 2149 2216 con-

1965 2226 2039 2244 ventu<
2074 2222 2148 2243 itus-,r-

1965 2252 2068 2270 matorum
2089 2253 2149 2274 spee-

480 2088 494 2130 ξ
519 2087 548 2120 lt.
569 2087 637 2121 Non
654 2088 852 2122 obstantibus
870 2089 1034 2133 quibusvis
1051 2094 1176 2132 aposto-

436 2141 505 2175 licis
522 2151 559 2174 ac
583 2140 614 2173 in
631 2141 876 2183 universalibus,
911 2142 1172 2186 provincialibus,

436 2193 648 2238 synodalibus
678 2195 821 2228 conciliis
843 2196 935 2229 editis
968 2196 1175 2240 generalibus

436 2248 483 2281 vel
501 2246 735 2290 spiritualibus¹
753 2249 1037 2283 constitutionibus
1049 2256 1080 2284 et
1093 2250 1176 2284 ordi-

1253 2089 1268 2133 ξ
1292 2088 1323 2122 t.
1352 2088 1431 2122 Cum
1457 2089 1578 2132 itaque,
1594 2088 1677 2121 sicut
1693 2086 1887 2131 accepimus,
1902 2085 1950 2119 di-

1209 2142 1308 2176 lectus
1340 2141 1425 2175 fitius
1456 2147 1566 2175 noster
1602 2141 1836 2185 Hieronymus,
1866 2139 1949 2173 tituli

1209 2195 1241 2229 S.
1268 2195 1440 2235 Panerafii,
1466 2194 1654 2239 praesbyter
1680 2193 1849 2227 cardinalis
1866 2193 1951 2226 Mat-

436 2300 633 2342 nationibus,
657 2312 692 2333 ac
709 2301 966 2345 quibuscumque
994 2303 1119 2336 statutis
1146 2309 1175 2336 et

436 2352 731 2395 consuetudinibus,
764 2354 858 2386 ctiam
881 2354 1072 2393 iuramento,
1093 2366 1172 2389 con-

437 2405 615 2439 firmatione
641 2406 828 2449 apostolica,
851 2407 896 2439 vel
929 2408 1038 2450 quavis
1068 2408 1172 2441 firmi-

438 2466 501 2493 tate
526 2460 584 2493 alia
610 2460 785 2502 roboratis,
816 2460 990 2504 privilegiis
1022 2471 1150 2505 quoque
1167 2489 1174 2502 ‚

438 2513 568 2546 indultis
595 2518 626 2546 et
652 2513 768 2547 litteris
786 2514 968 2557 apostolicis
993 2514 1025 2547 in
1049 2520 1175 2548 contra-

439 2567 521 2599 rium
539 2567 787 2611 praemissorum
802 2568 1039 2611 quomodolibet
1051 2579 1177 2602 conces-

439 2621 491 2658 sis,
524 2622 718 2655 confirmatis
749 2627 780 2655 et
817 2623 1016 2666 approbatis.
1053 2622 1174 2662 Quibus

479 2683 486 2708 t
511 2682 633 2712 Fortasse
648 2684 791 2720 legendum
806 2685 979 2720 specialibus
994 2685 1033 2720 (n.
1049 2686 1097 2719 τ.).

1209 2248 1334 2282 tliaeius
1358 2255 1576 2293 nuncupatuS‚
1610 2248 1705 2281 totius
1734 2246 1859 2280 Ordinis
1888 2245 1949 2278 sra-

1211 2308 1295 2335 trum
1321 2301 1481 2335 Minorum
1507 2301 1538 2334 S.
1579 2300 1739 2334 Francisci
1772 2300 1811 2332 de
1835 2298 1950 2332 Obser-

1210 2355 1315 2388 vantia
1339 2360 1513 2399 protector,
1542 2365 1599 2398 pro
1637 2353 1780 2386 omnium
1815 2352 1949 2385 fratrum

1210 2409 1470 2442 Reformatorum
1495 2408 1641 2441 eiusdem
1658 2405 1797 2446 Ordinis,
1820 2411 1951 2439 nuncet

1211 2472 1269 2505 pro
1283 2468 1428 2506 tempore
1451 2461 1586 2494 ubilibet
1609 2459 1811 2493 existentium
1829 2458 1951 2493 indem-

1210 2515 1322 2557 nitate,
1337 2515 1474 2549 utilitate
1499 2520 1530 2548 et
1554 2513 1776 2558 prosperitate,
1791 2511 1953 2546 infrascri-

1247 2597 1258 2622 1
1286 2594 1418 2623 Nonnulla
1441 2594 1475 2621 de
1499 2592 1628 2621 fratribus
1638 2592 1814 2620 ’Reformatis
1839 2591 1900 2619 vide
1925 2592 1951 2618 in

1211 2641 1355 2668 Constitut.
1371 2647 1403 2667 xv
1418 2638 1560 2667 Clementis
1570 2638 1618 2665 Vll
1633 2646 1701 2673 quae
1717 2637 1825 2673 incipit:
1843 2637 1951 2672 Nuper,

1211 2687 1276 2712 tom.
1298 2692 1335 2720 vi,
1357 2693 1417 2721 pag.
1437 2684 1483 2711 96.

1965 2276 2064 2296 tantinm.
