2227 3241
508 302 572 338 690
1050 312 1226 337 nummu
1251 312 1402 337 ROMANUM

1207 415 1235 451 N

460 523 580 559 Nicolai
607 523 665 568 (S.)
691 526 827 559 ecelesia
851 526 883 558 in
908 524 995 559 Bari:
1022 523 1093 558 vide
1115 523 1264 559 Barensis
1290 524 1435 559 ecclesia.

459 576 580 611 Nicolai
607 576 663 620 (S.)
690 577 824 611 eeclesia
848 577 1010 618 Panormi,
1036 577 1095 611 481
1123 588 1152 611 a.

459 630 602 665 Nominis
627 631 678 664 SS.
704 630 776 665 Iesu
800 631 1073 666 confraternitates
1097 632 1128 664 in
1153 630 1326 674 provinciis
1351 631 1441 674 regni
1470 629 1550 664 Perii
1587 631 1770 674 institutae,
1797 632 1837 665 16
1862 632 1888 665 b.
1915 632 1992 667 Pri-

548 683 675 727 vilegia,
701 687 732 717 et
757 683 974 727 indulgentiae
999 682 1210 717 confratribus
1236 692 1403 725 concessa,
1431 682 1505 716 ibid.

459 736 616 771 Numerus
632 736 826 780 regularium
843 736 1072 781 praescribitur
1088 737 1143 781 qui
1159 746 1219 770 non
1238 736 1373 770 excedat
1397 736 1593 770 commodam
1613 736 1898 781 subtentationem,
1917 738 1953 772 21
1975 738 1992 772 b

548 792 581 824 et
603 791 733 832 iterum,
759 799 829 834 pag.
857 790 918 823 249
943 801 964 822 α
987 800 1048 834 seq.

459 843 714 878 Nonantulanum
739 844 769 878 S.
794 843 938 878 Silvestri
974 843 1218 885 monasterium,
1244 843 1283 876 53
1309 842 1335 876 b.
1370 842 1449 877 Data
1482 846 1619 887 potestas
1644 843 1781 879 subditis
1810 845 1994 880 monasterii

549 896 642 931 huius
666 896 750 930 bona
774 898 952 941 precariata
976 895 1188 938 afl'rancandi,
1210 896 1249 929 54
1276 907 1305 928 α.
1330 895 1490 930 Pecuniae
1515 906 1554 931 ex
1571 897 1753 932 huiusmodi
1769 897 1994 932 affrancatione

548 951 774 992 provenientes
799 958 816 983 a
840 950 1005 993 superiore
1030 949 1214 1003 vnasterii
1240 949 1477 991 investiendae,
1504 950 1543 983 56
1569 961 1598 983 a.

459 1003 602 1037 Nonnius
638 1004 808 1047 episcopus
845 1003 1059 1046 Egitaniensis
1094 1002 1192 1037 dubia
1223 1002 1373 1036 nonnulla
1409 1013 1465 1046 pro
1501 1003 1647 1047 capituli,
1673 1003 1893 1048 ecclesiaeque
1918 1012 1994 1038 suae

549 1057 709 1100 regimine
734 1056 810 1090 Sedi
834 1056 1037 1100 Apostolicae
1061 1057 1226 1101 proponit,
1252 1056 1271 1090 8
1294 1067 1375 1101 seqq.

460 1108 583 1144 Nutrix.
609 1108 843 1144 Catholicorum
867 1109 922 1144 11111
946 1109 1115 1145 haereticis
1140 1109 1316 1144 nutrichus
1341 1120 1401 1144 non
1427 1110 1590 1153 tradendi,
1616 1111 1657 1144 62
1681 1111 1697 1144 b
1722 1115 1749 1144 et
1774 1121 1834 1155 seq.

1213 1269 1242 1305 O

461 1379 616 1415 Octavius
641 1377 812 1413 cardinalis
836 1377 1000 1412 Bandinus
1026 1377 1107 1412 tituli
1132 1377 1161 1411 S.
1188 1376 1342 1419 Sabinae,
1369 1377 1430 1410 452
1455 1388 1484 1409 a.

460 1431 613 1468 Octavius
638 1431 796 1467 Tassanus
820 1435 1008 1476 praeceptor
1031 1431 1163 1466 Ordinis
1188 1431 1218 1465 S.
1244 1431 1397 1475 Spiritus,
1424 1430 1485 1464 252
1510 1441 1538 1463 a.

461 1486 624 1522 Ordinarii
648 1485 789 1521 locorum
813 1486 940 1531 quando
966 1486 1087 1529 possint
1110 1484 1310 1529 regularibus
1334 1483 1492 1519 licentiam
1519 1484 1594 1518 dare
1612 1493 1711 1518 novos
1728 1486 1904 1518 conventus
1920 1492 1994 1518 con—

549 1539 692 1584 truendi,
719 1540 755 1574 21
783 1550 844 1584 seq.
1266 1542 1273 1550 ·

1216 1644 1237 1678 P

461 1752 656 1798 Pamphilius
680 1753 867 1787 cardinalis:
893 1751 965 1785 vide
989 1750 1210 1795 Hieronymus.

462 1807 651 1841 Parentinus
687 1808 873 1850 episcopus,
900 1806 961 1839 109
986 1815 1046 1849 seq.
1072 1805 1174 1849 Super
1198 1808 1301 1838 castra
1326 1803 1486 1845 Ursuriae,
1511 1807 1543 1838 et
1559 1804 1588 1837 S.
1607 1803 1764 1839 Vincentii
1781 1803 1994 1838 omnimodam

550 1859 804 1894 iurisdictionem
829 1862 978 1900 exercet,
1005 1857 1081 1892 ibid.

462 1914 622 1948 Parochus
655 1923 717 1947 non
754 1916 857 1957 potest
889 1914 1041 1946 maiorem
1072 1911 1308 1954 eleemosynam
1336 1910 1375 1946 ah
1399 1913 1438 1946 iis
1463 1913 1627 1955 accipere,
1652 1912 1706 1956 qui
1731 1911 1762 1945 in
1787 1910 1994 1956 Regularium

550 1967 695 2001 eeclesiis
720 1966 917 2010 sepulturam
941 1965 1077 2009 eligunt,
1104 1965 1144 1997 60
1170 1975 1190 1997 a
1215 1968 1246 1998 et
1269 1964 1294 1997 b.

460 2020 549 2055 Pauli
570 2020 627 2065 (S.)
649 2020 803 2054 Decollati
827 2019 1022 2054 Clericorum
1047 2018 1254 2062 Regularium
1278 2018 1504 2063 Congregatio,
1530 2020 1592 2053 ⁶240
1610 2019 1641 2062 b,
1659 2019 1722 2053 624
1742 2019 1768 2053 b.
1785 2019 1888 2063 Ipsius
1905 2029 1996 2064 prae-

550 2076 651 2119 posito
683 2075 888 2108 committitur
919 2073 1094 2117 Collegium
1119 2072 1339 2114 MatthaeIum,
1366 2073 1427 2106 240
1453 2072 1468 2105 b
1493 2076 1524 2107 et
1551 2073 1612 2107 236
1637 2073 1693 2106 bis.
1719 2072 1853 2108 Possunt
1877 2072 1996 2119 ubique

549 2138 630 2162 nova
655 2128 722 2162 loca
746 2130 892 2171 recipere
916 2127 956 2161 de
981 2126 1048 2160 sola
1072 2126 1316 2162 Ordinariorum
1340 2125 1484 2169 licentia,
1511 2126 1574 2160 625
1595 2137 1624 2160 α.
1649 2125 1827 2171 Collegium
1856 2127 1996 2171 ipsorum

551 2182 679 2217 Taurini
704 2183 899 2223 institutum,
925 2182 987 2214 633
1013 2191 1073 2225 seq.

461 2234 548 2270 Pauli
573 2234 612 2269 IV
636 2236 804 2269 Innovatur
839 2235 1020 2268 constitutio
1052 2235 1083 2267 in
1118 2237 1271 2278 negantes
1303 2233 1506 2274 Triuitatem,
1532 2237 1586 2267 aut
1621 2233 1692 2267 Iesu
1722 2232 1838 2268 Christi
1872 2232 1997 2268 divini-

551 2292 663 2331 tatem,
689 2291 768 2330 ete.,
793 2298 851 2322 nec
876 2297 938 2321 non
964 2286 1186 2331 Virginitatem
1210 2287 1324 2321 Beatae
1349 2287 1467 2321 Mariae
1492 2286 1650 2330 Virginis,
1677 2287 1691 2320 1
1720 2297 1740 2320 a
1763 2290 1791 2320 et
1814 2297 1874 2331 seq.

464 2342 580 2377 Paulus
604 2342 662 2377 PP.
688 2341 725 2384 V,
752 2342 813 2375 195
839 2352 868 2375 a.
895 2341 997 2382 Quoto
1032 2345 1173 2384 tempore
1207 2341 1424 2384 pontificatum
1460 2342 1614 2382 tenuerit,
1640 2339 1718 2374 ibid.
1742 2340 1897 2382 Moritur,
1928 2350 1996 2375 cor-

552 2406 675 2442 pusque
693 2398 760 2430 eius
777 2397 808 2430 in
829 2394 960 2429 basilica
978 2393 1143 2429 Liberiana
1161 2387 1348 2435 tumulatur,
1367 2393 1442 2427 ibid.
1460 2392 1635 2428 Iubilaeum
1660 2392 1842 2427 universale
1867 2391 1996 2436 Indicit,

555 2448 616 2483 197
642 2449 667 2483 b.
693 2449 889 2493 Cuicumque
920 2449 1101 2489 conventui,
1127 2451 1157 2481 et
1181 2447 1289 2481 domui
1315 2446 1454 2490 regulari
1485 2451 1606 2482 certum
1638 2447 1861 2490 religiosorum
1886 2456 1996 2481 nume-

553 2513 622 2537 rum
647 2502 715 2537 vult
738 2503 910 2546 assignari,
938 2502 999 2535 249
1025 2501 1050 2534 b.
1076 2501 1304 2545 Exemptiones
1335 2510 1556 2546 quascumque
1586 2510 1648 2534 non
1673 2499 1818 2534 solvendi
1843 2499 1996 2534 Gamerae

554 2556 757 2601 Apostolieae
781 2565 878 2590 onera
895 2558 1038 2596 revocat,
1057 2555 1118 2588 256
1136 2558 1163 2587 et
1179 2565 1240 2599 seq.
1258 2554 1521 2588 Constitutionem
1537 2555 1583 2589 Pii
1603 2554 1627 2588 V
1643 2554 1683 2588 de
1707 2563 1768 2587 non
1793 2553 1995 2588 infeudandis

556 2610 632 2644 locis
657 2614 688 2644 et
717 2611 807 2644 terris
824 2608 984 2642 Romanae
1009 2608 1164 2641 ecclesiae
1182 2608 1361 2649 confirmat,
1381 2608 1442 2641 267
1463 2612 1492 2641 et
1515 2618 1574 2653 seq.
1596 2607 1769 2642 Concessas
1795 2606 1996 2651 regularibus

557 2663 771 2707 indulgentias
806 2665 953 2703 revocat,
985 2670 1152 2706 novasque
1188 2662 1235 2695 eis
1266 2660 1426 2704 concedit,
1465 2661 1529 2695 315.
1563 2661 1589 2694 b.
1625 2659 1783 2696 Cardinali
1819 2660 1859 2694 de
1895 2661 1996 2695 loiosa

558 2716 738 2752 facultatem
756 2716 934 2761 impertitur
951 2713 1138 2749 absolvendi
1151 2713 1287 2749 Venetos
1307 2722 1325 2749 a
1341 2715 1502 2758 censuris,
1524 2714 1586 2749 388
1611 2725 1630 2748 α
1660 2717 1688 2748 et
1712 2724 1772 2759 seq.
1797 2713 1915 2749 Taxam
1938 2723 1996 2759 pro
