2227 3241
246 279 295 306 An.
317 280 345 307 c.
365 280 431 307 ¹608
476 272 542 305 484

443 328 611 371 signandi,
632 338 668 360 ac
693 328 832 368 easdem,
861 334 888 360 et
922 329 999 361 alias
1028 328 1179 362 hactenus

444 387 628 422 reservatas,
649 387 677 414 et
703 381 861 424 deinceps,
878 383 1085 416 reservandas
1105 393 1183 426 pen-

440 435 546 468 siones
571 434 610 467 de
631 444 800 476 consensu,
824 435 918 467 etiam
941 435 1116 478 anticipata
1132 445 1182 468 so-

441 487 562 520 lutione
587 487 769 530 aliquorum
804 498 986 526 annorum,
1016 489 1178 529 cassandi,

440 540 657 581 extinguendi,
679 546 709 573 et
729 541 935 581 annullandi3

484 593 499 635 ἓ
537 593 566 626 9.
605 593 829 638 Quascumque
861 596 1051 629 concordias
1082 596 1182 629 licitas

440 652 470 679 et
494 647 645 680 honestas
669 648 870 691 approbandi
896 656 925 681 et
951 649 1177 689 confirmandi,

439 710 551 733 omnes
572 706 602 733 et
631 711 853 744 quoscumque
872 701 950 734 iuris
975 707 1007 735 et
1032 703 1105 735 sacti
1128 703 1182 735 de-

438 753 549 793 sectus,
564 753 588 787 si
604 753 656 797 qui
673 753 902 787 intervenerint
917 755 947 787 in
962 755 1093 795 eisdem,
1111 766 1182 799 sup-

438 806 560 849 plendi,
584 816 702 850 easque
728 807 766 840 ab
784 807 934 840 omnibus
955 807 1092 841 tirmiter
1117 808 1177 841 ob-

437 859 555 892 servari
574 860 691 893 debere
709 861 915 900 decernendi,

482 913 498 954 ἓ
524 910 577 945 10.
601 914 645 946 Ac
670 913 703 945 in
730 913 895 957 quibusvis
917 914 1177 955 cathedralibus,

437 965 532 998 etiam
553 966 823 1009 metropolitanis,
840 978 876 999 ac
891 967 1066 1009 collegiatis
1080 968 1181 1000 eecle-

436 1018 490 1051 siis
502 1019 709 1052 canonicatus
733 1026 763 1053 et
777 1021 988 1063 prm-tiendus,
999 1021 1180 1063 dignitates,

437 1079 639 1116 personatus,
668 1074 974 1115 administrationes,
1003 1081 1030 1107 et
1057 1074 1177 1115 ostieia;

437 1136 564 1159 necnon
594 1127 799 1167 monasteria,
820 1133 883 1160 tam
913 1128 1054 1160 virorum
1083 1139 1179 1172 quam

436 1179 620 1221 mulierum,
638 1180 871 1224 cuiuscumque
885 1180 1022 1222 Ordinis,
1036 1187 1066 1214 et
1087 1191 1179 1225 pror-

435 1243 489 1266 sus
510 1244 735 1278 quaecumque
760 1234 821 1267 alia
842 1235 999 1268 beneficia
1025 1235 1176 1268 ecclesia-

434 1286 523 1328 stica,
544 1298 617 1320 cum
639 1290 715 1321 cura
741 1293 772 1321 et
796 1288 865 1322 sine
891 1290 978 1329 cura,
1001 1289 1180 1322 saecularia

435 1346 467 1373 et
482 1341 652 1383 regularia,
673 1341 782 1382 etiam,
802 1348 837 1375 ut
857 1342 1051 1385 praefertur,
1070 1343 1178 1386 quali-

434 1392 540 1434 ficata,
561 1404 634 1427 cum
659 1394 811 1428 omnihus
833 1395 1120 1436 iurisdictionibus,
1148 1401 1178 1429 et

434 1446 614 1490 insignibus
639 1449 810 1487 consuetis,
839 1460 875 1482 ac
900 1449 997 1482 etiam
1024 1460 1096 1483 cum
1125 1460 1174 1489 eo,

434 1501 522 1543 quod
542 1501 574 1533 in
595 1501 724 1535 titulum
746 1503 895 1546 perpetui
914 1502 1062 1536 beneficii
1077 1503 1177 1536 eccle-

433 1553 550 1587 siastici
565 1554 643 1597 erigi
657 1565 834 1599 numquam
849 1555 981 1599 possint,
996 1555 1176 1600 hospitalia,

434 1607 723 1648 confraternitates,
744 1615 774 1641 et
786 1609 846 1641 alia
863 1609 1013 1651 religiosa
1028 1609 1097 1643 loca
1115 1610 1178 1643 eri-

434 1660 540 1701 gendi,
558 1667 588 1694 et
602 1661 802 1702 instituendi,
819 1673 856 1696 ac
877 1662 972 1703 bona,
989 1673 1047 1706 pro
1062 1673 1174 1696 eorum

434 1713 509 1746 dote
529 1713 721 1756 assignanda
735 1726 817 1759 qnae
835 1722 1020 1759 competens
1040 1715 1091 1757 sit,
1106 1727 1176 1760 per-

433 1772 531 1810 petuo
551 1768 735 1811 applicandi
758 1775 788 1802 et
808 1769 1022 1813 approbandi:
1047 1780 1173 1803 necnon

433 1819 465 1852 in
486 1820 671 1855 huiusmodi
698 1823 914 1856 erectionibus
941 1823 1106 1856 dumtaxat
1128 1823 1176 1857 ius

432 1879 623 1917 patronatus
659 1882 687 1909 et
732 1876 958 1919 praesentandi
1003 1875 1175 1910 Ordinario

432 1926 494 1961 loci
515 1938 668 1971 personas
689 1929 821 1963 idoneas
849 1940 885 1962 ex
911 1930 1100 1963 fundatione
1128 1930 1173 1963 vel

432 1980 598 2014 dotatione
618 1981 782 2015 dumtaxat
802 1983 984 2016 reservandi
1005 1988 1035 2017 et
1065 1993 1176 2016 conce-

433 2032 549 2074 dendi;
571 2045 608 2067 ac
632 2034 778 2075 uniones,
808 2036 1012 2076 annexiones,
1035 2037 1171 2069 transla-

432 2086 558 2128 tiones,
585 2089 825 2132 separationes,
857 2089 1170 2131 dismembrationes,

432 2145 463 2173 et
484 2140 561 2174 alias
581 2141 769 2175 huiusmodi
795 2142 1022 2186 dispositiones
1046 2143 1170 2176 beneti-

431 2193 567 2235 ciorum,
588 2201 618 2227 et
639 2195 798 2228 bonorum
825 2206 861 2228 ae
890 2196 1053 2229 fructuum
1073 2197 1174 2229 eccle-

429 2247 644 2288 siasticorum,
666 2248 698 2281 in
720 2249 870 2281 omnibus
893 2249 1018 2282 casibus
1042 2249 1172 2283 Concilii

429 2299 619 2341 Tridentini,
644 2307 674 2334 et
697 2301 786 2342 alias,
810 2308 907 2345 prout
933 2302 1001 2343 tibi,
1022 2303 1107 2336 iuxta
1126 2314 1175 2335 re-

430 2363 502 2386 rum
527 2359 556 2387 et
577 2365 788 2398 personarum
808 2355 1009 2398 exigentiam,
1023 2353 1174 2399 expedire

430 2407 601 2448 videbitur,
618 2414 776 2452 perpetuo
789 2409 836 2441 vel
856 2409 895 2441 ad
912 2415 1036 2453 tempus
1055 2409 1173 2442 tacien-

431 2460 477 2494 di:
502 2471 538 2494 ac
559 2472 783 2505 quaecumque
802 2467 920 2494 statuta
943 2468 973 2495 et.
996 2462 1174 2495 ordinatio-

430 2524 497 2555 nes,
515 2514 601 2548 licita
621 2520 652 2548 et
671 2515 805 2549 honesta
826 2525 863 2548 ac
882 2515 980 2547 sacris
994 2516 1173 2549 canonibus

431 2577 496 2601 non
514 2568 687 2611 contraria,
709 2568 888 2602 condendi:

231 2609 416 2658 faffifflfgffssffssff
476 2621 490 2663 ἓ
510 2620 563 2653 ll.
585 2621 755 2654 Praeterea
767 2621 930 2664 quibusvis
949 2621 1107 2664 personis,
1128 2632 1174 2654 ec-

230 2663 547 2716 {fiffssffi‘}},..dj¹j‘2¹1¹<³,clesiis,
577 2673 734 2718 capitulis,
765 2674 982 2715 monasteriis,
1011 2675 1173 2708 conventi-

295 605 424 625 Cuncurstias

240 631 383 652 confirmandi.

274 921 422 945 Canonicatus,

237 948 359 974 dignitates,
373 948 421 969 boz-

237 975 318 1000 pitatia,
329 977 372 998 etc..
382 975 421 995 eri·

237 1001 306 1027 genili.

989 281 1085 304 BELLA
1091 281 1165 305 tuum
1190 281 1340 305 ROMANUM

1215 328 1295 368 bus,
1320 328 1656 367 confraternitatibus‚
1684 333 1716 360 et
1739 328 1818 362 locis
1850 328 1953 362 dictae

1216 380 1395 423 legationis,
1412 386 1447 413 ut
1461 380 1543 414 bona
1557 380 1735 413 immobilia
1749 381 1956 415 monasterio-

1215 444 1299 474 rum,
1316 433 1531 477 prioratuum,
1548 433 1738 475 dignitatum
1764 434 1791 466 el
1817 434 1954 467 aliorum

1216 486 1448 520 beneficiorum
1476 497 1512 519 ac
1538 487 1682 520 locorum
1718 486 1952 520 ecclesiastico-

1218 551 1301 580 rum,
1323 540 1353 572 in
1375 540 1553 573 evidentem
1572 540 1701 573 illorum
1720 540 1889 573 utilitatem
1909 542 1956 574 vel

1217 594 1449 631 necessitatem,
1473 599 1657 637 permutare
1674 604 1730 628 seu
1745 595 1881 627 vendere
1901 600 1956 627 aut

1218 648 1249 680 in
1271 647 1527 692 emphytheusim
1555 648 1649 681 ctiam
1671 655 1859 693 perpetuam
1878 659 1955 683 con-

1217 701 1331 734 cedere
1344 701 1477 745 possint,
1492 701 1654 735 licentiam
1670 703 1880 743 concedendi;
1899 714 1955 736 seu

1215 755 1478 797 permutationes,
1503 761 1556 788 aut
1576 755 1788 797 venditiones,
1807 757 1857 789 vel
1879 767 1955 790 eon-

1216 808 1374 841 cessiones
1400 808 1597 850 huiusmodi,
1625 809 1670 843 sic
1694 809 1757 842 iam
1789 813 1895 851 tactas,
1923 811 1955 843 in

1217 861 1318 893 forma
1333 864 1486 894 consueta
1504 862 1677 905 approbari
1704 869 1734 895 et
1755 862 1951 903 confirmari,

1215 924 1251 946 ac
1264 913 1358 947 etiam
1374 925 1596 959 quoscumque
1609 915 1750 950 defectus
1769 916 1800 949 in
1814 916 1875 949 illis
1886 927 1956 960 sup-

1215 967 1307 1010 pleri,
1333 968 1526 1008 mandandi;
2012 1010 2017 1018 .
2099 1010 2103 1014 .

1260 1022 1276 1062 g
1297 1020 1349 1054 42.
1374 1021 1504 1054 Necnon
1524 1021 1689 1065 quibusvis
1707 1023 1952 1064 cathedralium,
1971 1010 2158 1068 ttbffss’blflsslffsslli
2186 1063 2188 1065 ,

1215 1074 1310 1106 etiam
1327 1075 1658 1118 metropolitanarum,
1668 1083 1699 1110 et
1713 1077 1954 1120 collegiatarum
1967 1063 2161 1090 perception-srm-

1215 1127 1389 1167 canonicis,
1406 1134 1459 1161 aut
1477 1129 1657 1171 dignitates,
1678 1137 1880 1174 personatus,
1901 1132 1956 1165 ad-
1970 1117 1999 1137 ‘¹¹'

1216 1180 1466 1214 ministrationes
1481 1209 1488 1222 ,
1509 1182 1633 1223 officia,
1657 1188 1688 1215 et
1712 1184 1774 1216 alia
1799 1184 1955 1217 beneficia

1215 1234 1429 1268 ecclesiastica
1451 1235 1482 1268 in
1500 1235 1544 1269 eis
1565 1235 1802 1270 obtinentibus¹
1821 1238 1898 1281 (non
1912 1244 1954 1271 ta-

1215 1298 1288 1321 men
1321 1299 1429 1322 curam
1466 1289 1648 1322 animarum
1681 1291 1954 1334 parochianorum

1213 1340 1419 1386 habentibus)
1433 1342 1514 1375 infra
1528 1343 1726 1385 trigesimum
1740 1354 1858 1377 annum
1879 1355 1956 1378 con-

1213 1394 1341 1435 stitutis,
1370 1400 1406 1428 ut
1441 1395 1620 1429 litterarum
1645 1396 1771 1430 studio²
1803 1397 1834 1430 in
1864 1398 1951 1438 loco,

1213 1447 1267 1479 uhi
1288 1447 1367 1481 illud
1389 1448 1503 1491 vigeat,
1532 1449 1693 1492 generali³
1712 1450 1900 1491 insistendo,
1925 1456 1955 1483 et

1212 1506 1285 1534 actu
1307 1502 1478 1542 studendo,
1499 1512 1612 1536 omnes
1637 1503 1771 1544 fructus,
1787 1504 1951 1550 redditus,

1213 1559 1244 1586 et
1268 1560 1442 1597 proventus
1473 1566 1606 1588 suorum
1639 1556 1885 1590 canonicatuum
1923 1563 1954 1589 et

1212 1608 1482 1651 praebendarum,
1498 1609 1954 1654 dignitatum,personatuum,

1212 1661 1542 1709 adiiiinistt‘atioiittin‚
1567 1663 1750 1696 officiorum
1776 1671 1808 1697 et
1833 1664 1954 1698 benefi-

1211 1714 1338 1747 ciorum
1358 1716 1611 1758 praedictorum'*
1625 1727 1696 1750 cum
1713 1719 1749 1749 ea
1770 1717 1953 1759 integritate

1211 1768 1420 1811 (quotidianis
1433 1769 1711 1803 distributionibus
1724 1771 1889 1804 dumtaxat
1903 1782 1953 1804 ex-

1210 1821 1322 1864 ceptis)
1335 1832 1408 1854 cum
1423 1832 1486 1866 qua
1501 1822 1571 1855 illos
1588 1823 1803 1867 perciperent,
1821 1823 1846 1857 si
1863 1834 1952 1867 prae-

1209 1878 1316 1907 sentes
1341 1874 1543 1915 interessent,
1568 1880 1599 1909 et
1619 1876 1659 1909 ad
1677 1875 1882 1909 residendum
1904 1876 1952 1910 in-

1212 1928 1304 1960 terim
1325 1929 1416 1972 ⁴apud
1441 1928 1511 1961 illas
1537 1929 1670 1962 minime
1695 1935 1866 1963 teneantur
1895 1930 1953 1974 (ita

1210 1987 1339 2023 tamen,
1366 1989 1411 2022 ut,
1441 1983 1523 2016 intra
1549 1983 1689 2027 primum
1721 1994 1841 2017 annum
1875 1984 1952 2018 dicti

1209 2035 1435 2079 quinquennii,
1458 2037 1477 2069 ii
1503 2037 1614 2071 saltem
1640 2038 1830 2071 subdiaconi
1855 2037 1944 2079 fiant,

1208 2089 1262 2132 qui
1281 2090 1406 2123 ratione
1429 2101 1559 2124 suorum
1579 2091 1812 2124 beneficiorum
1838 2091 1878 2125 ad
1895 2091 1952 2125 ali-

1208 2153 1303 2186 quem
1337 2153 1394 2176 seu
1424 2143 1550 2187 aliquos
1582 2155 1619 2178 ex
1651 2145 1750 2178 sacris
1783 2145 1950 2178 ordinibus
1973 2160 1981 2167 ‚

1208 2197 1389 2238 promoveri
1406 2198 1599 2240 teneantur),
1628 2198 1747 2231 eisdem
1766 2204 1797 2231 et
1820 2198 1900 2239 aliis,
1918 2209 1952 2232 e-

1209 2248 1282 2281 tiam
1309 2249 1525 2293 presbyteris,
1553 2260 1590 2283 ac
1614 2250 1709 2284 etiam
1737 2251 1768 2283 in
1794 2251 1950 2293 dignitate

1208 2302 1421 2335 ecclesiastica
1442 2303 1623 2337 constitutis
1638 2331 1645 2344 ,
1669 2309 1700 2337 ut
1728 2304 1814 2347 leges
1839 2310 1870 2337 et
1890 2304 1952 2337 alia

1245 2418 1255 2443 1
1279 2415 1351 2443 Hane
1367 2425 1458 2444 rocem
1473 2417 1665 2446 obtinentibus
1688 2418 1840 2445 necessario
1860 2417 1953 2446 adiun-

1206 2460 1321 2496 gendam
1343 2469 1402 2488 esse
1422 2461 1547 2489 duximus
1563 2463 1599 2497 (n.
1617 2464 1665 2497 τη).

1242 2505 1258 2531 2
1278 2505 1343 2533 Heic
1363 2506 1499 2534 videretur
1519 2507 1691 2534 subdendum
1708 2515 1764 2542 per
1778 2508 1948 2543 quinquen-

1208 2550 1288 2577 nium
1307 2554 1338 2577 ut
1357 2559 1387 2577 ex
1407 2551 1588 2586 sequentibus
1608 2554 1713 2578 constat
1731 2551 1766 2585 (a.
1785 2551 1834 2586 τ.).

1242 2594 1258 2621 3
1274 2594 1336 2621 Heio
1352 2595 1421 2622 addo
1435 2596 1592 2629 percipere,
1610 2603 1721 2630 nempe,
1734 2596 1840 2622 valeant
1854 2597 1880 2632 (n
1900 2596 1949 2630 τ.).

1243 2638 1258 2663 t
1279 2637 1351 2663 Hanc
1380 2644 1472 2664 rocem
1499 2637 1630 2671 (letter-ali
1655 2645 1699 2664 me
1726 2636 1813 2665 fateor
1833 2644 1885 2665 non
1906 2637 1949 2664 in-

1208 2681 1340 2717 telligere3
1354 2683 1417 2709 t'ors.
1431 2682 1495 2708 (licit
1507 2682 1661 2710 studiorum
1674 2681 1864 2711 universitates
1872 2683 1950 2718 (uxr).

1966 277 2016 305 Au.
2037 277 2067 305 C.
2082 277 2151 305 ¹608
2189 282 2191 286 ⁴

1970 1092 2041 1120 ctutum
2048 1090 2152 1116 elai-gieu-
2189 1118 2191 1121 ι
