2227 3241
24 235 76 263 An.
92 234 121 261 C.
145 233 211 260 1604

68 1686 126 1711 Quod
145 1686 209 1707 maxi-

28 1719 81 1736 mnm
90 1713 209 1734 huiusmodi

28 1741 67 1762 arti
81 1742 102 1762 et
109 1746 208 1762 commor-

28 1767 61 1789 εἰσ
70 1767 167 1789 damnum
177 1767 207 1789 at*-

28 1794 115 1817 terebat.

46 2385 150 2415 ,eonsules
159 2388 211 2409 Ave-

31 2417 140 2435 monenses
154 2417 211 2435 tran-

31 2440 145 2469 sectionem
164 2447 210 2462 cum

32 2465 92 2496 ςΙιοῑιε
113 2469 211 2489 ministris

32 2496 113 2519 mount,

835 233 973 257 ‹¹:LEffl3Ns
1000 234 1054 258 ΠΗ
1082 237 1125 258 ΙΨ,

224 290 377 325 magnum
397 281 530 315 allatum
552 287 598 315 est
618 281 849 315 detrimentum
868 292 904 315 ex
925 292 963 316 eo

224 336 311 380 quod
340 334 478 368 ministri
509 334 600 378 regni
629 334 750 369 Galliae
781 335 962 378 ingressum

222 399 406 434 pannorum
424 388 613 431 sericorum,
626 389 659 422 in
675 389 842 433 praedicta
855 391 963 423 nostra

223 443 350 477 civitate
371 443 606 484 confectorum,
630 442 663 475 in
684 442 808 476 dictum
826 453 962 486 regnum

222 497 425 542 prohibitum
461 501 659 536 asserentes,
694 497 964 541 quotiescumque

223 551 295 585 illos
310 551 394 584 intra
406 550 562 584 ditionem
576 550 731 584 Gallicam
748 550 963 594 reperiebant,

225 613 388 650 tamquam
402 605 545 638 forenses
558 609 589 638 et
602 611 770 638 extraneos
783 604 873 647 regio
887 604 964 638 fisco

223 658 426 699 addicebant,
443 657 475 691 in
487 657 551 690 vim
572 658 788 701 quarumdam
803 657 964 700 regiarum

224 711 509 751 constitutionum,
533 711 650 755 quibus
678 716 809 744 cautum
837 721 962 744 assere—

223 767 312 807 bant,
334 776 399 799 non
421 765 518 799 licere
538 766 664 809 pannos
683 765 803 799 sericos
824 766 965 799 forenses

222 831 281 865 per
297 819 418 854 Galliae
439 829 575 861 regnum
594 819 811 860 transvehere,
835 829 894 852 nec
915 829 966 852 ve-

223 874 312 908 nales
333 873 468 913 deferre,
492 872 570 917 quin
588 872 678 917 prius
695 873 889 915 Lugdunum
911 873 965 906 de-

223 927 279 960 lati
303 926 490 967 extitissent,
519 925 629 970 ibique
650 926 814 970 quoddam
835 926 964 970 symbo-

223 982 290 1015 lum
308 991 365 1015 seu
382 980 508 1014 bullum
523 981 732 1024 accepissent,
749 980 840 1014 cuius
858 980 965 1015 medio

223 1035 430 1080 postmodum
458 1046 517 1079 per
547 1041 649 1069 totum
674 1035 795 1070 Galliae
829 1046 964 1078 regnum

223 1089 385 1123 transvehi
400 1094 430 1122 et
447 1089 541 1122 vendi
559 1094 626 1122 tuto
641 1095 671 1122 et
690 1089 792 1123 libere
808 1090 961 1127 valerent;

223 1143 329 1177 etalio
344 1142 441 1176 etiam
454 1148 621 1186 praetextu
640 1153 763 1177 merces
783 1143 965 1187 praedictas

222 1197 255 1230 in
275 1207 415 1242 poenam
436 1197 597 1230 dictarum
618 1197 886 1230 constitutionum
910 1197 961 1230 in·

222 1251 338 1285 cidisse
358 1251 526 1291 dicebant,
556 1251 643 1295 quod
664 1251 788 1284 scilicet
809 1251 960 1291 materia,

221 1315 280 1339 seu
299 1310 378 1346 seta,
403 1315 466 1348 qua
491 1304 647 1348 praedicti
668 1304 760 1337 serici
782 1305 880 1348 panni
905 1315 964 1349 pro

222 1359 338 1392 maiori
358 1364 448 1402 parte
469 1358 607 1392 confecti
628 1364 731 1399 erant,
755 1358 897 1402 ipsarum
923 1359 965 1391 ri-

221 1412 291 1456 gori
311 1411 504 1453 subiaceret,
526 1418 557 1445 et
578 1422 652 1446 cum
674 1417 761 1445 setae
775 1423 811 1445 cx
832 1412 919 1445 ltalia
935 1417 965 1446 et

221 1466 375 1510 Hispania
406 1466 439 1499 in
458 1466 658 1511 praedictam
681 1466 844 1499 civitatem
863 1472 964 1500 trans-

221 1520 345 1565 portari
365 1526 539 1564 nequeant,
563 1520 624 1554 nisi
644 1530 702 1564 per
718 1520 901 1564 provincias
926 1531 961 1554 e-

223 1575 348 1608 iusdem
381 1574 496 1617 regni,
527 1573 600 1608 ideo
631 1574 825 1616 Lugdunum
855 1579 961 1607 trans-

223 1628 384 1662 vehendas
399 1638 477 1668 esse,
491 1633 664 1671 antequam
680 1627 712 1660 in
726 1637 850 1671 pannos
867 1633 965 1661 trans-

225 1687 443 1721 mutarentur;
472 1687 503 1715 et
524 1681 599 1715 licet
618 1681 761 1725 praefata
781 1681 890 1715 civitas
907 1682 964 1715 ad-

223 1746 333 1770 versus
360 1735 526 1780 praedicta
548 1735 648 1768 multa
668 1740 870 1779 opponeret,
899 1746 963 1768 non

224 1790 330 1823 minus
347 1794 521 1834 propterea
539 1789 657 1822 dictam
674 1789 876 1822 vexationem
902 1800 962 1834 pa-

224 1843 380 1877 tiebatur:
405 1842 492 1875 unde
517 1847 590 1886 post
617 1842 736 1875 multos
764 1852 965 1887 magnosque

223 1902 371 1941 sumptus
396 1896 429 1929 in
456 1896 645 1930 huiusmodi
672 1896 728 1929 lite
755 1897 900 1937 collatos,
936 1904 965 1931 et

223 1957 295 1996 post
319 1961 469 1993 magnam
491 1960 527 1983 ex
545 1950 703 1983 mercium
725 1950 964 1984 confiscationi-

222 2007 282 2040 bus
303 2006 471 2046 iacturam,
488 2005 567 2039 nihil
582 2005 684 2048 magis
698 2006 849 2050 expedire
862 2006 963 2040 visum

223 2059 292 2101 suit,
305 2070 402 2104 quam
416 2059 465 2093 vel
479 2065 561 2092 setas
575 2065 606 2092 et
622 2069 747 2103 pannos
771 2060 964 2102 Lugdunum

226 2119 446 2158 transportare
482 2123 555 2146 cum
584 2113 837 2147 intolerabilium
870 2125 961 2147 sum-

224 2172 338 2211 ptuum
361 2177 471 2208 onere,
494 2167 543 2200 vel
564 2167 669 2200 nullos
687 2167 820 2200 omnino
841 2178 965 2211 pannos

224 2221 345 2255 sericos
372 2220 544 2262 conficere,
569 2226 599 2254 et
619 2221 665 2254 sic
685 2226 787 2254 artem
813 2221 961 2262 sericam,

225 2276 264 2309 ab
294 2275 386 2309 annis
417 2275 552 2308 infinitis
573 2280 748 2315 retentam,
778 2286 849 2308 cum
873 2276 964 2309 tertia

224 2335 316 2373 parte
329 2329 547 2362 habitatorum
562 2334 593 2362 et
607 2328 788 2361 incolarum
802 2329 960 2362 amittere,

270 2382 339 2426 52.
370 2382 573 2427 Quapropter
602 2393 668 2415 rem
700 2392 796 2425 saepe
827 2382 904 2414 alias
935 2388 963 2416 ct

226 2445 284 2479 per
303 2435 415 2478 viginti
436 2445 548 2475 annos
570 2440 622 2468 aut
640 2434 736 2475 circa,
759 2437 874 2468 frustra
895 2441 964 2468 ten-

228 2493 323 2521 tatam
352 2488 514 2531 aggressi,
548 2499 620 2521 cum
654 2488 916 2532 redemptoribus
937 2495 963 2521 et

228 2540 382 2575 ministris
417 2541 512 2584 regiis
545 2547 683 2575 tractare
721 2547 898 2584 coeperunt
928 2542 967 2574 de

1644 227 1657 258 «1
1666 226 1708 258 ΟΣ)

997 285 1061 316 stra
1076 283 1202 318 civitate
1216 285 1430 319 Avenionensi
1450 284 1649 329 imponendo
1668 295 1741 319 cum

998 337 1159 371 solutione
1187 338 1307 372 iurium
1336 339 1426 382 regio
1453 339 1654 383 redemptori
1685 349 1743 372 seu

998 391 1191 434 appaltatori
1213 392 1338 425 ratione
1352 392 1428 425 dicti
1441 392 1521 425 bulli
1535 392 1719 426 debitorum
1732 404 1739 433 ;

998 448 1029 477 et
1042 444 1172 477 tandem
1186 455 1283 488 super
1295 446 1491 489 praemissis,
1505 445 1741 490 praesentibus¹

999 496 1117 530 dilecto
1138 496 1206 530 filio
1225 504 1337 532 nostro
1358 499 1470 532 Carolo
1492 499 1522 533 S.
1539 500 1575 533 R.
1592 499 1626 533 E.
1647 510 1740 544 pres-

999 550 1110 594 bytero
1146 551 1302 584 cardinali
1333 552 1373 585 de
1404 553 1581 587 Comitibus
1612 563 1740 587 nuncu-

998 609 1085 648 pato,
1104 610 1180 638 tunc
1200 604 1232 638 in
1253 605 1365 639 eadem
1388 606 1514 640 civitate
1534 607 1603 641 vice
1622 608 1740 650 legato,

999 669 1126 693 necnon
1144 659 1176 691 in
1195 664 1262 692 toto
1279 659 1369 694 Statu
1389 660 1556 704 praedicto
1574 661 1744 703 legationis

1000 712 1231 746 Avenionensis
1245 713 1462 755 gubernatore
1476 715 1630 757 generali,
1646 726 1682 749 ac
1695 726 1743 749 rc-

999 773 1126 800 servato
1144 774 1256 801 nostro
1275 773 1305 800 et
1325 768 1530 812 Apostolicae
1543 769 1634 803 Sedis
1647 770 1744 803 bene-

999 818 1128 862 placito,
1139 818 1224 852 inter
1236 820 1385 852 consules
1398 819 1584 863 praedictae
1598 820 1743 863 civitatis,

999 883 1036 906 ac
1058 873 1276 917 appaltatores
1295 873 1478 917 praedictos
1496 874 1670 907 transactio
1684 874 1745 907 ini-

1000 932 1050 967 ta,
1081 937 1117 960 ac
1150 926 1243 960 nobis
1275 937 1380 970 nuper
1408 926 1550 960 exhibita
1577 927 1657 968 suit,
1686 938 1744 971 per

1000 990 1097 1024 quam
1118 980 1398 1014 Avenionensibus
1419 980 1515 1013 datur
1536 980 1681 1021 facultas,
1695 987 1740 1021 ut,

1000 1034 1092 1067 dictis
1113 1033 1210 1076 regiis
1232 1033 1517 1067 constitutionibus
1531 1044 1597 1068 non
1614 1034 1744 1068 obstan—

1000 1088 1095 1129 tibus,
1117 1098 1241 1121 merces
1260 1087 1378 1121 sericas
1390 1087 1423 1120 in
1436 1097 1658 1132 quascumque
1672 1088 1745 1122 Gal-

999 1141 1060 1174 liae
1074 1146 1181 1185 partes
1196 1141 1323 1174 deferre
1342 1147 1372 1174 et
1391 1141 1532 1174 vendere
1549 1141 1684 1184 possint,
1701 1141 1744 1175 ita

999 1200 1044 1235 ut,
1060 1195 1136 1228 licet
1152 1194 1319 1238 praedicto
1340 1194 1546 1238 appaltatori,
1567 1194 1676 1228 medio
1690 1206 1744 1228 cu-

1000 1249 1125 1281 iusdam
1136 1248 1305 1290 institoris,
1317 1248 1389 1281 iura
1406 1248 1563 1292 praedicti
1584 1249 1665 1282 bulli
1680 1250 1743 1282 sol-

999 1310 1114 1335 vantur
1134 1302 1240 1343 (cuius
1255 1313 1315 1346 ope
1329 1302 1428 1346 panni
1449 1301 1545 1336 serici
1558 1303 1744 1346 praedictae

1000 1355 1134 1388 civitatis
1159 1366 1218 1399 per
1246 1361 1348 1388 totum
1374 1355 1496 1389 Galliae
1519 1365 1675 1398 regnum,
1707 1366 1744 1389 ac

999 1408 1025 1441 si
1046 1409 1194 1451 Lugduni
1220 1409 1407 1452 impositum
1430 1414 1532 1450 esset,
1563 1409 1682 1442 deferri
1708 1419 1744 1442 ac

999 1463 1092 1496 vendi
1114 1464 1279 1507 possunt);
1307 1463 1522 1496 nihilominus
1542 1468 1651 1496 tamen
1673 1474 1743 1496 om-

998 1517 1048 1550 nis
1066 1516 1298 1550 iurisdictionis
1313 1516 1501 1557 auctoritas,
1522 1523 1553 1550 et
1573 1528 1743 1550 causarum

1000 1571 1074 1603 inde
1094 1570 1357 1614 provenientium
1383 1570 1517 1611 decisio,
1548 1580 1609 1604 nec
1628 1581 1694 1604 non
1716 1577 1746 1604 et

999 1625 1239 1658 confiscationis
1267 1624 1337 1658 iura
1371 1625 1411 1657 ad
1443 1630 1572 1658 nostros
1604 1624 1744 1658 iustitiae

1000 1678 1165 1712 ministros
1185 1678 1403 1721 Cameraeque
1424 1683 1555 1712 nostrae
1576 1678 1740 1722 Apostoli-

999 1744 1055 1766 ‹rae
1090 1733 1205 1767 fiscum
1236 1738 1381 1777 spectent
1410 1738 1441 1766 et
1470 1733 1670 1777 pertineant3
1709 1744 1745 1766 ae

999 1787 1184 1832 praedictus
1212 1787 1309 1820 etiam
1337 1787 1466 1820 institor
1496 1797 1556 1831 pro
1584 1786 1743 1829 exigendo

999 1841 1076 1875 dicti
1096 1841 1177 1874 bulli
1191 1852 1245 1875 seu
1268 1841 1350 1883 signi
1371 1841 1457 1881 iure,
1478 1840 1634 1884 praestito
1655 1840 1745 1884 prius

1000 1895 1182 1928 iuramento
1204 1895 1243 1928 de
1264 1894 1404 1928 fideliter
1424 1893 1603 1927 exercendo
1625 1893 1656 1925 in
1679 1904 1745 1926 ma-

1000 1949 1094 1982 nibus
1112 1948 1249 1992 praefati
1267 1947 1459 1990 vice-legati,
1484 1947 1605 1981 litteras
1626 1947 1665 1980 ab
1684 1957 1742 1980 co«

1000 2003 1073 2036 dem
1091 2012 1188 2046 super
1202 2002 1264 2035 hoc
1279 2001 1427 2035 obtinere
1442 2006 1600 2041 teneatur,
1622 2001 1743 2033 nullam

1000 2068 1034 2090 ex
1050 2067 1082 2089 se
1097 2056 1157 2089 nisi
1171 2056 1288 2100 privati
1301 2055 1444 2089 hominis
1458 2065 1588 2088 causam
1610 2054 1743 2094 hahens,

1000 2116 1096 2154 prout
1118 2110 1149 2143 in
1171 2110 1258 2143 dicta
1279 2109 1496 2143 transactione
1510 2136 1517 2148 ‚
1541 2108 1633 2142 cuius
1654 2114 1744 2140 teno-

1000 2175 1067 2197 rem
1086 2163 1310 2208 praesentibus
1328 2173 1386 2207 pro
1401 2172 1551 2206 expresso
1565 2161 1675 2195 haberi
1692 2171 1743 2193 vo-

1000 2219 1116 2259 lumus,
1140 2218 1267 2262 plenius
1288 2218 1407 2251 dicitur
1433 2217 1605 2251 contineri.

1045 2275 1061 2315 ξ
1087 2272 1117 2305 3.
1146 2273 1223 2306 Cum
1249 2277 1357 2305 autem
1379 2271 1527 2304 consules
1549 2275 1580 2304 et
1600 2279 1744 2303 commu-

999 2326 1080 2359 nitas
1101 2325 1259 2370 praedicti
1275 2325 1448 2359 novissime
1466 2324 1558 2357 nobis
1579 2323 1744 2356 humiliter

999 2380 1171 2423 supplicari
1187 2379 1335 2412 fecissent
1348 2384 1382 2411 ut
1397 2376 1642 2411 transactionem
1655 2387 1745 2420 prac-

1000 2433 1117 2466 dictam
1151 2432 1334 2476 approbare
1368 2432 1598 2473 dignaremur;
1632 2435 1743 2463 contra

1001 2498 1075 2520 vero
1097 2487 1186 2530 (quia
1212 2497 1248 2519 ex
1278 2485 1372 2519 certis
1396 2484 1493 2528 ipsius
1519 2482 1744 2516 transactionis

1002 2540 1170 2584 capitibus
1195 2551 1230 2573 ae
1252 2550 1288 2572 ex
1309 2538 1528 2582 quorumdam
1555 2537 1740 2580 proclama-

228 2594 392 2638 praedicto
406 2595 497 2638 signo
511 2605 566 2629 seu
580 2595 680 2633 bullo,
699 2594 729 2626 in
744 2594 870 2627 civitate
889 2595 969 2635 Lug·-
1004 2600 1082 2635 tum,
1099 2593 1291 2627 auctoritate
1302 2591 1437 2636 praefati
1453 2590 1633 2633 vice-legati
1649 2591 1744 2624 facto-

229 2648 364 2682 dunensi
383 2648 506 2693 imponi
530 2648 637 2689 solito,
662 2648 692 2681 in
717 2648 884 2692 praedicta
910 2659 968 2681 no-

274 2710 352 2740 nun.
370 2711 452 2739 Rom.
473 2711 532 2739 Vol.
550 2711 600 2738 XI.
803 2710 833 2737 tt
881 2715 886 2720 ·

1042 2658 1050 2683 1
1075 2657 1107 2683 At
1127 2656 1222 2683 melius
1237 2655 1374 2691 legeretur
1395 2655 1549 2684 Praesente
1571 2654 1605 2688 (n.
1623 2653 1671 2682 TA.

1755 237 1802 263 An.
1820 236 1850 263 C.
1874 237 1939 263 1604

1786 2272 1823 2291 (3111
1840 2277 1860 2290 se
1877 2277 1944 2296 oppu-

1759 2300 1807 2318 nunt
1848 2298 1945 2317 consutos

1759 2325 1875 2345 (ltriititatus
1901 2324 1945 2344 le-

1758 2357 1858 2378 tttlysitnt.
