2227 3241
29 264 76 294 An.
96 263 127 292 C.
142 261 211 292 1606

66 1920 171 1953 Datur-que
187 1923 216 1944 sa-

35 1949 102 1971 enlm
131 1950 217 1971 uniendi

0 2007 3 2024 =.
35 1975 217 2024 ggaeffissneffltff
233 1977 263 2006 et
285 1970 502 2004 bibliothecae
527 1971 614 2011 dote,
638 1981 675 2004 ac
700 1971 828 2003 illarum
854 1970 970 2003 docto-

35 2027 89 2056 legio
111 2029 217 2051 Ticinensi

0 2061 3 2074 t
35 2054 214 2078 ‹lismonam-audo-

870 259 988 284 PAULUS
1009 260 1027 283 V
1052 261 1090 284 PF
1097 277 1102 283 .

226 309 314 344 modi
339 309 629 354 supplicationibus
654 308 816 348 inclinati,
849 308 967 341 discre-

225 363 305 397 tioni
333 369 403 397 tuae
422 360 506 407 (eum
527 363 720 397 venera-bilis
742 363 838 395 frater
858 368 968 394 noster

225 416 395 461 episeopus
419 416 658 460 Viglevanensis
683 415 865 449 ordinarius
885 414 963 447 vici-

224 469 298 503 nior
321 470 452 511 existat,
480 478 515 503 ut
539 470 642 503 dietus
666 469 838 502 Federicus
863 467 967 501 cardi-

224 523 307 556 nalis
331 529 363 557 et
386 523 514 567 praesul
540 523 685 563 asserit),
713 532 770 566 per
790 521 967 565 apostolica

225 576 344 620 scripta
358 577 560 617 mandamus,
577 582 737 620 quatenus
754 575 963 615 erectionem,

225 629 480 671 institutionem,
509 629 730 663 fundationem
747 656 754 669 ,
778 629 967 672 adscriptio·
984 664 985 668 Ἰ

224 693 310 724 nem,
332 682 584 726 cooptationem,
608 683 818 722 voluntatem,
842 681 985 724 singula¹

225 736 365 778 decreta,
383 737 642 777 destinationem,
660 736 897 770 ordinationem
913 735 969 768 hu-

224 789 375 832 iusmodi,
397 791 570 835 omniaque
589 796 620 824 et
636 790 763 833 singula
779 790 810 822 in
830 790 874 823 eis
892 800 967 823 eon-

225 850 323 885 tenta,
343 855 379 878 ae
398 844 472 878 inde
489 850 624 889 sequuta
642 850 672 878 et
692 845 856 888 sequenda
874 855 969 887 quae-

225 892 377 942 cumque,
397 898 588 932 auctoritate
609 900 718 932 nostra
739 904 895 942 perpetuo
916 908 968 942 ap-

224 951 343 996 probes
367 958 398 986 et
422 952 611 992 confirmes,
640 952 767 995 illisque
792 957 967 996 perpetuae

225 1011 256 1039 et
269 1005 461 1039 inviolabilis
475 1006 671 1050 apostolicae
685 1005 846 1039 firmitatis
867 1006 968 1039 robur

225 1059 367 1100 adiicias,
391 1071 428 1093 ac
452 1070 565 1093 omnes
581 1066 611 1093 et
624 1059 779 1102 singulos,
805 1066 866 1093 tam
890 1058 967 1092 iuris

225 1124 321 1158 quam
342 1113 427 1153 sacti,
444 1119 475 1147 et
498 1113 739 1147 solemnitatum
761 1114 967 1158 quomodoli-

225 1167 279 1201 bet
303 1167 530 1212 requisitarum
555 1168 661 1201 forsan
687 1168 878 1201 omissarum
896 1196 903 1208 ,
931 1179 968 1201 ae

225 1220 354 1265 quosvis
371 1220 462 1262 alios,
484 1221 579 1254 etiam
599 1221 803 1265 quantumvis
821 1221 968 1255 substan-

227 1273 316 1307 tiales
336 1274 488 1315 desectus,
512 1274 537 1307 si
559 1274 613 1318 qui
636 1275 774 1318 desuper
791 1275 969 1318 quomodo-

225 1326 304 1360 libet
329 1327 580 1369 intervenerint,
604 1328 764 1372 suppleas,
789 1329 967 1372 eademque

224 1380 402 1424 praemissa
427 1381 536 1414 omnia
557 1386 588 1414 et
612 1381 738 1424 singula
760 1387 916 1425 perpetuo
937 1387 968 1415 et

225 1434 314 1468 omni
340 1441 485 1478 tempore
510 1434 701 1474 subsistere,
729 1445 869 1478 suosque
894 1435 964 1478 ple-

225 1487 334 1522 narios
350 1493 381 1521 et
398 1488 539 1531 integros
557 1487 687 1521 effectus
704 1488 812 1520 sortiri
833 1493 864 1521 et
884 1488 967 1521 obti-

225 1552 314 1583 nere,
337 1552 374 1575 ac
394 1541 434 1575 ab
455 1541 517 1574 illis
537 1542 688 1575 omnibus
709 1547 738 1574 et
759 1541 904 1584 siugulis,
928 1541 968 1574 ad

226 1605 307 1639 quos
332 1606 419 1629 nunc
443 1595 690 1639 quomodolibet
708 1601 831 1639 spectat
848 1601 878 1628 et
898 1606 969 1640 spe-

227 1648 325 1682 ctabit
343 1648 375 1682 in
397 1649 552 1690 futurum,
577 1659 724 1693 quosque
750 1649 781 1682 id
802 1649 969 1682 concernit

227 1707 257 1736 et
281 1708 456 1736 concernet
472 1702 745 1747 quandocumque
767 1703 805 1735 de
827 1708 966 1743 caetero,

228 1755 364 1788 firmiter
384 1760 415 1789 et
432 1755 662 1789 inviolabiliter
681 1761 839 1799 perpetuo
860 1756 970 1788 obser-

228 1809 295 1843 vari
316 1814 348 1843 et
369 1809 558 1853 adimpleri,
582 1820 642 1843 nec
666 1809 706 1842 ab
728 1809 788 1842 illis
814 1819 970 1852 umquam

229 1863 346 1897 resiliri
372 1873 464 1907 posse
490 1863 656 1903 decernas;

276 1918 292 1959 ξ
317 1917 348 1950 4.
372 1917 410 1950 Et
434 1917 567 1961 insuper
592 1927 650 1961 pro
675 1916 816 1961 ipsarum
843 1916 972 1950 scholae

233 2035 302 2059 rum
329 2025 531 2069 aliarumque
556 2035 768 2069 personarum
794 2024 973 2068 praedicta-

232 2089 305 2113 rum
321 2077 551 2112 sustentatione
569 2084 598 2112 et
620 2078 873 2119 manutentione,
898 2088 974 2111 one-

230 2142 369 2176 rumque
383 2132 445 2165 illis
458 2131 714 2165 incumbentium
728 2132 973 2175 supportatione

231 2185 398 2229 acollegio
410 2185 568 2219 Ticinensi
589 2186 766 2219 Borromeo
787 2192 972 2230 nuncupato

231 2238 335 2272 dictae
349 2238 495 2280 civitatis,
509 2249 567 2282 per
580 2239 729 2277 eumdem
744 2239 892 2272 Carolutn
907 2250 973 2272 ear-

231 2291 370 2326 dinalem
392 2292 489 2326 etiam
518 2298 637 2332 erecto,
670 2297 715 2325 tot
742 2292 967 2336 proprietates,

231 2356 344 2380 census
364 2351 396 2380 et
419 2346 481 2380 alia
498 2345 584 2379 bona
603 2346 729 2379 stabilia
747 2357 781 2379 ex
808 2346 971 2380 beneficiis

231 2399 451 2433 ecclesiasticis
488 2399 532 2432 illi
569 2399 760 2433 auctoritate
796 2400 969 2443 apostolica

231 2452 433 2496 unita‚‚quae
449 2453 601 2486 detractis
619 2453 831 2496 infrascriptis
849 2454 888 2486 atl
910 2464 972 2486 ina-

231 2506 454 2540 nutentionem
477 2506 561 2539 illius
581 2507 787 2539 alumnorum
810 2512 841 2539 ct
861 2516 970 2550 perso-

232 2569 346 2592 narum
367 2560 537 2601 sufficient,
560 2570 618 2603 per
639 2560 759 2593 (lictum
781 2560 969 2593 Fetlerieum

233 2612 427 2646 cardinalem
454 2618 484 2646 et
509 2613 689 2657 praesulem
709 2613 922 2646 discernenda
943 2619 971 2645 et

233 2665 467 2710 specificanda,
502 2678 640 2711 quorum
674 2678 799 2700 annuus
821 2667 908 2699 valor
933 2667 970 2699 ad

1003 308 1089 340 mille
1119 313 1207 341 scuta
1223 335 1230 348 ,
1258 307 1299 340 ad
1324 306 1482 340 rationem
1507 316 1560 340 sex
1584 305 1741 339 librarum

1003 367 1149 394 monetae
1165 360 1339 405 imperialis
1352 371 1412 405 pro
1426 360 1571 404 quolibet
1584 366 1685 401 scuto,
1695 360 1743 392 iu-

1001 414 1086 446 slieio
1108 414 1184 447 dieti
1210 414 1382 448 cardinalis
1403 420 1434 448 et
1458 414 1616 458 praesulis
1633 424 1743 447 ascen-

1001 468 1065 507 dat,
1086 478 1121 500 ex
1139 478 1224 500 nunc
1239 468 1334 501 etiam
1354 475 1511 512 perpetuo
1530 468 1743 501 dismembres

1002 527 1031 553 et
1055 531 1203 564 separes,
1233 522 1351 565 illaque
1382 522 1427 554 sic
1457 522 1688 555 dismembrata
1712 527 1744 554 et

1001 581 1159 617 separata,
1184 585 1310 608 necnon
1335 576 1396 608 alia
1422 587 1648 620 quaecumque
1669 586 1744 619 pro-

1002 628 1165 671 prietates,
1195 638 1256 668 res,
1280 628 1351 661 iura
1370 634 1401 661 et
1420 629 1504 661 bona
1526 629 1558 661 in
1579 628 1744 672 quibusvis

1003 681 1097 714 rebus
1111 681 1331 721 consistentia,
1347 692 1383 715 ac
1401 682 1633 726 cuiuscumque
1647 692 1746 726 quan-

1003 733 1101 767 titatis
1133 740 1163 767 et
1200 734 1316 778 speciei
1349 734 1517 768 existentia
1548 746 1606 779 per
1640 746 1741 779 quos-

1002 799 1141 832 cumque
1156 788 1380 821 christifideles
1394 789 1666 833 quandocumque
1680 790 1741 822 do-

1002 842 1119 882 nanda,
1132 842 1502 885 legandastelinquenda
1515 848 1547 876 et
1561 843 1745 885 elargienda

1002 897 1122 929 eisdem
1144 896 1272 929 scholae
1293 901 1324 929 et
1345 896 1559 930 bibliothecae
1581 897 1637 940 (ita
1658 896 1746 940 quod

1002 951 1096 983 liceat
1121 950 1249 982 illarum
1271 950 1565 990 conservatoribus,
1582 960 1640 993 pro
1656 955 1740 983 tem-

1003 1015 1081 1049 pore
1106 1004 1328 1045 existenthus,
1343 1015 1401 1047 per
1424 1014 1468 1044 se,
1488 1005 1537 1037 vel
1559 1004 1669 1044 alium,
1690 1015 1744 1037 seu

1002 1059 1093 1098 alios,
1118 1069 1230 1092 eorum
1258 1064 1288 1091 et
1309 1057 1620 1091 dictarumscholae
1642 1063 1672 1091 et
1695 1057 1745 1090 bi-

1003 1113 1182 1146 bliothecae
1208 1111 1406 1152 nominibus,
1435 1111 1638 1155 corporalem
1665 1122 1746 1155 pos-

1001 1167 1176 1200 sessionem
1196 1165 1442 1209 proprietatum,
1463 1176 1618 1199 censuum
1642 1171 1672 1199 et
1688 1166 1747 1199 bo-

1002 1230 1118 1253 norum
1140 1219 1325 1252 huiusmodi
1347 1219 1480 1263 propria
1497 1219 1690 1252 auctoritate
1708 1218 1746 1251 li-

1002 1273 1078 1306 bere
1099 1272 1344 1316 apprehendere
1364 1278 1394 1306 et
1414 1278 1571 1316 perpetuo
1592 1272 1742 1313 retinere,

1003 1328 1198 1370 illorumque
1224 1326 1357 1366 fructus,
1377 1326 1533 1367 redditus,
1554 1331 1742 1370 proventus,

1002 1381 1082 1421 iura,
1110 1380 1321 1413 obventiones
1346 1385 1377 1412 et
1400 1379 1622 1413 emolumenta
1647 1390 1745 1423 quae-

1002 1444 1141 1477 cumque
1166 1433 1345 1482 percipere,
1367 1433 1494 1475 exigere
1519 1439 1550 1466 et
1573 1433 1690 1474 levare,
1709 1443 1746 1466 ac

1002 1487 1034 1520 in
1048 1487 1207 1519 dictarum
1226 1487 1356 1520 scholae
1378 1492 1407 1519 et
1425 1486 1641 1519 bibliothecae
1654 1496 1742 1526 usus,

1002 1541 1196 1576 utilitatem,
1231 1546 1263 1572 et
1293 1539 1500 1572 necessitates
1532 1545 1742 1581 convertere,

1002 1594 1188 1628 Dioecesani
1215 1593 1289 1634 loci,
1317 1593 1365 1626 vel
1390 1593 1529 1627 cuiusvis
1556 1593 1688 1627 alterius
1707 1593 1744 1626 li-

1004 1648 1109 1682 centia
1134 1648 1273 1691 desuper
1298 1647 1431 1680 minime
1458 1647 1633 1691 requisita)
1658 1647 1747 1681 simi-

1004 1703 1076 1735 liter
1099 1707 1256 1745 perpetuo
1282 1701 1423 1745 applices
1444 1707 1474 1734 et
1499 1701 1707 1745 appropries;

1050 1758 1065 1799 g
1087 1755 1117 1789 5.
1141 1756 1292 1789 Potremo
1309 1766 1367 1799 pro
1389 1755 1548 1789 dictarum
1571 1755 1699 1788 scholae
1717 1760 1749 1788 et

1006 1810 1221 1843 bibliothecae
1246 1809 1330 1843 felici
1355 1820 1505 1843 successu
1530 1820 1566 1842 ac
1590 1808 1748 1851 regimine

1007 1869 1037 1897 et
1057 1863 1349 1903 administratione,
1369 1873 1496 1896 necnon
1515 1863 1600 1896 circa
1619 1862 1747 1896 illarum

1007 1917 1211 1962 quantitates,
1240 1917 1420 1961 qualitates,
1450 1916 1667 1957 conditiones,
1691 1926 1750 1949 nu-

1008 1982 1132 2005 merum
1149 1999 1156 2012 ,
1179 1971 1399 2015 receptionem
1415 1998 1422 2011 ‚
1447 1970 1695 2011 admissionem,
1720 1975 1751 2003 et

1007 2026 1069 2059 alia
1095 2035 1320 2070 quaecumque
1346 2025 1446 2058 dietas
1470 2024 1614 2058 scholam
1640 2029 1671 2058 et
1695 2023 1747 2056 bi-

1009 2079 1200 2113 bliothecam
1227 2078 1474 2123 quomodolibet
1504 2077 1746 2116 concernentia,

1008 2133 1111 2166 eidem
1136 2133 1290 2166 cherico
1311 2132 1466 2165 cardinali
1481 2137 1513 2165 et
1525 2131 1676 2175 praesuli,
1701 2136 1746 2172 ut,

1007 2187 1113 2231 quoad
1138 2186 1261 2226 vixerit,
1290 2196 1516 2229 quaecumque
1540 2191 1668 2225 statuta,
1697 2195 1750 2218 or-

1007 2240 1199 2280 dinationes,
1220 2239 1478 2279 constitutiones,
1500 2239 1630 2272 decreta
1651 2244 1681 2272 et
1702 2249 1751 2271 ca—

1005 2294 1106 2338 pitula
1127 2294 1233 2336 (licita
1255 2299 1361 2326 tamen
1387 2299 1419 2326 et
1443 2292 1577 2326 honesta
1594 2303 1631 2325 ac
1650 2291 1749 2325 sacris

1005 2347 1183 2380 canonibus
1203 2352 1234 2380 et
1259 2346 1390 2380 Coneilii
1410 2345 1590 2379 Tridentini
1611 2345 1749 2379 decretis

1006 2412 1069 2434 non
1090 2401 1317 2444 repugnantia)
1344 2400 1459 2439 faeere,
1488 2399 1583 2432 edere
1612 2405 1642 2432 et
1665 2409 1745 2432 con-

1005 2455 1093 2494 dere,
1122 2454 1241 2497 illaque
1265 2464 1325 2497 pro
1350 2464 1478 2492 rerum,
1508 2458 1692 2496 temporum
1718 2457 1748 2485 et

1006 2518 1216 2551 personarunt
1243 2507 1398 2551 qualitate
1423 2516 1569 2545 cassare,
1599 2512 1723 2539 mutare
1739 2533 1746 2546 ,

1006 2562 1171 2601 innovare,
1201 2562 1388 2600 reformare,
1417 2570 1472 2595 ac,
1498 2559 1628 2592 illorum
1655 2559 1746 2599 loco,

1005 2615 1068 2646 alia
1093 2614 1131 2647 de
1158 2624 1239 2647 novo
1268 2614 1373 2646 sarcre
1407 2618 1437 2645 et
1466 2612 1562 2645 cdere
1595 2612 1695 2645 libere
1720 2618 1751 2645 et

988 2667 1091 2708 ,licite
1111 2667 1221 2704 valeat,
1243 2667 1401 2699 rouectlas
1423 2671 1450 2698 ct
1473 2665 1653 2708 indulgeas:
1676 2675 1749 2699 nec-

1646 246 1710 281 283
1755 256 1806 284 An.
1827 256 1855 283 c.
1874 255 1943 284 1606

1788 1763 1856 1789 Leges
1874 1768 1900 1784 ue
1917 1763 1948 1784 la-

1762 1792 1795 1810 tas
1819 1792 1840 1810 et
1869 1789 1948 1811 erenda

1763 1815 1908 1838 confirmandi.
