2227 3241
68 228 119 256 An.
135 227 164 255 C.
186 226 253 254 1609

112 553 208 574 Pontifex
223 553 253 574 sa-

68 583 122 602 etam
133 581 252 600 translatin-

67 613 113 628 nem
129 609 196 627 ratam
215 607 252 628 lta·

68 635 109 655 bei.

94 1783 214 1810 Ablataqne
225 1783 252 1804 ab

29 1827 31 1830 .
68 1811 159 1831 ecclesia
178 1810 253 1831 Cochi—

65 1838 122 1858 nens-i
131 1839 253 1858 ornamenta

68 1864 148 1884 restitui
161 1864 253 1889 mandat,

103 2155 253 2177 Christitideles

67 2187 80 2202 a
95 2184 188 2203 censuris
203 2189 254 2203 con-

69 2211 253 2236 traquoscumque

69 2234 96 2256 ab
115 2236 216 2257 utrolibet.
232 2242 252 2257 e—

26 2282 38 2292 ·
67 2261 213 2288 piscopotauz.
220 2264 255 2284 al)-

69 2289 138 2310 solvit.

911 228 1035 253 PxULUS
1055 228 1074 252 V
1092 229 1143 252 PP.

267 284 377 308 corum
404 275 523 309 ibidem
545 275 729 318 degentium
751 276 914 316 scandalo,
932 287 1006 320 pro-

268 328 440 371 mulgatae,
464 334 494 362 et
514 329 554 362 ab
580 330 713 363 eeclesia
738 329 812 362 dicti
835 329 928 362 castri
957 340 1007 362 or—

266 388 417 414 namenta
443 388 471 415 et
497 389 685 426 paramenta
711 383 943 423 ecclesiastica,
971 388 1021 416 ac>

267 435 328 467 alia
354 435 393 468 ad
414 436 535 468 cultum
563 435 704 468 divinum
737 436 924 480 spectantia,
953 435 1007 468 ab·

267 487 330 521 lata
354 488 488 529 fuerint,

313 543 329 583 ἓ
350 540 380 574 3.
409 542 486 581 Nos,
509 552 568 585 pro
589 542 688 575 nostri
717 542 885 586 pastoralis
911 541 1025 575 officiit

268 594 376 628 debito
398 595 428 627 in
453 595 636 638 praemissis
657 595 855 629 auctoritatis
878 601 1006 628 nostrae

268 648 462 692 apostolicae
490 655 596 693 partes
618 650 822 693 interponere
843 649 1003 690 volentes,

268 708 298 735 et
326 703 430 736 solum
464 703 692 747 omnipotentis
723 703 777 736 Dei
809 703 913 736 cultus
944 714 1003 737 au<

267 761 450 797 gmentum,
474 763 505 790 et
532 757 698 799 roligionis
728 756 904 790 catholicae
928 767 1005 801 pro-

267 809 471 852 pagationem
503 820 580 853 prae
605 809 706 843 oculis
735 809 904 851 habentes,
925 821 1003 854 sup-

266 862 494 906 plicationibus
523 863 599 896 dieti
631 863 768 907 Philippi
800 864 883 906 regis
914 863 1007 896 nobis

266 916 432 950 humiliter
447 917 604 960 porrectis
624 917 779 955 inclinati,
799 917 1008 950 dismembra-

268 969 398 1011 tionem,
410 969 659 1013 separationem,
672 970 924 1013 translationem,
937 971 1006 1003 sub—

266 1021 478 1063 stitutionem,
495 1023 766 1065 surrogationem,
782 1023 952 1064 indultum,
970 1034 1006 1056 ac

266 1075 388 1108 litteras
401 1076 592 1120 praedictas.
605 1082 634 1109 et
647 1076 677 1109 in
693 1077 737 1110 eis
752 1083 900 1110 contenta
915 1088 1008 1121 quae-

267 1140 422 1174 cumque,
452 1141 591 1175 quorum
616 1136 758 1165 tenorem
786 1132 1007 1176 praesentibus

266 1183 377 1217 haberi
400 1184 546 1217 volumus
566 1195 625 1228 pro
646 1195 805 1229 expresso,
834 1185 1008 1229 apostolica

266 1237 465 1277 auctoritate,
492 1244 601 1271 tenore
624 1238 859 1282 praesentium,
887 1249 1004 1283 perpe-

267 1295 322 1323 tuo
347 1292 564 1335 approbamus
578 1298 607 1325 et
626 1291 865 1333 confirmamus,
883 1293 1008 1337 illisque
1024 1300 1026 1307 ’

266 1350 440 1388 perpetuae
465 1350 496 1378 et
520 1345 711 1378 inviolabilis
733 1345 893 1379 firmitatis
910 1346 1010 1379 robur

268 1397 446 1439 adiicimus,
467 1410 502 1432 ac
519 1409 631 1432 omnes
647 1405 678 1433 et
695 1409 927 1443 quoscumque,
944 1404 1006 1432 tam

268 1451 346 1484 iuris
370 1462 466 1496 quam
484 1453 557 1485 sacti
573 1480 580 1491 ‚
607 1453 702 1486 etiam
721 1453 962 1494 substantiales,
983 1453 1007 1486 si

268 1504 323 1548 qui
341 1505 371 1537 in
389 1506 573 1549 praemissis
595 1506 847 1547 intervenerint,
868 1516 927 1539 nee
944 1517 1006 1539 non

267 1558 419 1592 interesse
442 1559 640 1599 habentium,
656 1560 680 1593 si
699 1560 753 1604 qui
771 1560 849 1601 sint,
874 1566 903 1593 et
921 1571 1009 1604 prae-

267 1612 343 1646 dicti
370 1613 510 1657 episcopi
536 1613 742 1647 Cocltinensis
767 1614 807 1647 ad
831 1615 1006 1658 praemissa

268 1676 331 1700 non
346 1667 488 1711 praestiti
509 1677 683 1701 consensus
716 1667 855 1701 defectus
879 1668 1008 1712 supple—

268 1731 350 1754 mus.

313 1774 371 1817 §4-
386 1775 422 1808 Et
436 1775 567 1819 insuper
580 1786 803 1819 quaecumque
817 1781 1006 1809 ornamenta

269 1834 299 1862 et
315 1834 514 1872 paramenta,
534 1839 570 1862 ac
591 1829 652 1861 alia
668 1829 776 1862 divino
794 1829 892 1862 cultui
912 1830 1007 1863 desti-

268 1887 353 1923 nata,
374 1892 455 1926 quae
480 1892 498 1915 a
522 1882 606 1915 dieta
625 1881 758 1916 ecelesia
779 1882 935 1926 praedicti
957 1893 1007 1917 ca-

267 1936 324 1969 stri
345 1936 384 1969 de
404 1935 608 1978 Cranganora
629 1935 740 1979 quovis
764 1941 929 1979 praetextu
950 1936 1006 1970 ah-
1023 1947 1026 1961 ³

268 1990 331 2023 lata
356 1990 500 2031 fuerunt,
521 1989 624 2023 eidem
652 1990 824 2030 ecclesiae,
849 1991 887 2023 ad
910 2001 1005 2034 quam

267 2049 422 2088 spectant,
439 2043 498 2076 sub
513 2043 741 2086 indignationis
759 2049 887 2077 nostrae
905 2046 1007 2088 poena
1024 2058 1026 2073 ι

269 2098 390 2132 restitui
415 2098 631 2142 praecipimus
656 2104 686 2131 et
714 2098 914 2132 mandamus.

315 2151 375 2193 §5-
398 2151 554 2195 Denique,
577 2162 616 2185 ne
640 2150 897 2184 christifidelium
923 2152 1008 2185 salus

270 2210 440 2248 propterea
469 2204 688 2248 periclitetur,
713 2214 825 2238 omnes
850 2210 880 2237 et
911 2216 1007 2249 quos-

270 2268 408 2301 cumque
440 2257 685 2297 christifideles,
714 2258 786 2302 qui,
825 2258 933 2300 vigore
952 2269 1007 2292 seu

268 2316 434 2356 praetextu
454 2311 686 2344 sententiarum
705 2321 760 2344 seu
782 2312 1005 2345 mandatorum

269 2365 308 2398 ab
333 2364 557 2407 Angamalensi
583 2370 613 2397 et
636 2363 824 2398 Cochinensi
850 2364 1025 2408 episcopist

267 2417 452 2462 praedictis,
471 2426 526 2451 seu
544 2427 656 2451 eorum
675 2417 865 2450 officialibus
881 2427 936 2450 seu
954 2417 1009 2450 mi-

267 2471 386 2512 nistris,
403 2471 478 2504 ltine
496 2471 569 2505 inde
584 2471 810 2510 relaxat0rum‚
828 2480 1008 2504 excommu-

268 2524 462 2558 nicationem
497 2525 719 2564 incurrerunt,
747 2534 803 2557 seu
837 2523 1007 2557 incurrisse

269 2577 330 2610 dici
348 2578 395 2610 vel
414 2577 535 2611 censeri
555 2583 608 2611 aut
625 2576 791 2621 praetendi
814 2576 947 2620 possint,
968 2576 1006 2609 ab
1024 2588 1025 2596 ¹

269 2630 379 2663 eadem
401 2630 742 2664 excommunicationis
762 2629 931 2671 sententia,
952 2639 1007 2663 au-

1687 215 1750 249 605

1041 276 1187 309 ctoritate
1208 281 1238 309 et
1256 281 1367 309 tenore
1385 274 1568 319 praedictis,
1590 274 1657 307 sine
1676 274 1782 307 cuius-

1041 340 1137 373 quam
1160 329 1370 373 praeiudicio,
1395 328 1601 362 absolvimus.

1086 384 1102 424 ἓ
1135 382 1164 415 6.
1197 383 1410 416 Decernentes
1441 387 1625 426 praesentes
1658 387 1783 414 nostras

1041 435 1173 476 litteras,
1202 436 1298 468 etiam
1318 446 1353 469 ev
1372 446 1409 469 eo
1431 436 1517 479 quod
1539 436 1709 479 episcopus
1725 434 1783 468 Co-

1023 487 1211 529 ·ehineusis,
1239 499 1293 522 seu
1320 489 1516 533 quicumque
1541 489 1595 521 alii
1627 489 1657 520 in
1683 499 1779 532 prae-

1042 542 1144 575 missis
1161 543 1312 576 interesse
1334 543 1439 576 forsan
1462 543 1626 583 habentes,
1651 553 1706 575 sen
1728 542 1783 575 ha-

1042 596 1117 629 bere
1148 597 1394 640 praetendentes
1409 624 1416 638 ,
1456 597 1556 630 vocati
1589 608 1647 630 nec
1683 596 1782 630 auditi

1041 649 1169 690 fuerint,
1193 661 1248 683 seu
1274 650 1336 683 alio
1365 661 1571 694 quocumque
1602 655 1779 694 praetextu,

1041 703 1079 736 de
1104 704 1321 747 subreptionis
1342 705 1389 737 vel
1415 704 1614 748 obreptionis
1634 709 1685 737 aut
1712 705 1784 737 nul-

1041 756 1137 789 litatis
1164 757 1261 797 vitio,
1288 767 1344 790 seu
1371 757 1558 790 intentionis
1583 763 1711 790 nostrae
1734 757 1782 790 vel

1041 810 1103 843 alio
1134 822 1339 855 quocumque
1365 811 1502 852 defectu,
1528 811 1652 851 notari,
1677 812 1783 855 impu-

1041 861 1143 903 gnari,
1167 861 1331 905 redargui,
1349 868 1400 895 aut
1428 862 1582 902 revocari,
1608 862 1779 901 annullari,

1041 914 1072 946 in
1094 914 1141 947 ius
1161 915 1208 947 vel
1231 915 1480 948 controversiam
1500 915 1621 953 vocari,
1649 921 1701 948 aut
1728 916 1783 948 ad-

1041 977 1149 1000 versus
1176 967 1245 1000 illas
1267 969 1496 1012 quodcumque
1522 968 1642 1011 gratiae
1662 969 1710 1001 rel
1737 968 1783 1001 iu-

1041 1021 1144 1054 stitiae
1159 1022 1337 1055 remedium
1354 1023 1518 1066 impetrari
1535 1022 1665 1055 minime
1690 1033 1782 1066 posse

1041 1080 1095 1107 aut
1112 1074 1246 1108 debere:
1270 1075 1391 1119 sicque,
1409 1081 1439 1108 et
1459 1086 1522 1108 non
1537 1075 1639 1116 aliter,
1661 1075 1699 1108 ab
1715 1085 1783 1108 om-

1042 1128 1135 1161 nibus
1153 1134 1183 1162 et
1199 1129 1332 1171 singulis
1349 1129 1482 1169 censeri,
1504 1136 1533 1162 et
1555 1129 1596 1162 ita
1613 1140 1671 1173 per
1687 1139 1783 1173 quos—

1042 1192 1181 1226 cumque
1209 1182 1331 1215 iudiees
1351 1182 1534 1215 ordinarios
1554 1188 1584 1215 et
1605 1183 1779 1225 delegatos.

1043 1235 1137 1268 etiam
1160 1246 1329 1269 causarum
1351 1235 1462 1268 Palatii
1484 1236 1658 1280 Apostolici
1686 1237 1780 1269 audi-

1042 1295 1138 1329 tores,
1159 1300 1196 1322 ae
1213 1295 1341 1323 sanctae
1358 1289 1521 1323 Romanae
1539 1290 1697 1323 Ecclesiae
1716 1301 1785 1323 car-

1043 1342 1166 1375 dinales
1180 1343 1319 1385 (sublata
1333 1343 1378 1376 eis
1392 1349 1419 1376 et
1435 1353 1546 1376 eorum
1563 1343 1692 1376 cuilibet
1707 1354 1785 1387 qua-

1043 1396 1088 1429 vis
1115 1396 1208 1429 aliter
1234 1397 1396 1430 iudicandi
1424 1403 1454 1430 et
1481 1397 1711 1440 interpretandi
1741 1398 1785 1429 fa-

1044 1450 1160 1482 cultate
1179 1455 1209 1483 et
1230 1450 1433 1492 auctoritate)
1455 1450 1589 1483 iudicari
1608 1457 1637 1483 et
1657 1450 1784 1483 definiri

1043 1502 1183 1542 debere,
1211 1513 1246 1536 ac
1275 1503 1401 1535 irritum
1423 1509 1453 1536 et
1479 1503 1595 1542 inane,
1627 1504 1785 1547 quidquid

1025 1558 1132 1589 'secus
1152 1567 1248 1600 super
1268 1556 1316 1589 his
1338 1567 1355 1589 a
1380 1567 1563 1600 quoquam,
1592 1557 1703 1600 quavis
1727 1568 1784 1590 au-

1024 1609 1199 1649 tctoritate,
1223 1610 1361 1643 scienter
1385 1611 1432 1643 vel
1455 1610 1658 1653 ignoranter,
1683 1611 1785 1644 conti-

1042 1662 1124 1706 gerit
1145 1664 1306 1696 attentari.

1086 1720 1103 1761 g
1124 1718 1153 1752 7.
1177 1719 1333 1758 Quocirca
1355 1719 1527 1752 venerabili
1551 1719 1639 1752 fratri
1661 1719 1784 1753 archie-

1040 1772 1174 1817 piscopo
1199 1773 1329 1813 Goano,
1354 1783 1389 1805 ac
1415 1772 1538 1806 dilectis
1560 1772 1633 1806 filiis
1659 1772 1784 1806 vicariis

1041 1826 1292 1870 provincialibus
1323 1825 1478 1859 Ordinum
1517 1826 1650 1859 fratrum
1683 1827 1783 1860 saneti

1040 1880 1199 1914 Dominici
1227 1886 1255 1913 et
1288 1880 1419 1913 fratrum
1446 1880 1660 1918 Eremitarum
1683 1880 1783 1913 sancti

1042 1933 1210 1977 Augustini
1243 1933 1474 1967 committimus
1506 1939 1535 1966 et
1568 1934 1781 1971 mandamus,

1042 1993 1200 2031 quatenus
1221 1987 1291 2030 ipsi,
1312 1987 1358 2019 vel
1381 1986 1456 2027 duo,
1481 1992 1535 2020 aut
1555 1997 1638 2020 unus
1655 1997 1780 2025 eorum,

1042 2051 1100 2085 per
1120 2051 1163 2081 sc,
1189 2040 1235 2074 vel
1261 2041 1379 2079 alium,
1405 2051 1460 2074 seu
1486 2040 1577 2082 alios,
1600 2046 1784 2084 praesentes

1042 2094 1162 2128 litteras
1183 2100 1213 2126 et
1245 2094 1275 2126 in
1297 2093 1342 2127 eis
1363 2099 1513 2127 contenta
1534 2104 1780 2137 quaecumque,

1042 2148 1096 2180 ubi
1115 2153 1146 2180 et
1162 2147 1292 2191 quando
1311 2157 1390 2191 opus
1409 2147 1516 2187 fuerit,
1534 2153 1564 2180 et
1581 2147 1707 2190 quoties
1725 2158 1783 2191 pro

1042 2206 1133 2244 parte
1151 2201 1226 2234 dicti
1245 2207 1273 2233 et
1295 2211 1353 2245 pro
1375 2207 1519 2245 tempore
1538 2200 1700 2233 existentis
1717 2201 1784 2244 epi-

1042 2254 1129 2298 scopi
1149 2254 1392 2297 Angamalensis
1410 2254 1527 2287 suerint
1555 2254 1712 2297 requisiti,
1733 2265 1784 2286 so-

1042 2307 1191 2341 lemniter
1204 2308 1413 2351 publicantes,
1431 2307 1540 2351 eisque
1555 2307 1585 2340 in
1601 2307 1783 2351 praemissis

1042 2361 1179 2394 efficacis
1200 2361 1394 2394 defensionis
1412 2360 1572 2404 praesidio
1591 2360 1783 2397 assistentes,

1041 2414 1167 2457 faciant,
1186 2414 1377 2448 auctoritate
1396 2415 1516 2454 nostra,
1539 2414 1608 2446 illos
1629 2414 1784 2457 praemis-

1042 2478 1150 2501 sorum
1176 2468 1290 2501 effectu
1316 2467 1449 2511 pacifice
1480 2467 1539 2500 frui
1572 2472 1598 2500 et
1626 2467 1780 2509 gaudere,

1042 2532 1106 2554 non
1120 2521 1340 2565 permittentes
1354 2532 1407 2554 eos
1423 2521 1562 2564 desuper
1575 2531 1592 2553 a
1606 2530 1783 2564 quoquam,

1042 2575 1152 2619 quavis
1180 2575 1387 2613 auctoritate,
1418 2574 1662 2618 quomodolibet
1692 2574 1782 2607 inde-

1041 2628 1106 2661 bite
1128 2628 1308 2662 molestari:
1334 2627 1587 2661 contradictores
1607 2637 1781 2671 quoscum-

1797 225 1846 251 An.
1863 225 1891 251 C.
1918 224 1982 252 1609

1825 396 1942 417 Clausulas.

1840 1726 1984 1753 Exeqnutores

1799 1754 1941 1779 designantur.
