2227 3241
14 2751 17 2771 v
14 2732 16 2740 -
13 2687 17 2724 „—
1 1885 16 2667 ,ff-—-—————-.—..—-..-v—

29 263 79 293 Διὶ.
93 263 122 291 C.
144 261 215 291 ¹604

27 329 48 350 in
65 325 208 352 arehiepisco-

26 356 104 382 patum.

77 2191 144 2219 Eique
158 2198 223 2214 enun-

44 2219 108 2240 ciata
128 2220 163 2241 hie
189 2226 224 2241 ec-

44 2245 118 2267 eIuIas
131 2246 224 2273 assigua-

45 2272 73 2293 vit
90 2272 111 2293 in
124 2273 224 2300 suffraga-

43 2304 100 2320 neas.

836 258 974 283 CLEMENS
999 258 1056 282 VIII
1082 258 1127 281 PP.

222 308 411 349 siderantes‚
439 318 475 342 ac
495 307 606 341 animo
631 312 662 341 et
686 306 844 340 memoria
869 317 962 350 repe-

223 368 348 403 tentes,
374 361 461 406 quod
493 361 571 395 alias
595 360 696 394 felicis
729 358 964 393 recordationis

223 415 397 459 Gregorius
409 415 477 449 XIII
498 415 729 459 praedecessor
746 420 866 455 noster,
884 413 966 446 mul-

224 469 263 503 tis
275 469 466 513 magnisque
488 468 647 502 Ecclesiae
667 467 876 502 Bononiensis
891 476 966 509 erga

224 521 340 556 Sedem
361 522 579 567 Apostolicam
601 521 724 555 meritis
745 521 913 560 adductus,
931 531 967 554 ac

224 575 379 619 singulari
400 576 432 609 in
457 575 595 620 patriam
616 585 707 608 suam
727 585 839 608 amore
857 574 966 607 incen-

224 640 289 671 sus,
304 635 341 663 ut
358 629 412 663 illa
430 629 586 662 nimirum
601 634 688 662 tanto
709 628 811 672 magis
829 628 868 662 ad
887 628 968 662 bene

228 683 269 717 de
281 683 446 727 praedicta
458 682 539 716 Sede
558 682 748 716 merendum
770 682 969 723 incitaretur,

226 742 348 782 quanto
368 737 546 770 maioribus
566 736 734 770 beneficiis
752 736 791 769 ab
813 746 851 770 eo
872 746 905 769 se
926 735 969 768 as-

227 791 342 825 sectam
364 802 433 825 esse
454 796 683 835 cognosceret,
705 796 771 824 tum
794 790 889 823 etiam
916 789 970 834 pio

226 844 331 878 bonae
352 845 529 879 memoriae
548 844 706 879 Gabrielis
726 843 802 877 olim
825 843 855 877 S.
880 844 915 877 R.
934 843 966 876 Ε.

227 898 410 939 cardinalis,
434 899 569 933 Paleotti
590 898 787 942 nuncupati,
816 897 871 942 qui
896 903 971 931 tunc

229 951 261 985 in
278 952 428 986 humanis
445 963 543 996 agens
561 953 665 987 dictae
685 952 847 986 Ecclesiae
867 952 972 985 Bono-

229 1005 350 1040 niensis
370 1017 407 1040 ex
424 1006 664 1051 dispensatione
681 1006 858 1050 apostolica
877 1016 972 1050 prae-

230 1065 311 1101 erat,
335 1060 508 1101 desiderio,
528 1069 654 1094 necnon
676 1061 869 1094 dilectorum
890 1060 971 1093 tilio-

232 1123 303 1146 rum
332 1112 508 1156 regiminis,
537 1120 566 1147 et
591 1114 727 1147 aliorum
755 1113 889 1147 civitatis
914 1114 971 1147 Bo-

231 1166 396 1201 noniensis
410 1167 656 1210 magistratuum
670 1167 970 1211 supplicationibus,

232 1220 368 1265 aliisque
392 1221 543 1264 gravibus
575 1221 679 1255 causis
713 1226 787 1254 tunc
819 1221 974 1265 expressis

233 1278 351 1315 motus,
374 1280 447 1318 post
477 1274 619 1308 habitam
642 1285 713 1308 cum
737 1274 890 1308 fratribus
910 1275 975 1308 suis

233 1327 375 1361 eiusdem
397 1328 427 1362 S.
451 1328 487 1361 R.
510 1328 544 1361 E.
570 1328 789 1361 cardinalibus
814 1333 973 1361 maturam

233 1381 523 1421 deliberationem,
557 1381 595 1414 de
625 1381 754 1414 illorum
786 1381 920 1415 consilio
946 1387 977 1414 et

233 1434 430 1478 apostolicae
449 1434 617 1478 potestatis
638 1434 851 1478 plenitudine,
876 1445 971 1478 prac-

234 1487 353 1521 dictam
381 1488 556 1521 Ecclesiam
588 1488 825 1521 Bononiensem
852 1487 883 1520 in
911 1498 977 1521 ine-

235 1541 476 1585 tropolitanam,
492 1547 523 1575 et
537 1541 622 1574 illius
634 1542 743 1575 sedem
759 1541 976 1585 episcopalem

235 1595 267 1628 in
296 1595 604 1640 archiepiscopalem
627 1606 664 1628 ac
689 1594 924 1638 archiepiscopi
947 1600 974 1627 et

237 1756 400 1797 existente,
424 1756 478 1800 qui
496 1756 584 1800 pallii
603 1761 634 1789 et
653 1755 757 1789 crucis
777 1766 869 1788 usum
890 1766 979 1788 more

237 1810 374 1844 aliorum
422 1809 744 1854 archiepiscoporum
792 1809 975 1851 haberet¹,

237 1863 453 1907 omnibusque
473 1863 544 1896 aliis
565 1863 744 1905 insignibus
762 1862 979 1907 archicpisco-

236 1916 376 1961 palibus,
391 1928 450 1951 nec
468 1927 531 1950 non
546 1916 734 1960 privilegiis,
752 1917 931 1950 honoribus
949 1922 977 1950 et

236 1971 468 2015 praerogativis
491 1971 561 2004 aliis
588 1970 839 2014 archiepiscopis
864 1971 979 2005 debitis

237 2032 267 2059 et
291 2025 451 2059 concessis
480 2025 650 2068 gauderet)
677 2035 736 2069 per
760 2036 833 2058 snas
857 2025 980 2058 litteras

236 2085 394 2124 perpetuo
416 2079 552 2113 erexerit
573 2085 604 2112 et
624 2079 808 2118 instituerit,
829 2089 865 2112 ac
887 2079 979 2113 titulo

237 2138 268 2166 et
292 2132 416 2166 honore
441 2132 709 2176 archiepiscopali
735 2138 765 2165 et
791 2133 978 2176 metropoli-

237 2192 312 2221 tano
337 2186 546 2227 decoraverit,
575 2197 632 2219 nec
656 2196 721 2219 non
746 2186 976 2227 placentinam,

238 2240 444 2274 parmensem
460 2269 467 2282 ‚
504 2241 711 2283 Regiensem,
742 2240 952 2274 Mutinensem
970 2268 977 2279 ‚

238 2294 431 2328 Imolensem
448 2322 455 2335 ,
483 2294 685 2328 Cervienscm
712 2300 742 2328 ct
777 2294 979 2327 Cremcnsein

239 2348 401 2390 ecclesias,
425 2359 604 2392 earumque
628 2347 775 2381 omnium
794 2352 824 2381 et
841 2347 981 2389 singula-

237 2411 308 2435 rum
328 2401 469 2436 civitates
489 2408 520 2436 et
537 2402 712 2442 dioeceses,
737 2412 809 2435 cnm
831 2401 981 2435 omnibus

239 2455 414 2499 etsingutis
434 2456 499 2490 suis
514 2455 696 2495 territoriis,
713 2455 818 2493 cleris,
839 2455 978 2499 populis,

239 2519 277 2542 ac
300 2509 489 2552 collegiatis,
518 2508 758 2553 parochialibus
784 2514 815 2541 ct
834 2508 905 2541 aliis
931 2519 982 2541 ec-

242 2561 364 2604 clesiis,
390 2573 449 2596 nec
482 2573 546 2596 non
581 2562 785 2595 monasteriis
815 2561 982 2604 utriusque

283 2678 291 2703 t
316 2677 435 2705 Erronee
455 2679 519 2705 edit-
533 2678 610 2705 Main.
640 2677 705 2713 legit
722 2678 821 2704 haberi
840 2679 866 2711 (n
898 2677 946 2709 r).

997 316 1108 345 sexus,
1137 305 1339 349 caeterisque
1367 303 1533 338 beneficiis
1565 309 1596 337 et
1628 303 1742 337 officiis

999 359 1234 399 ecclesiasticis,
1251 369 1323 392 cum
1339 361 1416 392 cura
1437 363 1467 391 et
1484 358 1552 391 sine
1567 360 1656 398 cura,
1672 367 1742 390 sae-

1000 413 1163 446 cularibus
1188 418 1219 445 et
1247 412 1435 458 quorumvis
1460 411 1616 445 Ordinum
1648 421 1743 454 regu-

1000 466 1132 506 laribus,
1161 477 1198 499 ac
1222 466 1449 510 hospitalibus,
1478 465 1646 506 domibus,
1676 464 1742 498 col-

1001 519 1092 562 legiis
1108 525 1138 553 et
1151 519 1230 553 locis
1243 519 1401 562 religiosis
1415 519 1685 563 quibuscumque,
1703 518 1742 551 ab

1002 573 1146 606 eiusdem
1179 573 1270 606 Sedis
1300 573 1503 617 Apostolicae
1535 572 1742 613 immediate,

1001 627 1066 660 sive
1086 626 1217 660 alterins
1238 626 1482 671 cuiuscumque,
1506 626 1600 660 etiam
1624 631 1746 659 metro-

1002 680 1151 724 politani,
1175 680 1376 714 subiectione
1401 681 1497 714 etiam
1519 685 1678 725 perpetuo
1699 680 1746 714 di-

1004 734 1113 768 viserit
1138 741 1169 768 et
1193 735 1399 779 separaverit,
1428 735 1573 779 illasque,
1601 745 1661 769 nec
1681 744 1746 768 non

1005 799 1116 822 earum
1138 788 1282 822 civitates
1300 795 1329 822 et
1347 789 1521 829 dioeceses,
1543 788 1694 832 deinceps
1714 788 1746 821 in

1005 842 1172 887 provincia
1190 842 1383 876 Bononiensi
1403 842 1577 876 consistere
1591 853 1697 886 neque
1715 842 1747 875 in

1006 897 1067 930 alia
1088 897 1255 941 provincia
1279 897 1455 930 censendas
1480 903 1510 930 et
1530 897 1748 930 numerandas

1007 961 1075 984 esse
1100 950 1277 984 decreverit
1295 957 1325 983 et
1345 950 1574 991 declaraverim
1603 956 1633 983 et
1657 951 1749 994 (qua-

1009 1010 1099 1037 tenus
1116 1004 1206 1037 alteri
1223 1003 1407 1047 provinciae
1420 1014 1476 1037 seu
1494 1003 1749 1048 archiepiscopo,

1008 1057 1103 1091 etiam
1121 1058 1351 1091 Mediolanensi
1369 1064 1400 1091 et
1416 1057 1663 1098 Ravennatensi,
1685 1064 1749 1091 tam

990 1139 992 1146 ⁴
1008 1112 1142 1156 antiquo
1157 1112 1238 1153 iure,
1251 1111 1494 1153 consuetudine,
1507 1111 1687 1155 privilegio,
1702 1111 1749 1143 vel

1008 1166 1139 1200 alterius
1157 1166 1346 1210 metropolis
1363 1166 1526 1199 erectione
1543 1165 1607 1199 sive
1625 1165 1751 1199 institu-

1009 1221 1106 1261 tione,
1128 1230 1224 1264 quam
1243 1219 1311 1252 iure
1330 1219 1495 1253 electionis
1516 1229 1553 1252 ex
1573 1219 1654 1252 sacri
1671 1218 1752 1252 Con-

1009 1274 1074 1306 cilii
1087 1272 1264 1306 Tridentini
1284 1273 1414 1306 decreto
1432 1272 1532 1306 sactae
1546 1272 1566 1313 ¹,
1590 1272 1638 1305 vel
1660 1272 1748 1313 alias,

992 1356 994 1367 ,
1010 1327 1120 1371 quavis
1144 1327 1270 1360 ratione
1292 1331 1322 1360 et
1340 1329 1446 1367 causa,
1471 1332 1565 1359 antea
1581 1326 1751 1359 adiunctae

1010 1386 1106 1424 atque
1126 1380 1301 1420 subiectae,
1322 1380 1354 1413 in
1375 1385 1443 1413 toto
1461 1380 1510 1413 vel
1531 1380 1563 1412 in
1581 1386 1684 1424 parte,
1705 1390 1752 1413 cs-

1010 1441 1080 1468 sent
1101 1435 1149 1467 vel
1176 1439 1396 1475 censerentur,
1425 1434 1489 1467 sive
1511 1433 1544 1466 in
1563 1433 1648 1467 illius
1672 1444 1749 1478 pos-

1011 1488 1163 1528 sessione,
1181 1488 1228 1521 vel
1243 1487 1345 1531 quasi,
1362 1497 1394 1520 se
1408 1497 1476 1521 esse
1490 1487 1753 1531 praetenderent)

1011 1542 1051 1574 ab
1073 1541 1162 1574 omni
1180 1541 1266 1574 illius
1279 1552 1336 1574 seu
1354 1540 1486 1574 alterins
1506 1540 1691 1584 provinciae
1704 1540 1753 1573 vel

994 1630 996 1647 2
1012 1594 1246 1639 archiepiscopi
1265 1595 1360 1628 etiam
1379 1594 1625 1628 Mediolanensis
1643 1599 1674 1627 et
1693 1594 1753 1627 Ra-

236 1648 474 1693 metropolitani
490 1649 599 1682 sedem
619 1653 713 1692 atque
726 1648 911 1692 provinciae
926 1659 977 1681 ca·
994 1649 996 1677 ἶ

235 1709 293 1747 put
312 1703 386 1747 (pro
404 1702 471 1736 eius
489 1702 733 1746 archiepiscopo
753 1712 812 1746 pro
834 1708 978 1746 tempore
995 1698 996 1710 ³

1012 1648 1214 1682 vennatensis
1228 1653 1283 1681 aut
1302 1648 1430 1682 illorum
1450 1648 1666 1692 capitulorum
1685 1647 1754 1681 iure

1013 1703 1268 1747 metropolitico,
1296 1702 1497 1736 correctione
1512 1730 1519 1743 ‚
1548 1701 1729 1735 visitatione
1744 1729 1751 1742 ‚

1013 1758 1213 1792 subiectione
1239 1763 1269 1790 et
1293 1767 1498 1801 quacumque
1527 1756 1590 1790 alisi
1620 1755 1752 1789 iurisdi-

995 1834 997 1843 .
1013 1812 1119 1845 ctione
1133 1817 1163 1845 et
1176 1810 1413 1855 superioritate‚
1429 1810 1453 1843 si
1469 1820 1532 1854 qua
1546 1810 1654 1843 forsan
1669 1819 1757 1843 occa-

1013 1865 1103 1898 sione
1123 1863 1225 1897 illius*z
1242 1863 1460 1908 competiisset
1476 1863 1522 1896 vel
1543 1867 1752 1906 competeret,

1013 1919 1163 1953 similiter
1182 1924 1341 1963 perpetuo
1366 1917 1522 1952 exemerit
1547 1923 1577 1950 et
1600 1917 1756 1950 liberave-

1014 1974 1072 2013 rit,
1096 1984 1156 2007 nec
1177 1983 1243 2006 non
1268 1972 1371 2006 dictae
1390 1971 1544 2005 ecclesiae
1561 1970 1755 2004 Bononiensi

1014 2027 1195 2071 praedictas
1209 2025 1441 2067 placentinam,
1458 2025 1679 2065 parmensem,
1698 2024 1757 2057 Be-

1014 2081 1170 2123 gienscm,
1197 2079 1423 2119 Mutinensem,
1451 2078 1657 2118 Imolensem,
1685 2077 1757 2110 Cer-

1014 2133 1154 2167 viensem
1180 2138 1211 2166 et
1230 2133 1434 2166 Cremensein
1457 2131 1599 2164 civitates
1619 2137 1650 2164 et
1669 2131 1758 2164 dioe-

1014 2198 1101 2220 ceses
1125 2197 1184 2230 pro
1208 2188 1265 2219 sua
1291 2185 1541 2229 metropolitana
1568 2183 1753 2228 provincia,

1014 2251 1050 2273 ac
1063 2240 1295 2280 Placentinam,
1313 2240 1531 2279 Parmensein,
1555 2237 1757 2280 Regiensem,

1015 2294 1239 2334 Mutinensem,
1268 2293 1472 2333 Imolensein,
1500 2291 1701 2326 Cerviensem
1728 2296 1757 2323 ct

1015 2349 1219 2382 Cremensem
1241 2346 1392 2381 ecclesias
1409 2345 1602 2390 praedictas,
1630 2354 1757 2377 earnm-

997 2411 1078 2446 :que
1114 2402 1292 2444 singulares
1328 2401 1493 2445 praesules
1530 2405 1604 2432 tunc
1636 2404 1666 2431 et
1698 2408 1757 2442 pro

1017 2461 1161 2498 tempore
1182 2454 1362 2494 existentes,
1380 2464 1439 2498 pro
1457 2453 1521 2486 suis
1542 2464 1578 2485 ac
1598 2462 1658 2496 pro
1679 2457 1758 2485 tem-

1016 2520 1093 2552 pore
1112 2508 1272 2542 cxistentis
1292 2506 1527 2551 archicpiscopi
1548 2505 1758 2539 Bononiensis

1052 2588 1062 2614 t
1088 2586 1207 2614 Erronee
1222 2586 1277 2614 edit
1293 2586 1372 2613 Main.
1389 2586 1454 2619 legit
1469 2586 1543 2620 sacto
1558 2585 1659 2618 (n.·1·.).

1052 2632 1066 2657 *2
1089 2631 1125 2658 Ex
1146 2633 1238 2658 tlunst.
1265 2631 1343 2666 Greg⁴
1368 2631 1427 2657 xttl
1453 2629 1595 2664 legendum
1621 2629 1711 2664 potins
1734 2629 1759 2655 si

1018 2685 1074 2710 ιμια
1089 2679 1187 2711 {msam
1206 2677 1306 2709 quavis
1321 2676 1465 2702 occasione
1487 2675 1564 2702 itti...
1582 2674 1620 2709 (R.
1637 2676 1685 2708 τ.).

1643 243 1707 279 147
1754 253 1804 282 An.
1820 255 1850 282 c.
1872 255 1940 283 1604
