2227 3241
212 280 259 306 An.
283 280 314 306 C.
333 280 400 308 1600

247 996 314 1021 Atque
334 992 394 1014 illiu-

208 1023 279 1042 mendi
295 1022 393 1051 quatqor-

208 1049 275 1069 decim
284 1053 394 1068 eanonica-

207 1077 239 1095 tus
248 1076 275 1095 ait
283 1074 393 1095 ecetesiam

208 1102 233 1122 da
257 1101 332 1122 Rosoir
346 1106 393 1126 per-

207 1129 303 1149 tinentes.

447 271 511 305 504

411 340 480 362 eam
512 328 722 373 personaliter
753 328 935 367 resideant,
971 328 1146 371 horasque,

412 388 473 415 tam
496 382 626 414 diurnas
646 391 741 425 quam
764 387 951 421 nocturnas,
971 391 1006 413 ac
1021 381 1148 414 missam

410 435 674 475 conventualem,
703 440 894 478 caeteraque
915 434 1020 467 divina
1045 434 1150 467 officia

409 487 501 519 solita
522 492 548 519 et
572 493 733 528 consucta,
758 498 829 520 cum
851 487 965 521 mentis
981 487 1151 520 devotione

409 546 438 572 et
455 540 643 580 attentione,
663 543 851 585 servataque
865 541 1031 585 disciplina
1051 540 1151 574 cccle-

408 593 545 634 siastica,
568 594 607 627 ad
626 594 724 628 instar
741 594 877 627 aliarum
905 595 1147 638 collegiatarum

408 646 614 679 ecclesiarum
641 647 827 681 huiusmodi
849 648 1034 689 decantent,
1063 648 1147 682 rcci-

408 704 472 731 tcnt
488 705 518 732 et
533 700 708 742 celebrent,
720 701 847 745 illisque
861 701 1017 743 intersint,
1031 707 1061 734 et
1073 701 1150 734 alias

408 753 511 786 dictae
532 764 633 787 novae
655 755 843 797 collegiatae
865 755 1018 789 ccclesiae
1041 755 1071 787 in
1097 755 1147 788 di·-

407 806 488 839 vinis
512 807 718 841 laudabiliter
743 809 953 852 deserviant),
978 813 1146 852 perpetuO,

407 859 475 893 sine
499 860 634 894 alicuius
655 856 866 904 praeiudicio,
883 862 1073 895 auctoritate
1099 872 1151 896 no-

407 915 472 946 stra
493 913 597 957 erigas
619 920 649 947 et
670 915 836 956 instituas,

453 967 512 1009 §4-
525 967 654 1012 lllisque
668 968 713 1002 sic
727 969 842 1002 erectis
857 974 888 1002 et
902 969 1064 1010 institutis,
1077 979 1151 1013 qua-

411 1020 588 1053 tuordecim
617 1022 823 1055 canonicatus
848 1028 877 1055 et,
904 1022 1035 1056 totidem
1065 1032 1153 1066 prae-

409 1073 530 1107 bendas
548 1074 651 1107 dictae
669 1075 823 1108 ccclesiae
844 1075 882 1108 de
903 1075 1016 1108 Rosoir
1030 1074 1096 1119 (qui
1113 1075 1151 1108 de

408 1127 667 1172 iurepatronatus
693 1128 767 1161 dicti
787 1129 876 1162 ducis
901 1140 937 1162 ex
963 1129 1150 1162 fundatione

407 1181 454 1213 vel
474 1181 637 1214 dotatione
656 1181 841 1215 huiusmodi
855 1182 1004 1223 existunt,
1021 1193 1057 1215 ac
1075 1193 1151 1226 quo-

406 1244 477 1267 rum
504 1234 706 1277 singulorum
736 1235 880 1268 omnium
916 1236 1047 1275 fruetus,
1079 1236 1149 1268 red-

406 1287 491 1321 ditus
512 1294 541 1320 et
566 1294 740 1332 proventus
761 1288 870 1331 viginti
890 1294 1039 1332 quatuor,
1060 1299 1148 1321 com-

405 1341 523 1384 putatis
544 1351 621 1374 vero
646 1341 927 1375 distributionibus
942 1342 1149 1385 quotidianis,

405 1393 636 1437 quadraginta¹
656 1394 847 1428 ducatorum
870 1395 939 1428 auri
961 1395 1000 1427 de
1018 1395 1147 1429 Camerti

404 1446 559 1480 similium
580 1448 758 1481 secundum
774 1448 1041 1482 existimationem
1060 1459 1149 1492 prae-

406 1499 525 1533 dictam
548 1501 690 1534 valorem
712 1512 867 1540 annuum,
897 1507 932 1534 ut.
957 1501 1060 1535 dictus
1085 1502 1143 1535 Ca-

406 1553 494 1586 rolus
516 1554 577 1587 dux
606 1555 742 1595 asserit,
779 1565 842 1588 non
871 1555 1041 1598 excedunt)
1059 1555 1145 1598 (cum

406 1606 476 1640 illos
512 1607 619 1651 primo
655 1608 747 1642 loco*²
784 1619 841 1653 per
874 1619 1014 1649 cessum,
1049 1609 1144 1641 etiam

405 1671 441 1693 ex
470 1663 565 1694 causa
602 1662 871 1705 permutationis,
900 1663 947 1695 vel
979 1663 1144 1696 dec-essum

404 1724 460 1747 seu
497 1715 676 1758 quamlibet
711 1715 805 1749 aliam
840 1716 1060 1749 dimissionem
1098 1716 1144 1749 vel

405 1768 610 1802 amissionem
650 1779 706 1802 seu
745 1769 956 1813 privationem
996 1770 1067 1802 illos
1106 1770 1144 1803 ad

404 1831 557 1865 praesens
578 1821 804 1862 obtinentium,
829 1828 880 1856 aut
903 1823 991 1862 alias,
1016 1822 1145 1866 quando

405 1875 500 1907 etiam
527 1875 613 1919 apud
638 1875 752 1909 Sedem
775 1875 1004 1919 Apostolicam,
1031 1886 1087 1908 scu
1113 1886 1145 1908 e-

405 1928 480 1961 tiam
515 1929 545 1961 in
575 1939 782 1973 quocumque
812 1930 860 1962 vel
887 1929 1146 1973 quibuscumque

405 1992 441 2015 ex
467 1982 631 2016 mensibus
656 1983 749 2016 nohis
774 1988 805 2016 et
829 1983 974 2016 Romano
997 1982 1144 2016 Pontifici

403 2046 464 2080 pro
486 2042 630 2081 tempore
652 2037 797 2070 existenti
818 2047 854 2070 ac
877 2037 981 2070 dictae
996 2037 1074 2084 >Sedi
1089 2048 1146 2081 per

404 2100 626 2134 quascumque
668 2090 914 2124 constitutiones
953 2091 1145 2135 apostolicas

403 2144 452 2176 vel
475 2143 691 2178 Cancellariae
709 2144 911 2188 Apostolicae
932 2144 1059 2186 regulas
1080 2144 1145 2177 cdi-

406 2202 451 2230 tas
477 2202 508 2230 et
532 2197 684 2238 edendas,
707 2206 763 2231 seu
789 2197 867 2231 alias
887 2197 1142 2241 quomodolibet,

404 2250 572 2283 reservatis
604 2256 634 2284 et
665 2250 884 2291 reservandis,
913 2256 966 2283 aut
999 2251 1144 2283 locorum

403 2301 583 2336 Ordinariis
604 2308 635 2336 et
652 2303 722 2336 aliis
741 2303 986 2337 collectoribusss
1004 2313 1063 2347 per
1083 2313 1147 2336 eas-

405 2356 477 2389 dem
500 2356 547 2389 vel
578 2356 655 2389 alias
684 2356 928 2389 constitutiones
954 2356 1147 2400 apostolicas

403 2419 460 2442 seu
485 2409 588 2443 dictae
609 2409 825 2443 Cancellariae
849 2410 977 2453 regulas
1001 2409 1147 2443 similiter

441 2508 452 2533 1
476 2507 560 2534 Paulo
576 2510 638 2534 ante
653 2507 665 2542 5
681 2507 698 2533 2
712 2506 855 2534 dicebatur
870 2507 1032 2541 nonaginta
1046 2508 1084 2541 (n.
1096 2507 1137 2540 T).-

440 2551 456 2577 2
476 2550 576 2579 Forsan
610 2560 659 2579 vox
678 2567 685 2574 -
695 2552 752 2579 loco
785 2558 898 2578 erronee
931 2551 1036 2578 adiecta
1069 2551 1117 2578 fuit

418 2601 445 2622 a.
460 2601 484 2621 τ.
504 2616 509 2621 .

404 2599 415 2629 i
442 2639 458 2666 3
476 2595 570 2667 llielius
585 2639 655 2668 infra
669 2640 695 2667 in
712 2639 770 2669 loco
786 2639 916 2676 parallelo
932 2640 944 2675 ς
958 2639 972 2666 7
985 2639 1149 2676 legiturcol-

407 2683 548 2712 latoribus
563 2685 602 2719 (n.
618 2685 665 2719 'r.).

990 279 1172 304 BULLARIUM
1197 280 1349 304 ROMANUM

1185 328 1285 361 editas
1306 333 1335 361 et
1355 327 1495 361 edendas
1513 334 1567 361 aut
1585 328 1707 362 litteras
1724 329 1923 362 alternativa-

1185 390 1254 413 rum
1277 380 1323 413 vel
1339 380 1468 424 quaevis
1486 380 1548 413 alia
1567 380 1731 424 privilegia
1752 386 1782 414 et
1799 381 1922 415 indulta

1185 433 1371 478 apostolica,
1395 444 1450 467 seu
1482 433 1560 466 alias
1590 433 1846 478 quomodolibet,
1864 445 1923 478 per
1970 445 1975 450 ·

1186 486 1302 519 dictam
1335 486 1449 520 Sedem
1471 486 1632 520 concessis
1663 493 1693 520 et
1713 486 1920 530 imposterum

1185 540 1410 581 concedendis,
1432 546 1486 574 aut
1506 540 1600 574 etiarn
1614 540 1653 574 de
1674 540 1742 574 iure
1759 540 1922 574 communi

1186 593 1231 626 vel
1258 593 1442 637 particulari
1472 605 1527 627 seu
1557 594 1634 628 alias
1665 604 1796 638 quoquo
1825 594 1922 628 modo

1185 647 1443 691 competcntibus
1469 652 1498 680 et
1523 648 1758 692 competitoris,
1786 658 1822 682 ac
1845 648 1923 682 alias

1185 702 1493 746 quomodocumque
1521 707 1552 735 et
1582 702 1779 746 ubicumque
1811 712 1922 736 vacare

1186 754 1372 797 contigerit,
1397 754 1510 788 etiam¹
1531 755 1603 798 ipsi,
1620 761 1673 788 aut
1691 765 1802 789 eorum
1824 755 1922 799 aliqui

1187 807 1247 839 iam
1282 808 1321 840 ad
1352 818 1504 851 praesens
1530 814 1664 850 vacent,
1688 808 1810 842 etiamsi
1837 814 1923 842 tanto

1187 866 1331 905 tempore
1351 861 1542 903 vacaverint,
1563 862 1651 906 quod
1668 872 1778 896 eorum
1794 862 1922 895 collatio

1187 913 1272 947 iuxta
1290 915 1511 948 Lateranensis
1531 920 1649 948 statuta
1666 915 1792 948 concilii
1807 915 1846 949 ad
1867 915 1923 949 Se-

1187 966 1258 999 dem
1282 967 1497 1011 Apostolicam
1515 968 1656 1011 legitime
1673 968 1833 1009 devoluta,
1848 967 1924 1011 ipsi-

1186 1030 1248 1062 que
1270 1021 1516 1064 quatuordecim
1546 1021 1754 1054 canonicatus
1778 1026 1806 1054 et
1831 1031 1923 1064 prae-

1187 1073 1309 1107 bendae
1322 1073 1522 1118 dispositioni
1535 1075 1729 1118 apostolicae
1742 1073 1924 1118 specialiter

1185 1127 1232 1160 vel
1247 1128 1440 1169 generaliter
1454 1128 1605 1162 reservati
1621 1127 1817 1169 existant‚et2
1827 1137 1924 1171 super

1185 1180 1230 1213 eis
1248 1179 1331 1214 inter
1347 1181 1471 1225 aliquos
1485 1181 1533 1223 lis,
1547 1181 1638 1215 cuius
1651 1185 1767 1214 statum
1778 1191 1924 1224 praesen-

1186 1234 1268 1267 tibus
1290 1234 1400 1268 baberi
1424 1235 1571 1268 volumus
1591 1245 1650 1278 pro
1668 1244 1828 1278 expresso,
1843 1244 1922 1278 pen-

1185 1288 1257 1320 deat
1272 1287 1426 1331 indecisa)
1448 1289 1642 1332 illorumque
1663 1299 1699 1322 ac
1720 1287 1920 1331 singulorum

1184 1350 1295 1373 eorum
1318 1341 1462 1381 nomina,
1485 1341 1603 1381 titulos,
1628 1340 1919 1381 denominationes,

1183 1394 1352 1427 essentiam
1380 1400 1409 1428 et
1433 1400 1593 1435 naturam,
1622 1395 1715 1428 etiam
1742 1400 1919 1438 perpetuo,

1183 1447 1266 1480 dicta
1280 1448 1480 1488 auctoritate,
1500 1448 1682 1492 supprimas
1700 1453 1730 1480 et
1744 1448 1921 1491 extinguas;

1183 1500 1378 1544 illorumque
1393 1501 1438 1535 sic
1458 1511 1705 1545 suppressorum
1724 1507 1754 1534 et
1771 1501 1923 1535 extincto-

1183 1556 1252 1586 rum
1268 1555 1409 1588 decimas
1428 1561 1457 1588 et
1470 1554 1639 1598 primitias,
1659 1554 1684 1587 si
1706 1554 1808 1598 quae³
1828 1555 1923 1588 habe-

1181 1613 1287 1647 antur,
1311 1608 1535 1652 proprietates,
1557 1619 1617 1649 res,
1641 1618 1754 1642 census
1772 1614 1802 1642 et
1822 1609 1918 1649 bona,

1181 1671 1360 1705 eorumque
1385 1662 1519 1701 fructus,
1549 1661 1705 1702 redditus,
1732 1666 1918 1706 proventus,

1180 1714 1260 1753 iura,
1281 1714 1491 1747 obventiones
1517 1720 1544 1748 et
1573 1715 1792 1748 emolumenta
1816 1724 1917 1759 quae-

1180 1778 1330 1811 cumque,
1355 1778 1390 1802 ex
1408 1778 1493 1800 nunc
1507 1774 1602 1812 prout
1615 1778 1650 1801 ex
1672 1774 1746 1802 tunc
1763 1773 1795 1802 et
1811 1778 1828 1803 e
1845 1778 1921 1802 con-

1181 1826 1239 1861 tra,
1253 1831 1326 1854 cum
1348 1821 1490 1864 primum
1510 1821 1581 1854 illos
1595 1827 1625 1854 et
1645 1831 1757 1854 eorum
1776 1821 1920 1864 singulos

1180 1885 1292 1908 vacare
1314 1874 1494 1917 contigerit,
1515 1880 1550 1907 ut
1574 1875 1767 1918 praefertur,
1791 1885 1920 1909 mensae

1180 1928 1346 1972 capitulari
1365 1928 1468 1962 dictae
1486 1928 1610 1962 noviter
1624 1933 1750 1962 erectae
1767 1929 1920 1963 ecclesiae

1179 1982 1327 2015 similiter
1340 1987 1496 2026 perpetuo
1513 1981 1655 2025 applices
1669 1986 1700 2015 et
1717 1983 1916 2027 appropries,

1181 2035 1222 2068 ita
1240 2035 1338 2079 quod,
1358 2035 1383 2067 si
1404 2035 1677 2079 suppressionem,
1693 2035 1919 2070 extinctionem

1180 2094 1210 2122 et
1223 2089 1471 2133 applicationem
1490 2100 1526 2123 ac
1542 2088 1840 2133 appropriationem
1861 2089 1920 2122 hu-

1182 2142 1319 2175 iusmodi
1345 2153 1402 2186 per
1423 2148 1452 2176 te
1473 2142 1581 2185 vigore
1605 2143 1823 2186 praesentium
1849 2142 1919 2176 fieri

1181 2195 1363 2238 contigerit,
1383 2201 1553 2240 postquam
1569 2196 1669 2229 factae
1686 2195 1813 2237 suerint,
1826 2195 1920 2228 liceat

1182 2248 1265 2282 illius
1287 2249 1408 2282 decano
1438 2255 1469 2282 et
1497 2249 1660 2283 canonicis
1684 2259 1743 2292 pro
1775 2254 1919 2293 tempore

1181 2301 1399 2342 existentibus,
1420 2312 1479 2346 per
1498 2312 1542 2343 se,
1559 2302 1606 2336 vel
1625 2301 1736 2343 alium,
1756 2312 1811 2335 seu
1829 2301 1918 2343 alios,

1181 2364 1292 2387 eorum
1315 2360 1346 2388 et
1366 2355 1469 2388 dictae
1492 2365 1622 2388 mensae
1647 2354 1834 2399 capitularis
1853 2364 1915 2387 no-

1182 2407 1322 2441 minibus
1342 2407 1473 2452 propria
1494 2407 1684 2441 auctoritate
1702 2406 1916 2451 corporalem,

1217 2506 1227 2532 1
1250 2504 1360 2540 Semper
1375 2504 1494 2539 intellige
1509 2503 1625 2539 quando
1639 2503 1739 2536 eciam,
1752 2502 1793 2530 vel
1805 2503 1920 2531 etiamsi

1179 2549 1353 2621 (aggerum
1367 2593 1541 2629 subintellige
1555 2592 1670 2621 etiamsi
1683 2593 1722 2628 (a.
1734 2592 1785 2627 Τ.).

1216 2638 1232 2666 3
1252 2638 1372 2666 Erronee
1394 2642 1422 2666 ut
1445 2640 1520 2674 patet
1539 2636 1604 2664 edit.
1625 2636 1704 2664 Μαίη.
1719 2636 1785 2672 legit
1804 2637 1830 2664 si
1849 2644 1920 2673 quas

1182 2683 1354 2717 habeantur;
1365 2683 1405 2710 vel
1419 2682 1563 2719 legendum
1577 2682 1602 2710 si
1615 2689 1683 2718 quas
1699 2681 1824 2711 habeant
1838 2682 1915 2717 (afr).

1937 279 1986 306 An.
2001 279 2030 307 C.
2052 279 2120 308 1609

2193 530 2206 567 *A
2187 455 2206 507 '52³4
2191 410 2203 437 .‡-·
2191 324 2206 374 „„;„„:
2196 296 2198 300 <
2193 247 2201 255 ι
2190 218 2194 230 “

2200 2441 2201 2450 ᾼ
2199 2405 2203 2423 <—
2200 2365 2202 2379 ff
2178 2143 2203 2354 &neg-24,
2185 2119 2194 2134 x-
2180 2081 2191 2091 ν
