2227 3241
67 241 116 268 An.
138 238 168 266 C.
185 238 251 266 1604

265 287 385 321 directe
404 288 453 321 vel
474 287 641 328 indirecte,
660 298 718 332 per
734 297 767 320 se
780 287 828 320 vel
846 286 937 327 alios,
961 298 1011 320 ve-

264 341 345 383 nire,
359 341 406 374 vel
425 341 537 386 quovis
555 341 700 386 quaesito
718 341 837 381 colore,
854 340 900 373 vel
919 350 1012 384 prae-

265 399 353 427 textu
371 405 404 428 se
425 405 458 428 se
478 405 644 439 opponere
666 394 831 435 auderent,
848 399 901 427 aut
919 404 1010 438 prae-

265 454 429 481 sumerent
443 461 450 489 3

136 512 250 534 nanzfficu
311 501 368 545 {3-
384 502 514 535 Necnon
529 501 633 535 eidem
647 501 795 545 Philippo
814 501 893 543 regi,
915 501 1010 534 etiam

67 539 251 599 {ffii'i'ffissssffissi
266 560 300 587 ut
317 555 426 588 omnia
445 560 476 588 et
495 565 719 599 quaecumque
735 554 795 588 sibi
809 554 1010 598 beneplacita

68 595 250 652 igssffi‘t'ffih‘·
265 618 320 641 seu
338 608 414 649 visa,
438 608 527 641 omni
551 613 579 641 et
601 619 806 652 quocumque
833 608 959 642 meliori
981 614 1010 641 et

265 662 440 696 efficaciori
461 663 559 696 modo
576 673 613 696 ac
630 663 679 696 via
694 663 810 704 facere,
827 663 1010 707 relinquere

265 722 295 749 et
308 716 486 760 imponere,
502 723 543 758 et,
560 727 620 761 pro
640 717 770 750 illorum
792 717 1010 751 satisfactione

266 775 296 803 et
321 770 536 814 exequutione
550 799 557 813 ,
578 771 617 804 de
645 771 839 815 supradictis
859 771 1010 806 omnibus

265 823 423 857 fructibus
438 851 445 865 ,
469 824 650 858 redditibus
671 830 701 858 et
720 825 930 869 proventibus
943 853 950 867 ,
974 836 1010 860 ac

265 876 410 919 iuribus,
441 877 690 912 obventionibus
721 884 752 912 ct
782 879 1010 913 emolumentis

263 930 523 975 quibuscumque
536 931 631 965 trium
644 942 828 966 mensarum
844 933 1011 976 magistra-

264 984 342 1017 lium
357 984 546 1019 militiarum
562 985 815 1029 praedictarum,
831 986 926 1020 etiam
938 992 1010 1031 post

264 1039 388 1072 obitum
411 1039 496 1073 illius
509 1039 729 1081 decurrendis,
747 1040 786 1073 ad
801 1041 940 1074 savorem
956 1053 1010 1074 cu-

263 1092 457 1137 iuscumque
484 1104 663 1137 personae,
688 1099 751 1127 tam
777 1095 1010 1129 ecclesiasticae

264 1158 361 1191 quam
371 1148 556 1190 saecularis,
570 1159 696 1182 necnon
708 1149 929 1191 ecclesiarum,
942 1160 1010 1184 mo-

264 1202 500 1244 nasteriorum,
524 1202 752 1247 hospitalium,
776 1203 914 1237 aliorum
941 1204 1010 1248 pio-

265 1265 338 1288 rum
364 1256 511 1290 locorum
529 1284 536 1297 ,
569 1262 635 1290 tam
666 1256 879 1290 saecularium
913 1268 1009 1301 quarn

266 1309 405 1344 cuiusvis
424 1310 562 1352 Ordinis,
580 1310 675 1344 etiam
694 1311 852 1352 militaris,
873 1316 904 1344 et
921 1311 1008 1345 Con-

265 1364 471 1407 gregafionis,
493 1365 588 1398 etiam
611 1365 878 1405 mendicantium,
899 1376 935 1399 ac
958 1376 1012 1398 cu·

266 1417 456 1462 iuscumque
470 1418 607 1452 instituti
627 1418 826 1460 regularium
841 1424 869 1451 et
883 1418 1011 1452 univer-

265 1470 406 1512 sitatum,
423 1471 519 1505 etiam
539 1471 722 1505 studiorum
744 1471 958 1514 generalium,
975 1482 1012 1505 ac

266 1525 477 1568 collegiorum
499 1531 530 1560 et
549 1525 797 1559 seminariorum
815 1553 822 1567 ,
845 1536 903 1570 per
928 1526 1011 1559 viam

265 1578 415 1613 similiter
435 1578 668 1623 cuiuscumque
693 1579 924 1623 dispositionis,
948 1585 1010 1613 tam

267 1632 351 1666 inter
370 1632 456 1666 vivos
474 1643 571 1677 quam
593 1643 629 1666 ex
649 1634 745 1666 caus-21
767 1633 890 1673 mortis,
915 1639 945 1666 ct
965 1634 1011 1666 al-

266 1686 366 1719 terius
388 1686 624 1730 cuiuscumque
642 1686 752 1729 (etiam
776 1686 807 1718 in
829 1686 942 1719 mortis
962 1698 1011 1720 ar-

267 1739 365 1773 ticulo
378 1739 556 1783 faciendae)
570 1740 808 1781 declarationis,
826 1740 1009 1784 disponere,

267 1794 464 1838 eosdemque
479 1794 610 1835 fructus,
624 1794 769 1828 redditus
791 1800 819 1828 ct
840 1800 1014 1838 proventus

267 1859 304 1882 ac
324 1848 406 1889 iura,
422 1848 633 1882 obventiones
650 1854 680 1882 et
701 1849 923 1882 emolumenta
944 1848 1012 1881 uni-

268 1913 357 1936 versa
373 1930 380 1944 ,
415 1913 474 1946 pro
509 1902 675 1947 praedicta
704 1903 883 1945 legatorum
917 1909 1014 1948 atquc

267 1967 404 1991 onerum
419 1957 649 1998 satisfactione,
667 1963 697 1990 et
714 1968 814 2001 usquc
829 1958 869 1991 ad
884 1957 1012 1991 illorum

269 2011 491 2045 omnimodam
507 2011 770 2055 exequutionem,
791 2011 939 2045 similiter
957 2023 1013 2056 ap-

269 2065 409 2110 plicare,
437 2066 582 2108 obligare
611 2071 639 2098 ct
666 2065 884 2109 hypothecare
914 2065 1014 2099 libere

270 2125 302 2153 et
314 2119 400 2153 licite
414 2125 520 2163 posset
534 2124 564 2152 et
582 2119 712 2159 valeret,
730 2119 920 2152 auctoritate
939 2130 1015 2163 apo-

271 2173 384 2206 stolica
403 2173 585 2206 facultatem
608 2172 836 2206 concessimus.
976 2201 979 2203 Α

77 2230 258 2284 ειῗιῧξῧῐέἔιίηξξῐὶξ
318 2227 334 2269 ξ
353 2226 383 2259 lt.
407 2226 444 2259 Et
461 2226 683 2267 nihilominus,
701 2226 725 2259 si
743 2226 827 2259 idem
851 2226 1016 2270 l‘liilippus

77 2285 259 2339 ifffatffoe'ss'ess'wii
274 2290 327 2313 rex
348 2279 533 2313 huiusmodi
549 2290 601 2313 aes
614 2279 755 2312 alienum
778 2280 1012 2319 declaravissct,

78 2341 146 2360 *Μοῖ-
273 2335 377 2377 legata
396 2334 522 2368 fecisset
550 2340 580 2367 et
608 2344 707 2367 onera
736 2334 962 2377 imposuisset,
987 2340 1013 2367 ct

275 2393 380 2421 tamen
402 2388 441 2421 de
462 2387 554 2421 dictis
575 2387 732 2421 fructibus
748 2414 755 2427 ,
779 2386 959 2420 redditibus
986 2393 1016 2420 et

274 2441 498 2485 proventibus,
524 2453 559 2474 ac
588 2441 733 2481 iuribus,
758 2440 1015 2482 obventionilms,

274 2500 306 2528 et
325 2495 564 2534 emolumentis,
585 2495 632 2528 vel
655 2495 685 2527 111
708 2500 775 2528 toto
793 2495 840 2528 vel
860 2495 890 2527 in
910 2494 1017 2538 aliquit

275 2554 364 2592 parte
382 2549 514 2583 minime
529 2549 748 2593 disposuisset,
763 2559 823 2582 nec
841 2559 896 2582 cos
909 2554 962 2582 aut
981 2560 1018 2582 ca

276 2603 507 2646 applicavisset,
532 2603 733 2646 obligavisset
761 2608 788 2635 et
817 2602 1014 2646 hypotheca-

276 2656 379 2697 visset,
403 2663 437 2690 ut
458 2658 646 2701 praefertur,
664 2657 837 2698 voluimus,
858 2657 1018 2701 disposui-

892 239 1033 262 CLEMENS
1055 239 1111 263 v111
1132 241 1182 264 PF.

1046 298 1127 328 mus,
1148 294 1243 332 atque
1265 288 1485 331 decrevimus,
1509 294 1543 323 ut
1562 288 1623 333 ipsi
1643 288 1675 322 in
1696 300 1788 333 prae-

1046 342 1138 375 dictis
1163 343 1270 385 regnis
1297 343 1552 388 militiai-umque
1581 343 1788 377 administra-

1046 393 1188 427 tionibus
1208 405 1420 436 successores,
1444 406 1504 439 pro
1521 395 1686 440 praedicta
1707 396 1789 429 aeris

1046 447 1141 479 alieni
1162 448 1321 482 solutione
1337 477 1344 489 ,
1365 455 1395 482 et
1413 460 1471 493 pro
1490 449 1636 482 omnium
1660 450 1786 492 legato-

1045 511 1115 534 rum
1128 502 1369 544 praedictorum
1382 503 1596 536 satisfactione
1610 508 1639 536 et
1651 513 1790 547 exequu-

1046 554 1133 587 tione
1152 555 1299 597 integrali
1315 584 1322 597 ‚
1346 563 1502 601 perpetuo
1530 557 1663 599 obligati
1686 563 1788 590 essent

1045 614 1074 641 et
1089 619 1156 642 esse
1171 616 1394 643 censerentur:
1414 611 1566 655 quodque
1584 611 1678 644 etiam
1697 621 1790 655 prae-

1044 663 1121 696 dicti
1143 674 1254 697 omnes
1275 664 1415 705 fructus,
1439 665 1584 699 redditus
1605 672 1632 699 et
1651 675 1789 709 proven-

1046 722 1105 757 tus,
1130 728 1166 750 ac
1184 718 1265 758 iura,
1289 718 1499 752 obventiones
1520 725 1550 752 et
1568 719 1790 752 emolumenta

1044 771 1205 813 universa,
1229 772 1378 806 similiter
1399 773 1569 817 applicata,
1594 773 1735 816 obligata
1760 779 1789 806 et

1044 824 1259 870 hypothecata
1278 832 1437 870 perpetuo
1458 832 1664 860 remanerent
1684 833 1714 860 et
1733 838 1787 860 re-

1044 890 1176 913 manere
1203 880 1369 921 deberent,
1394 881 1497 914 donec
1524 881 1693 925 praedicti,
1725 886 1789 914 tam

1044 933 1219 967 creditores
1245 945 1341 978 quam
1370 934 1539 977 legatarii,
1572 940 1668 978 atque
1690 935 1732 975 ii,
1757 935 1789 967 in

1044 998 1182 1032 quorum
1197 988 1338 1022 favorem
1357 998 1457 1021 onera
1477 988 1641 1032 praedicta
1656 999 1788 1032 compo-

1044 1047 1215 1082 nerentur,
1226 1041 1350 1085 integre
1364 1042 1516 1075 satisfacti
1532 1042 1676 1083 fuissent,
1693 1048 1790 1086 prout

1043 1095 1235 1130 auctoritate
1256 1095 1434 1140 apostolica
1455 1107 1490 1130 ex
1513 1102 1587 1129 tunc
1607 1095 1790 1140 specialiter

1044 1156 1075 1184 et
1096 1160 1245 1194 expresse
1273 1149 1506 1194 applicavimus
1521 1177 1528 1191 ,
1553 1149 1789 1192 obbligavimus

1045 1210 1075 1237 et
1103 1204 1400 1248 hypothecavimus,
1425 1214 1460 1236 ac
1486 1203 1674 1248 applicatos,
1702 1203 1785 1236 obli-

1045 1263 1135 1301 gatos
1160 1263 1190 1291 et
1215 1257 1447 1302 liypothecatos
1472 1268 1539 1291 esse
1565 1257 1784 1291 decrevimus:

1689 230 1754 263 115
1800 240 1850 267 An.
1869 240 1984 268 (3.1604

1844 1268 1926 1289 Additis
1945 1273 1990 1287 am-

1804 1296 1902 1322 plissimis
1922 1295 1991 1315 facul-

1046 1313 1158 1346 dantes
1178 1312 1284 1345 eidem
1305 1311 1455 1355 Philippo
1476 1312 1543 1354 regi
1565 1312 1787 1345 omnimodam
1805 1323 1890 1343 tatibus.

1045 1365 1270 1399 auctoritatem
1285 1371 1316 1398 et
1329 1365 1512 1399 facultatem
1527 1366 1709 1410 praedictos
1723 1376 1790 1399 cre-

1046 1420 1179 1461 ditores,
1202 1419 1387 1462 legatarios‚
1409 1425 1440 1452 et
1453 1430 1508 1453 eos
1529 1420 1569 1453 ad
1587 1430 1726 1463 quorum
1747 1420 1791 1452 fa-

1045 1484 1155 1507 vorem
1176 1473 1343 1517 praedicta
1361 1483 1460 1506 onera
1482 1473 1739 1517 imponerentur,
1758 1473 1789 1505 in

1045 1527 1282 1571 possessionem
1301 1526 1543 1570 praedictorum
1562 1525 1707 1559 omnium
1728 1527 1792 1559 sru-

1046 1586 1166 1622 ctuum,
1187 1580 1375 1613 reddituum
1395 1586 1425 1614 et
1444 1585 1673 1624 proventuum,
1691 1590 1727 1613 ac
1745 1579 1792 1613 iu-

1047 1635 1153 1675 rium,
1177 1634 1407 1668 obventionum
1437 1640 1466 1668 et
1496 1634 1791 1667 emolumentorum

1047 1689 1284 1730 universorum,
1300 1688 1396 1721 etiam
1418 1688 1658 1732 praeveniendo
1680 1688 1793 1721 mortis

1047 1743 1232 1783 articulum,
1252 1742 1350 1775 etiam
1369 1753 1428 1786 per
1448 1742 1531 1775 viam
1554 1742 1717 1775 constituti
1735 1752 1792 1786 po-

1047 1796 1166 1837 nendi,
1195 1796 1249 1840 qui
1273 1807 1385 1830 omncs
1406 1796 1536 1829 eosdem
1559 1796 1680 1828 fructus
1694 1823 1701 1837 ,
1722 1795 1791 1828 red-

1048 1851 1133 1884 ditus
1154 1856 1184 1884 ct
1204 1855 1398 1894 proventus,
1422 1860 1459 1883 ac
1479 1850 1561 1891 iura,
1585 1849 1793 1882 obventiones

1048 1910 1077 1938 et
1093 1904 1313 1937 emolumenta
1326 1903 1486 1945 universa,
1503 1914 1519 1936 a
1534 1903 1794 1947 quibuscumque

1048 1958 1195 2003 personis
1217 1958 1442 1992 ecclesiasticis
1460 1963 1488 1991 et
1510 1957 1741 1997 saecularibus,
1759 1967 1795 1989 ac

1049 2012 1187 2046 cuiusvis
1208 2012 1338 2045 Ordinis
1356 2019 1384 2045 ct
1404 2011 1643 2056 pmcdictarum
1666 2010 1794 2044 militia-

1050 2078 1121 2099 rum
1154 2072 1185 2100 et
1217 2066 1352 2099 instituti
1383 2065 1608 2108 regularibus,
1643 2075 1702 2098 nce
1730 2075 1793 2097 non

1050 2120 1204 2159 eeclesiis,
1227 2119 1368 2163 capellis,
1390 2118 1604 2159 monasteriis,
1630 2118 1795 2162 hospitali-

1051 2175 1109 2207 bus
1128 2180 1156 2206 et
1179 2173 1248 2206 aliis
1270 2173 1330 2217 piis
1351 2164 1475 2206 toeis‘et
1494 2172 1713 2209 conventibus,
1730 2176 1792 2204 tam

1050 2227 1288 2267 saecularibus,
1317 2237 1413 2270 quam
1443 2226 1668 2268 regularibus,
1697 2224 1792 2257 etiam

1050 2288 1121 2325 post
1143 2280 1268 2314 obitum
1292 2280 1390 2325 ipsius
1413 2279 1551 2323 Philippi
1570 2279 1654 2322 regis
1671 2279 1789 2312 decur-

1051 2335 1168 2368 rendos
1184 2363 1191 2375 ,
1218 2345 1320 2378 usque
1352 2335 1392 2368 ad
1425 2333 1613 2376 integralem
1650 2333 1792 2376 ipsorum

1051 2388 1303 2422 satisfactionem
1326 2395 1354 2421 et
1382 2387 1648 2431 exequutionem,
1673 2386 1794 2429 absque

1053 2442 1126 2476 vitio
1140 2443 1233 2486 spolii
1249 2447 1279 2476 et
1296 2448 1537 2481 attentatorum‚
1556 2452 1591 2474 ac
1610 2440 1704 2473 etiam
1724 2441 1794 2473 abs-

1052 2506 1114 2540 que
1135 2496 1236 2539 ipsius
1255 2495 1396 2539 Philippi
1418 2495 1501 2537 regis
1522 2495 1552 2527 in
1574 2494 1667 2527 dictis
1688 2494 1794 2537 regnis

1052 2549 1294 2593 miltiarumque
1316 2547 1650 2581 administrationibus
1670 2558 1794 2581 succes-

1052 2612 1160 2635 sorum
1182 2603 1229 2635 vel
1248 2602 1384 2636 aliorum
1399 2611 1682 2645 quormncumque
1696 2600 1794 2633 licen-

1054 2656 1106 2697 tia,
1131 2667 1300 2695 consensu,
1324 2662 1375 2690 aut
1399 2655 1498 2696 scitu,
1523 2656 1664 2699 exigere,
1688 2655 1793 2689 levare
