2227 3241
216 281 265 308 An.
282 280 311 307 c.
335 279 400 308 1608
447 270 509 305 538

240 554 294 574 Huic
313 557 398 577 congre-

215 582 293 605 gationi
315 579 398 604 printe-

215 612 249 632 μ]
268 606 338 626 emnia
361 605 398 625 Or-

232 638 270 652 inis
285 638 397 652 cernimini-

215 663 295 680 ruilur.

986 277 1165 302 BULLARIUM
1190 277 1342 302 ROMANUM

1937 277 1986 305 An.
2002 277 2031 306 C.
2052 277 2120 306 1608
2170 285 2196 307 ·1

414 330 453 361 ad
490 326 686 371 praedictam
723 325 1012 368 Congregationem
1052 325 1151 358 sancti
1185 325 1261 358 bere
1286 330 1316 358 et
1340 324 1425 358 licite
1451 324 1573 369 possint
1597 330 1629 359 et
1654 325 1778 359 valeant
1801 336 1838 359 ac
1862 326 1921 360 de-

416 380 502 414 Pauli
522 384 684 423 spectante
702 379 885 422 praedictus
906 378 1077 422 generalis,
1098 389 1153 411 seu
1186 379 1299 421 beant)
1317 378 1479 422 praedicta
1494 378 1684 412 auctoritate
1695 384 1852 422 perpetuo
1869 390 1925 424 pa-

415 433 466 466 alii
487 432 622 476 praelati
646 442 679 465 se
704 432 793 465 nullo
816 432 913 465 modo
939 431 1151 472 immisceant,
1187 432 1263 466 riter
1284 432 1502 472 concedimus,
1526 431 1804 466 communicamus
1823 438 1854 466 et
1871 443 1924 466 ex-

415 485 552 529 exceptis
577 485 624 526 iis⁷
649 496 731 528 quae
751 485 803 518 hic
827 485 1061 529 exprimuntur.

459 541 474 581 ξ
494 538 545 571 ll.
567 537 680 571 Omnia
697 544 863 582 praeterea
883 537 1061 582 privilegia,
1085 547 1155 581 spe-

414 591 485 625 ciali
503 600 632 634 quoque
645 592 720 623 nota
732 590 840 633 digna,
854 590 1083 630 immunitates,
1104 600 1155 623 ex-

415 644 605 688 emptiones,
633 644 806 685 libertates,
830 644 1007 684 facultates,
1027 653 1155 677 conces-

414 699 542 739 siones,
571 697 712 740 gratias,
748 704 811 731 tam
845 698 1027 741 spirituales
1059 708 1154 741 quam

416 752 620 796 temporales,
650 757 680 784 et
706 751 849 792 indulta,
878 751 973 784 etiam
1003 761 1060 795 per
1081 761 1152 784 rno-

416 806 493 839 dum
528 804 742 847 extensionis,
774 805 822 837 vel
854 804 1156 838 communicationis

415 869 487 891 cum
512 857 671 902 particula
697 858 864 898 exclusiva,
893 863 948 890 aut
972 857 1049 890 alias
1074 868 1152 890 con-

415 922 503 945 cessa
527 912 689 955 (quorum
720 911 865 945 omnium
896 917 927 944 ct
953 911 1154 953 singulorum

415 972 543 1000 tenores
572 966 796 1010 praesentibus
825 976 884 1010 pro
910 965 1064 1010 expressis
1093 965 1153 998 lia-

414 1019 484 1053 beri
510 1020 679 1062 volumus)
706 1024 736 1052 ct
768 1020 975 1053 concedenda
1007 1019 1156 1052 universo

414 1072 657 1107 Carmelitarum
676 1078 707 1105 et
723 1082 824 1105 novae
842 1071 1087 1105 Reformationis
1105 1071 1158 1104 Or-

416 1126 482 1160 dini
497 1131 528 1159 et
541 1126 706 1170 quibusvis
722 1125 792 1158 aliis
809 1127 942 1158 fratrum
961 1131 991 1158 et
1009 1135 1156 1158 sororum

415 1179 664 1213 Mendicantium
680 1185 710 1212 et
723 1189 788 1212 non
802 1179 1050 1212 Mendicantium
1065 1178 1157 1212 Ordi-

415 1234 521 1273 nibus,
538 1244 717 1277 corumque
743 1232 1059 1275 congregationibus,
1081 1242 1157 1266 con-

416 1286 584 1328 ventibus,
613 1286 783 1330 capitulis,
819 1292 849 1319 et
873 1286 1042 1329 utriusque
1067 1296 1158 1323 sexus

415 1339 574 1384 personis,
596 1345 658 1372 tam
676 1339 827 1383 praelatis
842 1350 939 1383 quam
956 1339 1102 1379 subditis,
1124 1350 1160 1372 ac

415 1393 545 1426 illorum
572 1393 790 1436 monasteriis,
815 1393 983 1434 domibus,
1005 1392 1156 1433 ecclesiis,

419 1446 641 1490 hospitalibus,
658 1452 689 1480 et
706 1446 871 1494 quibusvis
888 1445 949 1490 piis
966 1446 1056 1487 locis,
1072 1456 1160 1490 prae-

416 1501 521 1534 dictae
537 1499 785 1543 Congregationi
806 1500 913 1533 Sancti
931 1499 1031 1537 Pauli,
1048 1504 1159 1543 utpote

415 1554 471 1587 uni
492 1565 529 1587 ex
549 1553 821 1594 Mcndieantibus,
846 1553 979 1596 eiusque
1002 1552 1155 1586 commis-

416 1607 501 1641 sario
527 1607 693 1649 generali,
722 1607 858 1650 aliisque
882 1605 1105 1649 superioribus
1130 1611 1160 1638 et

416 1660 573 1704 personis,
595 1660 810 1700 monasteriis,
831 1659 993 1699 domibus,
1018 1658 1158 1692 ecclesiis

417 1719 448 1746 et
471 1709 653 1747 seminariis
675 1713 944 1756 quibuscumque
976 1711 1040 1754 (ita
1065 1717 1099 1744 ut
1126 1711 1157 1743 lii

417 1776 529 1799 omnes
561 1763 603 1799 et'
619 1766 735 1808 singuli
766 1776 830 1798 non
851 1765 954 1798 solum
976 1765 1015 1797 ad
1040 1775 1154 1808 supra-

418 1819 576 1852 dictorum
609 1819 729 1860 instar,
761 1819 816 1852 sed
853 1818 1092 1862 parisormiter,
1128 1823 1157 1850 et

417 1883 519 1916 aeque
539 1872 771 1916 principaliter,
792 1883 828 1905 ac
845 1871 979 1916 perinde
997 1882 1033 1904 ac
1053 1871 1077 1904 si
1096 1871 1158 1903 illis

417 1925 609 1959 nominatim
629 1932 659 1959 et
676 1925 707 1958 in
725 1925 830 1969 specie
848 1934 998 1959 concessa
1015 1924 1157 1967 fuissent,

418 1979 604 2013 huiusmodi
641 1978 835 2023 privilegiis,
874 1977 1132 2011 immunitatibus
1146 2004 1153 2018 ,

419 2033 686 2077 exemptionibus,
708 2032 922 2073 libertatibus,
939 2032 1153 2073 facultatibus,

419 2086 696 2126 concessionibus,
725 2085 834 2128 gratiis
864 2091 894 2118 et
918 2077 1067 2126 indultis,
1096 2085 1157 2118 illis

418 2140 720 2185 praesertim„quae
738 2139 883 2182 personis
900 2139 1157 2183 quibuscumque

418 2195 450 2228 in
485 2194 665 2227 animarum
699 2193 908 2227 conversione
937 2193 1157 2227 laborantibus

417 2247 571 2282 hactenus
596 2258 747 2281 concessa
771 2253 844 2280 sunt
868 2253 922 2281 aut
947 2247 1155 2291 imposterum

418 2302 647 2343 concedentur,
669 2300 795 2345 praevia
817 2306 936 2340 tamen,
960 2301 1066 2345 quoad
1084 2301 1158 2334 infe-

417 2355 519 2389 riores
544 2355 669 2394 fratres,
691 2353 766 2387 dicti
781 2354 993 2387 commissarii
1019 2354 1156 2389 licentia.

418 2409 595 2442 dummodo
622 2413 727 2441 tamen
751 2407 890 2441 Concilio
915 2407 1102 2440 Tridentino
1127 2413 1154 2440 et

418 2461 699 2495 constitutionibus
719 2460 900 2504 apostolicis
917 2470 980 2493 non
1001 2460 1064 2493 sint
1081 2470 1157 2494 con-

417 2516 525 2554 traria,
546 2516 605 2548 nisi
624 2521 743 2554 tamen,
763 2514 870 2558 quoad
888 2524 942 2547 eos
959 2514 1013 2557 qui
1031 2514 1063 2547 in
1083 2514 1156 2547 mis-

417 2568 563 2600 sionibus
583 2573 687 2606 erunt,
715 2573 787 2611 post
811 2567 1011 2610 praedictum
1038 2566 1152 2600 Conci-

417 2620 496 2653 lium
515 2621 610 2655 alicui
632 2621 751 2655 suerint
771 2631 932 2662 concessa,
961 2625 992 2654 et
1011 2630 1075 2654 non
1092 2620 1154 2654 sint

418 2680 576 2716 revocata,
596 2675 658 2716 uti„
682 2675 756 2716 frui,
783 2674 879 2720 potiri
905 2680 935 2709 et
959 2674 1099 2717 gaudere
1115 2674 1153 2707 li-

1190 486 1361 520 tendimus.

1233 541 1249 581 g
1271 538 1322 572 li).
1346 538 1580 582 praecipientes
1593 538 1652 572 sub
1673 539 1927 574 excommunica·
1974 552 2060 573 Poenae
2074 557 2123 581 qon-

1190 593 1283 626 tionis
1304 596 1419 637 poena,
1443 603 1483 626 ne
1503 593 1640 636 quisque
1657 592 1770 637 quavis
1786 593 1925 627 auctori-
1940 579 2124 627 ¹22²÷ursslt¹sst⁵ssssff¹¹¹¹

1191 652 1253 679 tate
1278 645 1461 690 praedictae
1481 645 1743 688 Congregationis
1761 646 1927 689 religiosos

1189 709 1288 742 super
1297 699 1480 742 praemissis
1491 699 1737 742 quomodolibet
1747 699 1926 740 molestare,

1190 753 1388 796 perturbare,
1407 752 1584 796 inquietare
1604 759 1658 786 aut
1676 753 1834 797 impedire
1847 763 1928 798 quo-

1190 806 1234 839 vis
1247 806 1392 849 quaesito
1405 806 1513 839 colore
1527 806 1654 847 audeat,
1667 807 1714 839 vel
1729 812 1922 850 praesumat.

1234 861 1250 901 g
1271 859 1322 892 113.
1351 860 1387 893 Et
1405 859 1464 893 sub
1483 860 1595 894 eadem
1618 862 1721 904 poena
1746 859 1928 893 inhibentes
1974 868 2084 890 Transiius
2098 868 2125 889 ab

1943 895 1983 916 liae
2012 896 2125 921 congrega*-

1190 912 1346 955 religiosis
1363 912 1628 956 Congregationis
1644 913 1869 957 Hispaniarum
1898 918 1929 946 et
1943 922 1998 942 tione
2025 921 2045 942 in
2067 921 2127 943 tmo-
2177 914 2186 939 ι’

1943 949 2058 975 Hispanam
2067 950 2087 969 et
2098 948 2126 968 vi·
2172 940 2191 965 J‘

1191 965 1298 999 ltaliae
1331 966 1487 1010 praedicti
1524 966 1652 1000 Ordinis
1685 966 2031 1000 Carmelitarumceversa
2054 975 2125 1002 vrohi·

1191 1018 1472 1060 Discalccatorum,
1496 1029 1536 1052 ne
1566 1019 1606 1053 ad
1636 1019 1719 1053 hanc
1743 1019 1927 1062 Congrega-
1943 1001 2011 1023 ”⁸¹⁰‘'

1193 1073 1310 1106 tionem
1340 1073 1439 1106 sancti
1470 1073 1581 1113 Pauli,
1610 1079 1641 1106 et
1665 1073 1803 1107 vicissim
1834 1072 1930 1106 huius

1191 1126 1285 1159 etiam
1300 1126 1565 1169 (longi-egationis
1578 1125 1756 1169 religiosis¹,
1769 1135 1810 1159 ne
1823 1125 1863 1160 ad
1874 1125 1931 1159 ali-

1192 1190 1286 1223 quam
1300 1180 1540 1223 praedictarum
1554 1179 1859 1222 Congregationum,
1875 1189 1932 1212 ne-

1192 1244 1254 1277 que
1275 1234 1369 1267 aliam
1391 1243 1648 1277 quamcumque,
1677 1232 1798 1276 absque
1821 1233 1931 1265 nostra

1193 1292 1223 1319 et
1239 1297 1298 1330 pro
1321 1294 1464 1330 tempore
1485 1285 1646 1319 existentis
1667 1285 1803 1319 Romani
1823 1284 1931 1318 Ponti-

1195 1340 1261 1373 ticis
1282 1341 1329 1374 vel
1352 1350 1485 1373 suorum
1511 1339 1710 1382 generalium
1740 1339 1871 1383 speciali
1891 1338 1930 1372 li-

1194 1393 1307 1434 centia,
1332 1394 1467 1427 transire
1487 1394 1627 1427 a'udeant
1643 1394 1692 1426 vel
1710 1398 1928 1437 praesumant,

1194 1458 1291 1491 quam
1323 1446 1666 1481 excommunicationis
1697 1457 1834 1490 poenam
1867 1451 1930 1480 tam

1196 1506 1395 1534 transeuntes
1415 1511 1512 1544 quam
1538 1500 1609 1534 illos
1641 1499 1846 1534 admittentes
1876 1500 1928 1534 in-

1194 1564 1344 1601 cursuros
1369 1554 1581 1587 declaramus.
2191 1587 2194 1590 ,

1238 1609 1254 1650 g
1280 1607 1331 1640 ⁴14.
1359 1608 1573 1641 Decernentes
1602 1613 1786 1652 praesentes
1809 1607 1931 1641 litteras
1972 1614 2130 1662 οιαὲςυέιοπο
2152 1598 2195 1646 ,ἶ

1193 1667 1222 1694 et
1243 1661 1275 1693 in
1296 1661 1341 1694 eis
1362 1666 1511 1694 contenta
1528 1671 1752 1704 quaecumque
1772 1666 1935 1705 perpetuo
1959 1646 2116 1689 iiiiifmiiefnm

1193 1714 1307 1754 valida,
1332 1714 1442 1755 firma,
1467 1720 1497 1748 et
1524 1714 1667 1748 efficacia
1694 1715 1772 1755 fore,
1795 1725 1832 1747 ac
1856 1724 1931 1748 suos

1192 1766 1353 1810 plenarios
1378 1772 1409 1800 et
1441 1767 1582 1810 integros
1607 1767 1737 1800 effectus
1767 1766 1876 1800 sortiri
1900 1773 1933 1801 et

1193 1820 1354 1860 obtinere,
1378 1830 1437 1854 nec
1457 1831 1474 1853 a
1499 1831 1662 1864 quoquam
1688 1820 1798 1864 quavis
1823 1825 1933 1854 aucto·

1193 1873 1286 1907 ritate
1311 1874 1462 1916 fungente
1487 1874 1680 1918 impugnari,
1701 1873 1852 1915 rescindi,
1875 1884 1932 1908 re-

1194 1926 1344 1967 tractari,
1367 1927 1414 1960 vel
1435 1927 1600 1967 revocari,
1623 1936 1729 1971 neque
1755 1927 1794 1960 de
1813 1927 1929 1961 subre-

1194 1980 1311 2023 ptionis
1326 2007 1333 2020 ‚
1361 1980 1408 2013 vel
1440 1980 1662 2024 obreptionis,
1697 1986 1752 2014 aut
1775 1979 1932 2014 nullitatis

1192 2033 1288 2075 vitio,
1325 2044 1381 2067 seu
1412 2033 1598 2067 intentionis
1628 2039 1756 2067 nostrae
1790 2034 1839 2067 vel
1869 2033 1932 2068 alio

1192 2097 1398 2132 quocumque
1433 2087 1560 2121 defectu
1590 2087 1695 2121 notari
1726 2085 1932 2121 nullatenus⁹

1192 2151 1303 2185 posse,
1330 2141 1440 2185 sicque
1471 2151 1529 2185 per
1562 2150 1786 2185 quoscumque
1809 2139 1932 2174 iudices

1192 2194 1372 2228 ordinarios
1396 2200 1427 2228 et
1447 2195 1621 2237 delegatos,
1645 2193 1741 2228 etiam
1762 2196 1932 2228 causarum

1194 2248 1302 2282 Palatii
1322 2248 1495 2292 Apostolici
1519 2247 1685 2281 auditores
1709 2247 1849 2290 <sublata
1873 2246 1932 2289 eis,

1192 2306 1223 2334 et
1247 2311 1358 2335 eorum
1376 2301 1508 2335 cuilibet
1527 2299 1638 2345 quavis
1655 2299 1748 2334 aliter
1766 2299 1931 2334 iudicandi

1192 2360 1223 2388 et
1243 2353 1475 2399 interpretandi
1499 2353 1651 2387 facultate
1675 2358 1706 2386 et
1725 2351 1930 2396 auctoritate)

1193 2407 1326 2441 iudicari
1359 2413 1391 2441 et
1421 2407 1549 2441 definiri
1577 2407 1712 2446 debere,
1734 2416 1772 2440 ac
1803 2405 1930 2439 irritum

1192 2467 1222 2494 et
1239 2460 1333 2494 inane
1357 2460 1511 2504 quicquid
1535 2470 1626 2494 secus
1645 2469 1742 2504 super
1758 2458 1807 2492 his
1820 2468 1839 2492 a
1852 2468 1932 2503 quo-

1192 2524 1306 2558 quam,
1334 2513 1444 2558 quavis
1475 2513 1680 2552 auctoritate,
1713 2512 1851 2546 scienter
1869 2511 1930 2551 ,vel

1191 2567 1387 2610 ignoranter,
1416 2565 1585 2608 contigerit
1604 2565 1764 2599 attentari.

1227 2638 1236 2664 1
1260 2636 1331 2665 Edit.
1352 2635 1437 2664 Μαίη.
1458 2636 1525 2671 legit
1538 2634 1671 2670 reliyiosi
1685 2636 1720 2670 (a.
1737 2635 1785 2670 τ.).

1224 2680 1240 2709 2
1259 2680 1415 2716 Legendum
1435 2681 1579 2710 ullatenus
1593 2680 1630 2714 (a.
1643 2681 1691 2714 ⁵12).
