2227 3241
271 258 320 284 Αη,
338 258 366 284 (ἶ.
387 258 454 284 1604

286 478 330 497 4ἶΙ.ιι
352 479 391 497 ula·
408 484 411 501 ι

272 505 329 525 nale*

296 2080 461 2105 n··e1‚vo=iii=x{11

278 2109 376 2133 Philippo
387 2109 403 2128 ll
419 2114 462 2131 regi

279 2142 315 2161 pr«,
332 2136 373 2155 rl.1‚:
427 2140 462 2153 on-

277 2164 310 2182 lra
334 2162 369 2181 vlu·
424 2166 462 2180 nae

278 2188 371 2209 tate-tias

279 2214 372 2240 parmula
427 2220 454 2231 ms

279 2243 306 2261 sit
323 2243 343 2260 ιιΙ
367 2248 371 2260 ι
424 2241 463 2259 ulla

280 2268 372 2292 oppidu.
423 2273 463 2286 ψ»,

280 2296 318 2313 etv.
340 2294 366 2313 ,υἱ
396 2294 463 2313 net-1⁴11·-

279 2326 328 2343 ntax,
337 2322 464 2339 monasteria

280 2348 422 2371 pertinentia,
445 2352 463 2365 ιιι

280 2378 376 2398 proprios
416 2378 464 2392 usu<

281 2401 419 2419 ιὊιιιιϊῑυΓοΙ.

501 248 540 281 70

1038 255 1218 280 BULLARIUM
1237 254 1389 281 ROMANUM

472 306 584 347 mium,
606 311 747 338 nostram
774 314 808 336 ac
835 303 938 336 dictae
959 303 1049 336 Sedis
1070 305 1209 347 Aposto-
1248 310 1377 348 tamque
1401 304 1551 347 gravibus
1572 304 1717 348 expensis
1736 304 1906 350 proprium
1926 314 1980 338 ae-

472 358 552 391 licae
577 357 835 391 benedictionem
862 362 892 389 et
917 356 1070 399 gratiam,
1099 356 1212 390 exinde
1246 357 1367 390 rarium
1383 367 1447 390 non
1469 357 1630 398 sufficere,
1648 357 1787 401 ideoque
1806 357 1984 392 maioribus

1246 410 1274 443 ei
1300 410 1452 444 subsidiis
1479 421 1560 455 opus
1584 421 1672 451 esse;
1701 410 1785 444 idem
1810 411 1985 454 Gregorius
2012 451 2018 455 ⁵

473 410 602 443 uberius
620 409 773 453 consequi
796 414 967 442 mereatur.

517 464 532 503 5
554 463 605 494 ιι).
629 462 712 495 Nulli
735 472 811 504 ergo
832 462 964 495 omnino
986 463 1156 497 hominum
1173 463 1211 496 li-

472 521 540 548 ceat
560 516 642 548 hanc
668 515 817 559 paginam
844 523 972 550 nostrae
993 516 1208 550 dismembra-

472 568 577 609 tionis,
605 569 827 612 separationis,
849 570 1072 613 exemptionis,
1096 570 1212 603 libera-

471 623 575 663 tionis,
589 623 772 663 erectionis,
785 622 1005 664 institutionis,
1023 623 1212 667 applicatio-

469 677 530 716 nis,
546 676 830 720 appropriationiS,
843 676 1063 717 subiectionis,
1082 677 1208 718 indulti,

469 730 609 771 unionis,
621 730 821 770 annexionis,
840 729 1121 774 incorporationis,
1138 740 1212 774 pro-

471 783 611 824 visionis,
639 783 877 827 praefectionis,
898 783 1128 826 derogationis,
1156 794 1212 817 vo-

471 838 600 871 luntatis
618 843 648 870 et
666 838 820 876 mandati,
832 838 1006 881 infringere
1024 839 1070 871 vel
1091 838 1118 872 ei
1133 849 1212 872 ausu

473 891 644 924 temerario
670 891 842 924 contraire.
866 891 898 924 Si
923 891 995 935 quis
1020 896 1127 924 autem
1153 892 1213 924 hoc

472 950 628 978 attentare
660 944 925 988 praesumpserit,
957 944 1211 987 indignationem

472 998 704 1042 omnipotentis
728 998 798 1039 Dei,
827 1004 856 1031 et
881 998 1049 1032 beatorum
1075 999 1159 1033 Petri
1185 1005 1215 1032 et

473 1051 561 1084 Pauli
581 1052 800 1096 apostolorum
816 1051 894 1092 eius,
908 1062 940 1085 se
962 1052 1087 1086 noverit
1104 1053 1213 1086 ineur-

472 1116 596 1138 surum.

516 1160 629 1193 Datum
652 1160 773 1193 Romae
794 1160 878 1204 apud
897 1166 1042 1193 sanctum
1068 1161 1210 1200 Petrum,

473 1223 557 1246 anno
579 1213 814 1247 Incarnationis
828 1213 1014 1247 Dominicae
1028 1224 1139 1256 nnctv,
1156 1213 1215 1246 idi-

474 1267 533 1299 bus
552 1267 639 1308 maii,
663 1266 870 1310 pontificatus
891 1267 990 1300 nostri
1012 1277 1097 1299 anno
1117 1276 1185 1301 xm.

509 1328 568 1355 Dat.
587 1328 629 1355 die
646 1328 678 1355 «13
695 1328 755 1356 maii
775 1329 851 1364 1604,
868 1328 963 1364 pontif.
982 1336 1044 1355 ann¹
1062 1336 1121 1356 xiu.

769 1489 912 1523 CCCXLI.

474 1588 621 1620 Im'unctzi
646 1587 795 1630 Philippi
817 1586 871 1620 III
889 1587 1128 1630 Hispaniarum
1149 1587 1215 1630 reyi

518 1642 583 1684 leffe
595 1641 785 1674 restituendi
801 1641 882 1674 bona
897 1641 936 1673 ab
949 1640 1087 1674 ecclesiis
1105 1650 1124 1673 α
1138 1640 1216 1673 Plu·-

519 1696 604 1738 Iippo
621 1695 659 1727 II
671 1695 816 1727 alienata
835 1705 872 1726 sar
889 1694 1089 1727 concessione
1105 1703 1124 1725 α
1142 1692 1214 1726 Gre-

517 1748 601 1790 florii
621 1747 709 1780 XIII
725 1747 891 1791 obreptitie
911 1747 1052 1786 obtentu,
1079 1747 1216 1779 ez'usclem

518 1801 664 1844 Philippi
672 1801 826 1834 IIant'ma
835 1812 853 1834 α
865 1801 1006 1834 censuris
1015 1799 1215 1833 absolvitur&

683 1918 817 1945 Clemens
834 1918 912 1952 Papa
925 1917 1002 1950 vul,

600 1972 635 1999 ad
651 1975 827 2006 perpetuam
842 1971 886 1999 rei
906 1971 1087 1999 memoriam.

522 2072 538 2109 5
573 2070 601 2103 1.
635 2070 711 2103 Cum
741 2070 820 2103 alias
852 2070 951 2103 felicis
983 2068 1218 2103 recordationis

477 2123 652 2166 Gregorius
663 2123 748 2167 Papa
760 2124 837 2164 XIII,
853 2124 1082 2168 praedecessor
1095 2128 1215 2164 noster,

424 2194 463 2222 ⁴¹¹¹.¹'
479 2177 671 2221 accepisset,
697 2177 801 2210 clarae
831 2177 1007 2210 memoriae
1033 2177 1218 2221 Philippum

479 2230 704 2274 Hispaniarum
730 2241 838 2272 regem
861 2230 1054 2264 catholicum
1077 2230 1216 2263 immen-

479 2295 531 2318 sos
544 2290 574 2318 et
587 2285 653 2317 sere
673 2284 891 2317 intolerabiles
905 2290 1051 2329 sumptus
1062 2294 1122 2328 pro
1136 2284 1220 2317 chri-

479 2338 602 2371 stianae
633 2338 831 2381 reipublicae
862 2338 1003 2381 fideique
1033 2337 1221 2371 defensione

480 2391 634 2424 continuo
655 2391 771 2431 facere,
789 2396 819 2424 et
840 2391 1002 2433 ingentem
1025 2401 1062 2424 ac
1081 2390 1219 2424 validam

481 2444 613 2478 classem
632 2443 806 2488 quotannis
827 2449 939 2476 contra
951 2444 1069 2476 Turcas
1084 2443 1222 2476 instrue-

481 2509 534 2540 re,
566 2508 766 2541 magnosque
787 2497 819 2530 in
843 2497 951 2540 Belgio
973 2497 1129 2531 exereitus
1159 2497 1218 2531 ad-

1245 464 1475 508 praedecessor
1489 492 1496 506 ,
1543 464 1752 498 considerans
1797 464 1983 498 huiusmodi

1246 523 1432 562 sumptuum
1455 523 1551 562 atque
1574 528 1787 562 expensarum
1814 528 1926 552 causas
1944 518 1985 551 ad

1246 571 1521 605 conservationem
1551 582 1681 616 quoque
1706 581 1882 614 regnorum
1908 571 1984 605 dicti

1246 624 1384 669 Philippi
1398 625 1668 669 regispertinere,
1689 631 1719 658 et
1732 635 1796 659 non
1814 625 1911 658 modo
1933 625 1987 658 lai-

1246 677 1301 718 cis,
1318 688 1428 710 verum
1448 678 1542 711 etiam
1564 678 1688 711 clericis
1705 678 1862 712 universis
1879 678 1985 712 eidem

1245 730 1312 774 regi
1326 731 1462 765 subditis
1476 742 1665 765 communes
1679 742 1758 773 esse,
1774 731 1848 765 licet
1864 731 1927 765 iam
1945 731 1986 765 ob

1245 785 1426 828 praedictas
1439 790 1470 818 et
1486 785 1565 819 alias
1582 796 1694 819 causas
1711 785 1798 819 clero
1811 795 1986 828 regnorum

1246 838 1470 882 Hispaniarum
1485 850 1543 883 per
1555 839 1670 873 Sedem
1680 839 1899 883 Apostolicam
1909 849 1988 873 non—

1246 893 1335 925 nulla
1351 892 1505 933 subsidia,
1527 892 1674 926 videlicet
1694 892 1988 936 quadrigentorum

1247 951 1278 979 et
1294 945 1404 988 viginti
1427 945 1562 979 millium
1586 947 1777 980 ducatorum
1800 951 1831 979 et
1854 946 1989 980 solutio-

1247 999 1296 1032 nis
1322 999 1447 1043 primae
1467 999 1623 1040 decimae,
1647 999 1813 1043 imposita‚
1838 1004 1869 1032 et
1881 998 1987 1032 eidem

1246 1052 1396 1096 Philippo
1417 1052 1497 1095 regi,
1518 1058 1553 1085 ut
1568 1052 1669 1086 dictas
1689 1062 1844 1096 expensas
1863 1051 1989 1086 facilius

1248 1106 1330 1139 serre
1362 1106 1477 1150 possit,
1511 1105 1672 1149 assignata
1700 1111 1825 1146 essent;
1856 1105 1990 1149 ipseque

1247 1159 1414 1203 Philippus
1449 1169 1502 1192 rex
1539 1170 1556 1192 a
1589 1159 1736 1203 personis
1771 1158 1990 1193 saecularibus

1249 1213 1408 1246 dictorum
1441 1222 1615 1255 regnorum
1646 1212 1771 1246 diversa
1803 1212 1991 1246 adiumenta

1249 1271 1431 1310 quaereret,
1442 1273 1476 1299 ut
1486 1266 1701 1309 quadraginta
1710 1276 1786 1299 suae
1796 1265 1991 1306 ordinariae,

1249 1325 1279 1352 et
1289 1320 1454 1363 sexaginta
1464 1319 1699 1353 ecclesiasticae
1711 1319 1820 1352 classis
1829 1318 1988 1360 triremes,

1248 1373 1331 1407 sicut
1351 1383 1387 1406 ex
1412 1372 1544 1417 propria
1569 1372 1779 1415 obligatione,
1807 1372 1839 1406 in
1862 1372 1992 1407 foedere

1250 1432 1325 1460 tunc
1339 1433 1452 1460 contra
1464 1427 1583 1460 Turcas
1600 1425 1679 1459 inito
1697 1426 1789 1467 sacta,
1808 1426 1988 1467 tenebatur,

1250 1480 1453 1513 commodius
1471 1479 1653 1514 instrueret:
1678 1484 1799 1519 tamen,
1821 1479 1992 1513 advertens

1249 1533 1425 1566 admodum
1451 1532 1623 1566 convenire
1649 1538 1683 1565 ut
1707 1542 1865 1576 personae
1885 1532 1989 1566 eccle-

2176 46 2199 70 ί.

1995 256 2045 284 Αιι.
2065 256 2093 285 C.
2111 256 2179 286 1604

1249 1587 1397 1620 siasticae
1410 1586 1650 1630 Hispaniarum,
1670 1586 1756 1619 ultra
1775 1585 1919 1619 subsidia
1938 1596 2009 1624 su-,

1249 1641 1406 1684 pradicta,
1420 1641 1525 1674 adhuc
1538 1646 1664 1684 partem
1677 1639 1820 1683 aliquam
1831 1640 1992 1673 honorum
2018 1676 2021 1678 ,

1250 1694 1543 1728 ecelesiasticorum
1571 1693 1878 1727 iurisdictionalium
1907 1693 1993 1737 (quo

1251 1746 1371 1780 minori
1396 1746 1467 1780 sieri
1492 1752 1602 1790 posset
1625 1746 1835 1780 ecclesiarum
1858 1746 1990 1790 dispen-

1251 1801 1318 1844 dio)
1343 1800 1447 1834 eidem
1470 1800 1620 1844 Philippo
1634 1800 1700 1843 regi
1719 1800 1752 1833 in
1770 1799 1838 1833 eius
1857 1799 1994 1834 subven-

1252 1854 1372 1888 tionem
1398 1854 1600 1894 conferrent,
1630 1853 1777 1898 exemplo
1801 1852 1993 1887 recolendae

1253 1907 1429 1941 memoriae
1439 1907 1609 1941 Clementis
1618 1907 1669 1940 Vll
1679 1912 1709 1940 et
1719 1905 1810 1940 Pauli
1819 1906 1912 1948 IlI‚ac
1922 1905 1994 1940 Iulii

1252 1961 1350 1994 etiam
1360 1961 1639 2002 III,Roman0rum
1648 1960 1995 2003 Pontificum‚suorum

1252 2021 1282 2048 et
1302 2020 1489 2048 nostrorum
1510 2014 1812 2058 praedecessorum,
1840 2014 1896 2058 qui
1920 2013 1997 2047 alie-

1253 2068 1350 2102 nandi
1364 2068 1449 2101 bona
1463 2068 1733 2101 iurisdictionalia
1746 2067 1948 2108 militiarum,
1964 2072 1996 2101 et

1253 2131 1467 2166 personarum
1493 2121 1693 2164 regularium
1718 2121 1752 2154 in
1777 2120 1870 2154 dictis
1889 2119 1996 2163 regnis

1254 2175 1472 2216 existentium,
1492 2174 1531 2208 ad
1551 2185 1694 2208 summas
1716 2179 1792 2208 tunc
1818 2182 1993 2217 expressas,

1255 2227 1390 2272 inclytae
1409 2227 1585 2260 memoriae
1603 2227 1717 2262 Carolo
1735 2227 1758 2260 V
1775 2227 1995 2261 Romanorum

1255 2280 1455 2324 imperatori,
1480 2280 1623 2314 eiusdem
1649 2280 1788 2325 Philippi
1810 2279 1895 2323 regis
1908 2279 1997 2322 geni-

1257 2335 1330 2377 tori,
1353 2346 1412 2380 per
1432 2335 1575 2369 diversas
1604 2346 1719 2369 eorum
1737 2335 1860 2368 litteras
1899 2334 1998 2368 sacul-

1257 2395 1352 2423 tatem
1374 2394 1609 2430 concesserant,
1633 2389 1801 2429 adductus;
1825 2394 1916 2422 motu
1929 2387 1996 2422 eius

1255 2443 1402 2488 proprio,
1427 2443 1531 2476 eidem
1557 2441 1707 2486 Philippo
1727 2441 1794 2485 regi
1817 2447 1850 2475 ut
1875 2452 1934 2486 per
1949 2451 1993 2482 se,

1256 2497 1302 2530 vel
1324 2496 1423 2530 alium
1444 2507 1500 2530 seu
1518 2496 1596 2530 alios
1614 2496 1653 2529 ad
1674 2495 1707 2529 id
1731 2506 1789 2540 per
1806 2505 1880 2529 eum
1903 2495 1996 2529 toties

482 2562 590 2586 versus
611 2551 790 2586 haereticos
816 2551 913 2593 alere,
941 2556 1038 2596 atque
1064 2551 1151 2585 hisce
1177 2556 1222 2585 tot
1257 2550 1382 2595 quoties
1403 2555 1433 2584 et
1453 2550 1723 2594 quandocumque
1747 2548 1806 2582 sibi
1834 2548 1998 2582 videretur

523 2669 542 2693 l.
562 2668 597 2694 Ex
613 2668 719 2702 ltegest.
737 2668 763 2695 iu
780 2668 879 2696 Secret.
898 2668 976 2695 Brevn

1257 2604 1478 2648 deputandum
1499 2613 1554 2637 seu
1567 2602 1780 2647 deputandos,
1797 2607 1843 2637 tot
1863 2601 1994 2647 oppida,

1238 2663 1358 2699 arces,
1392 2656 1563 2697 fortalitia,
1595 2656 1702 2698 villas,
1727 2661 1829 2691 terras
1854 2660 1883 2689 et
1908 2655 1993 2696 loca,

2197 3239 2199 3241 ⁵
2187 3222 2195 3230 ⁴

2219 3185 2227 3241 miz*-

2216 229 2227 318 l

2218 311 2227 342 lt

2172 357 2178 359 ·
2219 344 2227 373 tl-

2219 373 2227 395 si

2218 127 2220 146 Ι

2218 175 2221 195 t

2218 197 2220 212 ι

2219 424 2222 438 t
