2227 3241
266 283 314 311 Αη.
333 284 361 312 C.
383 284 450 312 1604

297 1237 387 1257 Ordines
401 1237 455 1258 Mili-

270 1265 342 1284 litare«
360 1270 397 1289 pro
419 1264 456 1283 dc-

271 1291 364 1310 sentwne
407 1290 454 1310 {idei

271 1316 455 1337 calliolicaeiusti-

272 1346 316 1363 tun.

496 276 538 309 82

509 334 622 367 Datum
648 334 768 366 Romae
792 332 877 375 apud
897 338 1043 365 sanetum
1061 333 1200 366 Marcum

466 387 524 420 sub
543 386 662 419 annulo
680 385 849 418 Piscator-is
868 385 919 418 die
931 396 984 419 xix
998 386 1076 419 iunii
1090 397 1199 429 mcciv,

466 439 671 482 pontificatus
694 437 797 472 nostri
821 448 905 471 anno
929 449 998 472 xlu.

502 500 560 527 Dat.
577 499 620 527 die
642 499 673 526 19
692 498 757 526 iunii
773 498 852 533 1604,
872 499 967 539 pontif.
990 508 1032 527 an.
1054 508 1112 528 xm.

759 660 912 694 CCCXLV.

468 757 652 800 Suppressio
668 756 907 790 nonnullarum
923 757 1140 801 ecclesicmtm,
1157 769 1206 791 ca-

508 811 673 853 poctarum
697 814 724 843 ct
745 811 954 853 prioratuum
984 811 1115 845 ducatus
1139 812 1205 845 Sa-

512 862 649 896 baudz'cte
673 867 701 896 et
721 863 932 906 principatus
955 863 1205 905 Pedemontz'mn,

512 918 542 947 et
562 915 739 958 applicatio
756 926 794 948 ac
812 916 888 948 unio
911 916 1055 958 ipsorum
1071 916 1208 949 militiae

514 968 563 1002 Ss.
590 968 740 1002 Mauritit'
763 973 790 1001 et
814 969 934 1002 Lazari
947 967 965 1002 ¹.

661 1050 816 1081 Clemens
838 1051 1016 1092 episcopus

671 1116 777 1137 servus
789 1117 941 1137 servorum
952 1110 1013 1142 Dei,

593 1164 629 1190 ad
645 1166 820 1197 perpetuam
840 1163 885 1190 rei
905 1164 1084 1191 memoriam.

515 1234 652 1278 Superni
676 1234 886 1278 dispositione
908 1234 1033 1267 consilii
1056 1235 1087 1267 in
1108 1246 1206 1279 supe-

471 1287 641 1320 reminenti
663 1286 860 1329 apostolicae
880 1287 1045 1329 dignitatis
1065 1288 1206 1331 specula,

471 1339 594 1372 meritis
615 1339 691 1372 licet
710 1339 901 1383 imparibuS,
925 1340 1102 1379 constituti,
1126 1340 1210 1373 circa

469 1393 659 1426 militiarum
680 1393 900 1436 quarumlibet
912 1394 965 1437 (ad
977 1393 1209 1427 catholicorum

470 1446 654 1490 principum
673 1445 857 1478 instantiam
877 1456 935 1489 per
948 1447 1211 1489 praedecessores

469 1504 597 1531 nostros
621 1499 784 1532 Romanos
804 1499 977 1532 Pontifices
990 1509 1050 1542 pro
1067 1499 1143 1532 fidei
1164 1511 1212 1532 ca-

472 1551 610 1585 tholicae
642 1552 831 1585 defensione
862 1553 1014 1585 adversus
1041 1552 1211 1586 continuas

470 1605 650 1638 infidelium
669 1605 852 1638 vexationes
874 1605 1107 1647 institutarum)
1127 1606 1212 1639 salu-

470 1658 562 1691 brem
583 1657 794 1691 directionem
810 1663 840 1690 et
858 1658 1049 1701 profectum,
1068 1670 1103 1691 ac
1120 1670 1211 1702 prae-

471 1710 690 1755 ceptoriarum
735 1711 939 1754 aliorumque
976 1711 1210 1745 beneficiorum

471 1774 604 1797 suorum
626 1764 906 1807 propagationem,
933 1764 1018 1798 iuxta
1043 1766 1212 1809 pastoralis

472 1817 570 1850 officii
591 1817 735 1850 debitum
758 1818 895 1851 sollicite
927 1818 1106 1860 vigilantes,
1130 1830 1211 1853 non-

472 1880 638 1914 nunquam
668 1870 775 1914 aliqua
806 1870 965 1904 beneficia
996 1872 1211 1906 ecclesiastica

471 1923 650 1956 saecularia
675 1929 706 1956 et
726 1923 890 1967 regularia
909 1925 1153 1968 supprimimus,
1181 1932 1213 1959 et

471 1976 601 2009 illorum
615 1977 686 2010 loco
698 1977 940 2020 praeceptorias
955 1977 1142 2011 militiarum
1156 1978 1212 2012 hu-

471 2029 611 2062 iusmodi
632 2040 690 2073 pro
711 2030 840 2063 illarum
862 2030 1015 2063 fratribus
1041 2031 1207 2073 militibus,

471 2082 526 2126 qui
546 2082 629 2115 bella
643 2083 769 2116 Domini
784 2083 983 2117 exercituum
1001 2094 1062 2128 pro
1082 2089 1211 2118 sanctae

472 2134 547 2168 fidei
567 2145 642 2168 suae
668 2136 855 2170 defensione
875 2142 1005 2171 strenue
1025 2143 1148 2179 gerant,
1171 2139 1210 2171 ad

473 2188 616 2222 eiusdem
633 2189 831 2223 orthodoxae
844 2190 919 2224 fidei
934 2191 1209 2224 conservationem

473 2247 504 2275 et
527 2247 756 2284 augmentum,
785 2253 821 2276 ac
846 2243 988 2287 ipsarum
1021 2244 1209 2278 militiarum

474 2295 625 2328 decorem
652 2301 682 2328 et
705 2301 904 2329 venustatem
930 2297 1096 2340 erigimus,
1119 2298 1212 2331 alias-

472 2359 535 2393 que
556 2349 769 2392 disponimus,
784 2355 881 2394 prout
901 2361 918 2383 a
937 2351 1031 2384 nobis
1051 2351 1208 2385 nobilium

472 2401 656 2446 principum
677 2407 751 2435 vota
770 2408 960 2446 exposcunt,
990 2414 1027 2437 ac
1046 2415 1154 2437 rerum
1181 2410 1209 2438 et

473 2459 657 2498 temporum
674 2465 953 2500 personarumque
967 2457 1120 2500 qualitate
1134 2468 1211 2502 pen-

472 2509 539 2540 sata
570 2507 787 2552 conspicimus
817 2508 850 2541 in
879 2509 1014 2542 Domino
1039 2510 1211 2544 salubriter

474 2559 634 2603 expedire.

511 2675 522 2700 1
544 2671 581 2701 Ex
600 2673 708 2710 Regest.
729 2673 756 2703 in
775 2674 876 2705 Secret.
896 2674 971 2703 Brev.

1045 285 1227 310 BULLARIUM
1247 285 1401 311 ROMANUM

1280 334 1295 377 ᾖ
1317 335 1345 367 l.
1368 333 1462 375 Sane,
1476 343 1535 378 pro
1552 339 1644 378 parte
1657 333 1765 367 dilecti
1782 334 1899 368 nobilis
1916 334 1975 368 viri

1237 387 1340 421 Caroli
1353 387 1572 421 Emmanuelis
1584 386 1762 421 Sahaudiae
1776 386 1865 421 ducis
1878 392 1909 421 et
1919 388 1977 421 Pe-

2179 0 2227 118 ,ἢ

1989 286 2040 313 An.
2055 286 2084 314 C.
2107 286 2174 316 1604
2200 311 2202 313 ,

2030 349 2116 371 cai-otus
2127 350 2172 372 Em·

1990 377 2080 401 manuel,
2101 377 2173 398 haero-

1992 403 2038 423 ticis
2053 403 2079 423 ad
2103 403 2173 424 calho-

1992 429 2054 449 licam
2065 429 2126 450 tidem
2137 429 2174 451 ad-

1237 441 1439 475 demontium
1459 439 1626 484 principis,
1651 439 1706 484 qui
1727 439 1823 473 etiam
1843 440 1978 474 militiae
1994 455 2071 479 aucun,

1238 498 1424 527 sanctorum
1450 491 1590 526 Mauritii
1611 496 1642 525 et
1660 491 1768 525 Lazari
1788 492 1847 525 sub
1867 493 1979 535 regula

1238 546 1338 580 sancti
1359 544 1528 588 Augustini
1546 544 1710 578 institutae
1730 543 1883 587 magister
1903 554 1979 589 apo-

1238 598 1351 632 stoliea
1364 597 1556 631 auctoritate
1570 598 1741 641 deputatus
1754 597 1870 638 existit,
1885 597 1980 631 nobis

1238 661 1343 695 nuper
1367 650 1508 684 exhibita
1534 649 1647 694 petitio
1671 649 1872 691 continebat,
1893 651 1980 694 quod

1240 704 1308 748 ipse
1327 703 1460 747 provide
1479 708 1510 736 et
1524 702 1576 747 pie
1590 702 1809 743 considerans,
1826 703 1903 737 alias
1917 703 1980 736 cla-

1240 767 1294 790 rae
1315 756 1492 790 memoriae
1505 756 1746 790 Emmanuelem
1767 755 1979 790 Philibertum

1241 810 1419 852 genitorem
1447 820 1559 850 suum,
1583 820 1621 843 ae
1642 809 1737 842 etiam
1757 809 1978 853 semetipsum,

1242 863 1282 896 ad
1301 862 1356 896 Dei
1376 862 1505 895 laudem
1534 862 1704 906 dictaeque
1721 862 1797 896 fidei
1817 862 1981 896 exaltatio-

1242 925 1315 949 nem
1339 926 1376 948 ac
1393 915 1645 949 christianorum
1662 915 1871 949 commodum
1887 916 1982 960 plura

1243 967 1416 1008 beneficia,
1431 968 1502 1001 loca
1515 973 1544 1001 et
1557 968 1643 1001 hona
1656 968 1871 1002 ecclesiastica
1885 979 1902 1002 e
1915 969 1981 1002 l'au-

1243 1021 1333 1054 cibus
1353 1020 1605 1062 haeresscorum,
1625 1021 1681 1065 qui
1700 1021 1755 1054 illa
1775 1021 1979 1064 detinebant,

1243 1073 1432 1114 vindicasse,
1455 1083 1514 1106 nec
1532 1083 1599 1106 non
1623 1073 1773 1116 regiones
1795 1080 1826 1108 et
1843 1075 1982 1119 populos

1244 1126 1405 1160 haeretica
1422 1126 1494 1159 labe
1515 1126 1647 1160 infectos
1667 1127 1708 1160 ad
1727 1137 1821 1161 verae
1838 1127 1914 1161 fidei
1931 1139 1982 1161 ca-

1244 1181 1383 1214 tholicae
1411 1180 1629 1223 cognitionem
1651 1185 1683 1214 et
1701 1181 1732 1214 S.
1752 1181 1788 1214 R.
1809 1182 1842 1214 E.
1866 1191 1903 1214 ac
1928 1181 1983 1215 Se-

1245 1234 1293 1267 dis
1320 1234 1524 1277 Apostolicae
1548 1234 1767 1268 obedientiam
1798 1236 1979 1277 reduxisse,

1245 1298 1291 1328 ac,
1302 1293 1337 1320 ut
1354 1287 1386 1319 in
1400 1288 1438 1320 ea
1454 1287 1709 1328 continerentur,
1723 1287 1811 1321 verbi
1824 1288 1877 1322 Dei
1891 1300 1983 1333 prae-

1245 1341 1416 1381 dicatores,
1435 1339 1596 1384 parochos
1614 1345 1646 1374 et
1664 1340 1744 1374 alios
1756 1341 1891 1375 idoneos
1908 1353 1984 1386 ope-

1246 1394 1348 1427 rarios
1369 1393 1488 1426 ibidem
1507 1393 1733 1435 introduxisse,
1749 1394 1878 1439 illisque
1894 1401 1925 1429 et
1944 1396 1984 1429 de

1244 1446 1497 1491 proprietatibus
1510 1446 1643 1480 ethonis
1652 1447 1756 1481 dictae
1769 1442 1902 1482 militiae
1913 1459 1985 1492 pro-

1245 1501 1370 1541 vidisse,
1394 1511 1430 1533 ac
1448 1510 1518 1533 eam
1536 1500 1567 1533 in
1588 1511 1698 1533 curam
1717 1501 1750 1533 in
1771 1501 1838 1535 dies
1857 1512 1984 1545 peram-

1247 1555 1329 1598 plius
1350 1554 1537 1597 invigilare,
1566 1554 1706 1598 hincque
1726 1555 1830 1588 eidem
1851 1555 1984 1589 militiae

1245 1607 1541 1651 compensationem
1559 1607 1700 1651 aliquam
1718 1618 1736 1640 a
1752 1608 1833 1642 Sede
1849 1609 1984 1652 Aposto-

1245 1660 1317 1700 lica,
1338 1661 1409 1693 loco
1426 1660 1586 1693 bonorum
1601 1660 1646 1693 sie
1659 1660 1900 1702 distractorum,
1915 1673 1983 1696 me-

1246 1713 1307 1746 rito
1328 1712 1471 1756 impendi
1490 1712 1618 1746 debere.
1635 1712 1667 1746 Si
1685 1712 1784 1755 igitur
1800 1712 1850 1746 in¹
1871 1714 1983 1749 beatae

1246 1766 1362 1800 Mariae
1394 1765 1628 1800 Consolationis
1658 1771 1862 1810 nuncupatae
1892 1767 1983 1802 cuius

1246 1819 1490 1864 quinquaginta,
1517 1830 1554 1852 ac
1578 1819 1679 1853 sancti
1700 1820 1847 1854 Andreae
1871 1821 1983 1855 Tauri-

1246 1872 1353 1906 nensis
1377 1872 1467 1905 euius
1490 1871 1676 1914 sexaginta,
1700 1877 1731 1905 et
1757 1873 1859 1906 sancti
1890 1873 1982 1908 Chri-

1246 1925 1390 1970 stophori
1412 1925 1502 1958 cuius
1522 1930 1669 1966 eentum,
1692 1935 1729 1958 ac
1748 1931 1878 1960 sanctae
1892 1927 1982 1961 Fidei

1246 1978 1457 2013 Ver-cellensis
1485 1978 1575 2011 cuius
1598 1978 1834 2022 quadraginta,
1856 1990 1983 2013 necnon

1246 2031 1347 2065 sancti
1364 2031 1471 2065 Iacobi
1485 2031 1524 2064 de
1537 2031 1730 2064 Moncalerio
1748 2031 1840 2065 cuius
1859 2037 1984 2076 septua-

1247 2086 1345 2129 ginta,
1373 2096 1410 2118 ac
1438 2084 1538 2118 saneti
1568 2084 1733 2118 Laurentii
1753 2085 1793 2118 de
1820 2084 1983 2119 Pinarolio

1247 2139 1337 2173 cuius
1360 2144 1489 2172 centum
1511 2143 1542 2172 et
1560 2138 1691 2181 viginti,
1718 2149 1755 2172 ac
1771 2138 1872 2172 sancti
1896 2138 1978 2172 Ger-

1247 2191 1332 2224 mani
1355 2191 1394 2224 de
1411 2191 1471 2224 Bra
1489 2190 1580 2223 cuius
1605 2191 1780 2233 sexaginta,
1797 2201 1834 2224 ac
1853 2196 1983 2224 sanctae

1246 2244 1361 2278 Mariae
1376 2244 1415 2277 de
1428 2243 1606 2287 Sepulchro
1624 2243 1714 2277 cuius
1733 2243 1979 2287 quinquaginta,

1246 2307 1373 2331 necnon
1391 2297 1534 2330 eiusdem
1558 2296 1659 2330 sancti
1683 2296 1790 2330 Iacobi
1809 2296 1849 2330 de
1867 2295 1982 2330 Cherio

1247 2350 1337 2384 cuius
1357 2355 1499 2390 centum,
1516 2355 1546 2383 et
1565 2349 1665 2382 sancti
1679 2348 1843 2382 Laurentii
1856 2349 1894 2382 de
1906 2348 1981 2382 Car-

1246 2414 1312 2448 pes,
1329 2403 1407 2436 alias
1420 2403 1459 2436 de
1472 2402 1624 2436 Sivillano
1634 2402 1655 2442 ²,
1668 2400 1873 2435 Taurinensis
1890 2401 1982 2435 cuius

1284 2503 1294 2528 1
1317 2501 1428 2536 Nempe:
1446 2501 1477 2528 in
1492 2500 1589 2528 beatae
1604 2499 1718 2527 Mariae
1734 2503 1761 2526 et
1774 2499 1895 2535 reliquis,
1912 2507 1983 2535 quae

1246 2549 1337 2581 postea
1359 2548 1569 2579 enumerantur,
1592 2543 1716 2576 ecclesiis
1734 2551 1781 2571 seu
1802 2543 1913 2579 capellis
1928 2546 1981 2571 etc.

1245 2593 1274 2617 ut
1288 2589 1386 2617 dicitur
1400 2589 1426 2616 in
1441 2589 1530 2617 medio
1546 2588 1685 2616 columnae
1700 2597 1759 2624 seq.
1775 2589 1812 2624 (n.
1829 2588 1879 2623 τ.).

1279 2635 1295 2661 2
1314 2634 1483 2662 Bullarium
1497 2633 1561 2660 Ord.
1576 2633 1618 2661 Ss.
1634 2633 1754 2660 Mauritii
1774 2637 1801 2661 et
1818 2633 1912 2661 Lazari
1933 2633 1982 2661 ha-

1244 2677 1291 2705 bet
1308 2678 1340 2706 de
1359 2677 1507 2706 Saviliano
1525 2677 1562 2712 (n.
1579 2677 1628 2711 τ.).

2188 1498 2195 1509 ”’
2191 1441 2202 1466 ‘⁴
2183 1396 2202 1423 ΖΨ-
2185 1351 2203 1384 Ᾰ””
2182 1245 2209 1341 (ἓξ-«κ’-
2191 1147 2201 1232 Ἀ”“-““-
2191 1121 2198 1126 ³

2189 1625 2194 1655 l
2210 1647 2211 1653 ,

2187 1657 2198 1670 ᾗ

2183 1702 2192 1711 -

2024 1721 2132 1743 Beneficia
2146 1726 2190 1742 etz-⁴-

1997 1749 2119 1771 clesiastica
2145 1743 2187 1770 hie*

1998 1781 2102 1803 espronsa,
