2227 3241
237 273 287 300 An.
304 273 332 300 C.
354 273 422 301 1606
468 263 533 299 356
1009 277 1187 301 nutriamur}
1213 278 1365 302 noui-tuum

1959 281 2010 308 An.
2025 281 2054 310 C.
2065 254 2164 339 160ὸῖ
2204 271 2206 274 ,

2179 282 2208 366 i

258 1556 280 1576 tn
296 1556 366 1576 causis
376 1556 415 1576 cri·
429 1564 432 1566 ·

231 1583 344 1603 miualibus
369 1583 416 1603 abs-

232 1614 272 1635 que
297 1610 417 1635 irregulari-

232 1638 275 1656 tate
303 1641 325 1656 se
353 1637 417 1657 inuui-

231 1662 311 1683 scendi.

431 322 486 363 ris,
507 332 543 355 ae
563 322 640 355 alias
661 332 697 356 cx
717 333 788 364 usu,
812 324 904 368 stylo,
929 326 1172 360 consuetudine·
1206 326 1422 368 regularitatis
1447 326 1495 359 vel
1525 326 1735 361 inhabilitatis
1765 328 1946 362 cuiuscum-
2141 350 2155 373 ς

432 385 494 418 quc
515 375 760 418 quomodolibet
781 377 952 417 concessis,
973 378 1172 412 contii-matis
1206 390 1267 422 que
1288 390 1341 412 scu
1368 379 1462 411 aliam
1485 389 1653 413 censuram
1680 381 1941 424 ecclesiasticam,
2141 379 2162 429 ’ὲ
2180 404 2181 408 =

432 435 460 460 et
476 428 644 469 innovatis,
655 430 831 473 apostolica
845 431 1045 473 auctoritate,
1061 438 1171 466 tenore
1206 439 1260 466 aut
1289 433 1437 466 infamiae
1462 433 1620 466 maculam
1649 433 1713 467 sive
1733 439 1863 474 notam,
1887 446 1945 469 nec
2142 429 2192 495 {qt

430 482 649 524 praesentium
671 484 880 518 concedimus
901 490 931 518 et
957 485 1166 528 assignamus.
1205 486 1267 519 alia
1298 485 1443 519 incurras
1476 486 1709 530 impedimenta
1725 515 1732 528 ‚
1767 488 1945 522 dummodo
2150 486 2161 535 Ξ
2180 513 2189 536 1

430 534 536 578 Teque
554 536 593 569 ad
617 537 660 570 tui
682 537 777 571 vitam
797 545 941 572 nostrum
964 545 993 573 et
1013 551 1072 584 pro
1094 547 1171 574 tem-
1204 539 1395 572 sententiam
1423 540 1587 582 sanguinis
1611 550 1670 584 per
1695 547 1724 574 te
1750 541 1854 585 ipsum
1881 536 1944 575 non
2134 560 2181 592 4

430 598 510 631 pore
535 589 697 624 existentis
714 591 849 624 Romani
870 592 1044 635 Pontificis‚
1068 604 1104 627 ac
1125 594 1172 627 di·
1206 592 1288 626 seras
1312 603 1416 636 neque
1442 598 1550 626 votum
1571 593 1764 628 subscribas.
2147 599 2189 642 ἐξ

432 641 505 675 lecti
537 641 595 675 filii
626 644 725 677 nostri
758 645 843 679 Petri
874 646 956 679 tituli
985 654 1170 680 sanctorum
1251 647 1267 688 ξ
1288 645 1318 679 5.
1342 648 1385 679 Ac
1407 647 1501 680 etiam
1533 647 1608 688 tibi,
1629 658 1687 691 per
1707 654 1747 688 te,
1770 659 1826 682 seu
1847 648 1943 682 alium
1961 648 2189 711 ωξῃεῖἓξὲἱῇῗοιῖξ

431 694 558 728 loannis
576 702 606 729 et
623 697 711 730 Pauli
732 699 909 744 presbyteri
929 700 1100 734 cardinalis
1121 701 1172 733 Al-

432 742 625 782 dobi·andini
660 752 838 795 nuncupati
874 753 1022 786 moderni
1055 759 1085 787 et
1113 765 1171 798 pro

430 806 577 845 tempore
598 803 761 837 existentis
786 804 885 848 ipsius
909 811 1037 839 sanctae
1054 806 1171 840 Roma-

431 864 490 888 nae
508 855 667 890 Ecclesiae
688 859 867 900 camerarii,
885 865 916 893 et
930 870 1097 893 causarum
1119 871 1173 893 cu-

432 907 499 941 riae
522 909 674 944 Gamerae
698 911 883 946 huiusmodi
907 914 1090 955 generalem
1118 924 1172 947 au-

432 960 569 995 ditorem
591 974 663 996 cum
687 964 876 1005 honoribus,
898 967 1060 1004 oneribus,
1081 978 1173 1011 prae-

432 1015 626 1057 eminentiis,
644 1019 885 1061 praerogativis,
903 1020 1172 1064 exemptionibus,

432 1067 707 1111 immunitatibus,
732 1071 1026 1114 iurisdictionibus,
1055 1074 1171 1106 sarori-

430 1121 501 1162 bus,
530 1123 652 1165 gratiis,
679 1125 872 1169 privilegiis,
894 1128 1168 1168 concessionibus,

431 1174 574 1217 indultis,
591 1177 726 1219 iuribus,
746 1179 918 1222 regalibus,
936 1181 1173 1222 emolumentis,

432 1228 637 1263 facultatibus
651 1236 681 1264 et
695 1231 832 1266 decretis
848 1234 1033 1277 praedictis,
1051 1234 1170 1267 eisdem

431 1282 622 1316 auctoritate
642 1289 673 1317 et
694 1290 817 1325 tenore,
838 1286 1062 1320 constituimus
1076 1287 1173 1320 etde-

431 1339 599 1377 putamus:
624 1347 661 1370 ac
681 1337 713 1370 in
731 1338 838 1371 locum
857 1339 931 1372 dicti
950 1340 1089 1373 Marcelli
1109 1351 1173 1373 car-

431 1387 557 1429 dinalis,
570 1391 676 1433 quoad
691 1391 878 1426 huiusmodi
896 1393 1097 1427 auditoratus
1107 1394 1173 1427 osti-

432 1440 529 1481 cium,
547 1442 680 1487 eiusque
693 1444 830 1478 liberum
849 1447 1048 1488 exercitium,
1065 1447 1171 1491 quoad

431 1494 566 1536 vixeris,
590 1497 814 1532 substituimus
839 1505 870 1533 et
893 1500 1118 1543 subrogamus.

475 1550 492 1591 g
512 1549 543 1582 4.
567 1551 726 1594 Tequeffld
747 1553 948 1588 auditoratus
962 1560 992 1588 et
1012 1561 1173 1588 correcto-

433 1602 500 1635 riae
518 1603 625 1636 osficia
645 1603 830 1639 huiusmodi
850 1612 880 1640 et
898 1617 1011 1640 eorum
1033 1608 1171 1641 liberum

433 1656 618 1689 exercitium
635 1684 641 1697 ,
662 1668 698 1690 ac
719 1659 828 1692 onmia
846 1665 876 1692 ct
896 1660 1023 1703 singula
1042 1661 1172 1704 praedi-

433 1715 482 1743 cta
496 1720 533 1743 ex
552 1720 638 1744 nunc
659 1712 860 1746 admittimus
881 1718 911 1746 et
932 1714 1118 1758 recipimus,
1142 1719 1173 1748 et

432 1774 491 1806 per
504 1764 632 1797 Petrum
648 1765 846 1799 cardinalem
859 1768 1052 1801 modernum
1067 1779 1103 1801 ac
1114 1779 1172 1812 pro

433 1822 578 1860 tempore
599 1817 786 1851 existentem
811 1820 1024 1853 camerarium
1046 1821 1173 1864 praedi-

431 1874 539 1910 ctum,
567 1880 693 1904 necnon
719 1871 852 1906 dilectos
877 1873 961 1907 filios
987 1873 1089 1907 dictae
1115 1874 1172 1908 Ca-

432 1932 540 1956 merae
559 1923 778 1966 praesidentes
799 1925 943 1967 clericos,
965 1933 1173 1971 caeterosque

431 1975 470 2008 ad
492 1986 573 2019 quos
593 1982 715 2020 spectat
740 1983 770 2011 et
789 1979 956 2022 spectabit,
983 1986 1045 2013 tam
1067 1981 1098 2012 in
1113 1981 1171 2014 Ca-

432 2022 524 2063 mera
545 2042 642 2074 quam
664 2039 752 2066 extra
772 2042 841 2066 eam
865 2033 963 2077 recipi
985 2039 1016 2067 et
1035 2035 1172 2075 admitti,

431 2089 527 2127 atque
547 2083 605 2132 tibi
624 2085 662 2118 de
686 2084 824 2127 iuribus,
852 2086 1031 2132 regalibus,
1060 2087 1171 2121 locali-

431 2137 502 2177 bus,
526 2137 614 2179 taxis,
633 2139 854 2182 proventibus,
873 2140 1121 2174 obventionibus
1141 2146 1171 2174 et

432 2191 658 2225 emolumentis
678 2198 709 2225 et
732 2192 814 2225 aliis·
829 2193 1022 2237 supradictis
1047 2194 1172 2237 integre

432 2244 622 2288 responderi
654 2250 685 2278 et
712 2245 859 2279 satisfieri
891 2247 1104 2288 mandamus,
1135 2259 1172 2281 ac

432 2298 580 2332 volumus
604 2303 635 2332 et
660 2299 756 2332 etiam
776 2300 1004 2344 praecipimus.
1038 2302 1172 2346 Tibique

433 2351 638 2394 indulgemus
654 2353 753 2396 quod,
773 2353 799 2386 si
815 2358 843 2386 tc
861 2353 893 2386 in
914 2354 1172 2399 quibuscumque

433 2405 536 2438 causis
549 2405 783 2447 criminalibus,
799 2407 896 2440 etiam
910 2407 966 2441 ubi
983 2418 1088 2451 poena
1101 2419 1173 2443 san-

433 2459 538 2501 guinis
555 2465 587 2493 et
603 2460 708 2494 ultimi
724 2461 876 2504 supplicii·
900 2461 1096 2505 imponenda
1113 2463 1173 2496 erit

432 2522 489 2546 seu
511 2513 706 2557 imponetur,
730 2519 784 2547 aut
804 2514 843 2547 de
862 2513 1048 2548 huiusmodi
1069 2515 1172 2549 causis

434 2567 637 2600 tractandum
651 2567 756 2609 fuerit,
770 2567 982 2612 imposterum
997 2569 1171 2613 aliquando

433 2619 604 2662 contigerit
627 2620 810 2655 immiscere
822 2619 842 2662 ¹,
869 2621 991 2655 nullam
1009 2622 1051 2655 ob
1071 2622 1103 2656 id
1126 2622 1170 2655 ir-

468 2684 479 2708 1
503 2681 603 2710 Forsan
622 2683 768 2719 legendum
791 2684 949 2713 immisceri
963 2685 1058 2719 (R.T.).

1188 2034 1339 2081 ‘proprio
1368 2034 1502 2068 sactam‘2
1532 2035 1651 2068 servari
1672 2036 1819 2069 volumus
1831 2035 1866 2079 )³,
1893 2035 1946 2068 alii

1206 699 1253 732 vel
1273 699 1363 739 alios,
1388 700 1539 733 idoneum
1561 700 1609 733 vel
1629 700 1945 742 idoneos‚locumte-

1207 758 1334 786 ncntem
1356 764 1412 786 seu
1433 754 1651 787 locatenentes
1672 760 1703 788 et
1723 754 1877 789 officiales
1897 756 1945 789 vel

1207 805 1439 849 vicesgerentes
1466 812 1555 848 tuos,
1584 818 1665 851 quos
1686 813 1716 841 et
1735 809 1865 852 quando
1887 819 1946 853 pro

1209 864 1352 903 tempore
1381 861 1507 893 duxeris
1527 861 1737 895 assumendos
1765 867 1820 895 aut
1840 862 1944 906 depu-
1980 868 1985 872 ”

1210 913 1343 952 landos,
1372 913 1411 946 de
1436 914 1586 947 omnibus
1614 919 1645 947 et
1669 915 1804 957 singulis
1830 915 1944 956 causis,

1208 966 1311 999 modis
1329 973 1359 999 et
1377 967 1487 1000 sot-mis
1505 968 1714 1013 infrascriptis
1731 969 1947 1011 cognoscendi

1208 1024 1238 1051 et
1258 1019 1427 1053 decidendi
1457 1021 1638 1055 facultatem
1658 1022 1866 1056 concedimus
1890 1032 1948 1066 per

1208 1080 1400 1115 praesentes.
1750 1110 1752 1113 ,
2151 1117 2156 1122 ἢ

1252 1127 1268 1167 g
1289 1125 1318 1158 6.
1345 1126 1435 1165 Quod
1459 1132 1490 1160 tu
1512 1127 1659 1161 videlicet
1679 1128 1766 1170 (tam
1788 1128 1821 1162 in
1842 1129 1947 1163 causis
1987 1124 2182 1175 ammaoni-iffa}

1207 1179 1440 1221 obligationum
1468 1181 1498 1213 in
1525 1181 1628 1215 forma
1648 1181 1828 1223 Camerac',
1849 1193 1944 1227 quam
1961 1168 2181 1207 ga'wnummm'ss*

1208 1233 1239 1265 in
1263 1233 1365 1266 forma
1392 1233 1469 1266 iuris
1493 1235 1736 1277 guarenffigiae,

1962 715 2085 742 guoscendi5

2143 873 2176 1120 §vva-sm
2156 789 2184 834 ‹f-
2149 722 2174 781 ‘0222-

2162 1119 2174 1135 x

1961 1195 2044 1225 ratium·
2051 1197 2167 1225 praetor-2.
2179 1214 2181 1230 J,

1769 1236 1817 1269 vel
1847 1236 1946 1280 Ripae
1962 1221 2181 1282 fflifflsstis'u‘i'iiffgffl

1208 1287 1254 1320 vel
1279 1287 1424 1330 Piipettae
1447 1288 1705 1329 celebratarum,
1734 1300 1770 1322 ac
1791 1289 1888 1322 etiam
1913 1290 1945 1323 in
1961 1277 2181 1332 ζεοὲωῇῗῖιεξοιᾞιῖἶῖἦ

1207 1340 1277 1373 aliis
1294 1341 1545 1383 obligationibus
1563 1342 1594 1375 in
1612 1343 1742 1386 quilius,
1763 1343 1858 1377 eiiam
1873 1344 1945 1378 abs-
1960 1328 2181 1421 l³it2333¹t¹=¹2221fl

1207 1404 1270 1436 que
1294 1393 1490 1436 obligatione
1514 1395 1544 1428 in
1571 1395 1675 1428 forma
1698 1396 1860 1437 Gamerae,
1885 1397 1943 1430 de·
1961 1381 2039 1407 ⁶⁹⁰⁶*
2170 1389 2173 1394 Α

1207 1447 1327 1480 bitores
1352 1448 1574 1481 consenserint
1602 1449 1633 1481 in
1660 1450 1848 1483 mandatum
1876 1461 1947 1484 exe-

1208 1500 1375 1543 quutivum
1394 1501 1487 1534 unica
1508 1501 1670 1541 citatione,
1690 1503 1739 1535 vel
1760 1503 1856 1536 etiam
1877 1503 1946 1537 sine

1208 1553 1379 1591 citatione,
1408 1558 1439 1586 et
1463 1564 1599 1596 quarum
1632 1555 1864 1597 obligationum
1897 1556 1946 1589 vel

1208 1616 1421 1639 consensuum
1447 1606 1557 1649 vigore
1582 1607 1613 1640 in
1641 1607 1712 1641 aliis
1733 1609 1947 1642 tribunalibus

1208 1660 1417 1704 exequutive⁷
1446 1661 1494 1693 vel
1519 1671 1577 1704 per
1601 1661 1831 1696 relaxationem
1858 1673 1948 1696 man-

1208 1714 1356 1747 datorum
1375 1714 1563 1757 proceditur
1585 1715 1697 1759 quovis
1723 1715 1840 1759 modo)
1861 1716 1948 1750 solus

1209 1768 1455 1811 (praeterquam
1477 1767 1559 1801 inter
1580 1768 1663 1802 cives
1683 1769 1844 1803 Romanos
1864 1769 1948 1802 inter
2095 1775 2097 1777 ’
2148 1770 2189 1802 ἓ

1208 1831 1289 1864 quos
1313 1821 1517 1869 privilegium
1539 1832 1594 1855 seu
1615 1822 1877 1856 constitutionem
1899 1822 1948 1855 ul-

1209 1873 1286 1906 timo
1300 1873 1371 1907 loco
1388 1866 1651 1918 pei-‘recolendae
1665 1875 1841 1908 memoriae
1854 1875 1946 1909 Pium

1208 1928 1326 1971 Papam
1350 1928 1389 1961 lv
1414 1928 1562 1961 similiter
1585 1929 1867 1972 praedecessorem
1886 1939 1946 1963 no-

1207 1986 1308 2014 strum
1335 1981 1366 2014 in
1400 1982 1549 2022 savorem,
1566 1982 1677 2026 populi
1704 1983 1829 2015 romani
1858 1988 1947 2016 motu

2148 1413 2185 1766 ‘·1?-v3s·evar-z-3»*3<J“³v²i¹2
2180 1388 2181 1398 ᾼ

1207 2098 1282 2121 vero
1308 2087 1504 2132 quicumque
1532 2088 1627 2121 etiam
1652 2089 1816 2122 Romanae
1833 2088 1947 2122 Curiae

1208 2141 1329 2174 iudices
1347 2140 1379 2173 in
1396 2141 1555 2174 similibus
1566 2141 1669 2175 causis
1685 2142 1867 2175 nullatenus
1881 2142 1948 2175 nul-

1207 2193 1303 2237 loque
1335 2194 1432 2227 modo
1464 2194 1641 2238 procedere
1671 2194 1812 2238 possint;
1847 2205 1883 2228 ac
1907 2195 1948 2228 de

1206 2246 1358 2280 omnibus
1393 2252 1424 2280 et
1458 2247 1593 2290 singulis
1629 2247 1881 2290 obligationibus
1914 2247 1947 2280 in
2179 2239 2181 2255 ⁴

1206 2301 1308 2333 forma
1328 2300 1479 2334 Gamerae
1503 2300 1606 2333 ubivis
1630 2300 1777 2334 locorum
1807 2305 1838 2334 et
1865 2301 1948 2334 inter
2153 2338 2158 2341 ,
2179 2282 2189 2361 ἶ
2223 2341 2226 2347 ,

1207 2363 1429 2398 quascumque
1453 2363 1607 2398 personas
1637 2353 1727 2387 sactis
1751 2354 1799 2387 vel
1827 2354 1947 2388 facien·
2151 2350 2203 2459 η

2179 2458 2202 2501 i:

2181 2507 2202 2546 ll

2191 2550 2201 2568 0

1241 2462 1255 2488 1
1271 2461 1377 2497 Aptiori
1386 2461 1480 2489 ordine
1495 2461 1640 2497 legeretur:
1650 2461 1681 2489 in
1691 2462 1787 2489 causis
1797 2462 1947 2497 obziqatio-

1206 2514 1287 2538 num,
1299 2509 1359 2534 lam
1371 2507 1402 2534 in
1415 2507 1512 2541 sormc‘t
1532 2507 1678 2542 camerae,
1688 2515 1787 2542 quam,
1796 2511 1848 2534 etc.
1862 2508 1942 2542 (uxr).

1240 2551 1256 2578 ⁰2
1277 2550 1342 2577 Vide
1361 2550 1403 2578 Pii
1424 2550 1454 2578 tv
1475 2551 1588 2579 Constit.
1613 2557 1680 2578 xLut
1703 2551 1730 2578 in
1753 2555 1817 2579 tom.
1834 2558 1872 2579 vu
1894 2560 1944 2588 pa-

1204 2595 1267 2630 gina
1284 2595 1334 2621 134
1348 2595 1386 2630 (R.
1398 2595 1446 2630 T.).

1239 2640 1256 2667 3
1275 2640 1385 2668 Videtur
1401 2640 1658 2676 subintelligendum
1674 2641 1830 2676 procedere
1848 2649 1945 2679 nempe

1205 2685 1309 2720 valeas,
1323 2689 1353 2712 ut
1367 2689 1461 2721 postea
1479 2685 1584 2713 dicetur
1597 2685 1634 2721 (a.
1648 2685 1696 2722 tu).
