2227 3241
87 253 138 280 An.
154 251 181 280 C.
206 251 272 280 ¹607

285 298 335 332 nis
354 297 508 331 Bonifacii
534 298 637 341 Papae
664 296 748 338 VIII,
771 295 1028 340 praedecessoris

285 351 387 385 nostri
405 351 445 384 de
463 353 537 391 una,
553 356 583 384 et
597 350 629 383 in
642 349 778 383 concilio
791 349 932 392 generali
946 349 1029 382 edita

286 405 326 438 de
347 404 472 438 duabus
504 403 618 444 dietis,
643 402 821 436 dummodo
851 402 934 434 ultra
967 407 1030 434 tres

286 457 387 491 dietas
415 456 487 501 quis
519 456 710 489 auctoritate
739 455 956 499 praesentium
990 454 1030 488 ad

285 511 441 544 iudicium
470 519 534 543 non
566 508 729 548 trahatur,
750 507 885 551 aliisque
906 508 1026 541 eonsti-

286 563 464 597 tutionibus
490 567 520 595 et
540 559 798 594 ordinationibus
824 560 1027 604 apostolicis,

286 625 413 650 necnon
426 613 697 648 monasteriorum
709 612 865 646 Ordinum
880 623 1032 656 quorum-

286 678 437 712 cumque,
457 667 652 707 iuramento,
673 665 920 699 confirmatione
936 676 1030 709 apos-

286 721 392 762 tolica,
413 721 462 755 vel
476 719 587 765 quavis
606 718 759 752 firmitate
777 718 838 752 alia
856 718 1026 760 roboratis,

284 774 409 808 statutis
445 780 475 808 et
511 772 799 807 consuetudinibus
814 799 821 813 ‚
854 772 1030 816 privilegiis

284 838 427 872 quoque,
456 826 610 867 indultis,
639 824 907 870 exemptionibus,
933 825 1029 858 etiam

283 880 375 914 Mare
391 880 559 924 Maynum,
574 884 628 912 aut
645 879 723 912 alias
737 878 940 922 nuncupatis,
955 888 1030 912 con-

283 938 484 967 servatorum
518 932 781 976 deputationibus
806 936 837 965 et
861 942 973 964 eorum
994 942 1030 964 ae

284 986 354 1019 aliis
373 985 623 1019 inhibitionibus
637 984 770 1029 (quibus
785 989 817 1017 tu
832 984 957 1018 deferre
972 984 1030 1017 mi-

283 1039 370 1073 nime
388 1038 517 1080 teneris,
533 1038 599 1079 sed,
619 1037 680 1071 illis
693 1037 821 1071 reiectis
833 1042 863 1070 et
876 1047 941 1070 non
958 1037 1030 1070 ohs-

284 1092 436 1133 tantibus,
460 1091 491 1125 in
519 1091 610 1125 dictis
632 1090 755 1131 causis,
779 1095 814 1123 ut
840 1090 1030 1134 praefertur,

282 1146 460 1190 procedere
491 1151 522 1178 et
551 1145 620 1178 illas
638 1144 708 1178 iure
722 1143 830 1178 debito
855 1144 1029 1178 terminare

282 1198 409 1243 possis),
423 1209 460 1232 ac
473 1197 588 1231 litteris
605 1197 791 1242 apostolicis
809 1202 839 1230 et
853 1197 1030 1241 exemptio-

282 1252 376 1286 nibus
390 1252 593 1286 monasteriis
603 1257 634 1285 et
646 1250 819 1285 Ordinibus
832 1250 1029 1294 huiusmodi,

282 1317 319 1339 ac
340 1306 468 1340 illorum
488 1305 710 1345 conventibus,
727 1305 896 1338 abbatibus
911 1310 940 1338 et
958 1315 1029 1349 per-

283 1359 381 1401 sonis,
398 1369 527 1393 necnon
544 1359 733 1393 eorumdem
753 1358 978 1392 definitoribus
998 1364 1029 1392 et

284 1413 449 1459 quibusvis
481 1413 550 1447 aliis
582 1413 814 1457 cuiuscumque
839 1413 1025 1456 dignitatis,

283 1473 383 1501 status
396 1473 426 1501 et
442 1467 715 1511 praeeminentiae
730 1467 948 1508 existentibus,
969 1468 1027 1501 sul)

283 1520 543 1565 quibuscumque
578 1520 744 1554 tenoribus
776 1526 807 1554 ct
832 1520 963 1562 formis,
992 1532 1028 1554 ac

283 1585 355 1608 eum
378 1574 543 1618 quibusvis
560 1574 654 1607 etiam
674 1575 951 1617 derogatoriarum
971 1575 1026 1608 de-

283 1627 467 1670 rogatoriiS,
488 1627 623 1671 aliisque
644 1626 879 1661 efficacioribus
893 1634 923 1662 ct
943 1628 1027 1662 inso-

283 1681 347 1715 litis
371 1681 522 1715 clausulis
537 1709 544 1722 ,
568 1681 662 1715 etiam
690 1681 828 1722 talibuS,
853 1682 938 1727 quod
965 1682 1027 1715 illis

282 1734 466 1768 nullatenus
502 1740 557 1768 aut
584 1734 713 1768 nonnisi
741 1735 838 1768 modo
869 1740 899 1768 et
924 1736 1026 1769 form-21

283 1788 316 1821 in
338 1788 400 1821 illis
418 1788 574 1832 expressis
596 1788 742 1831 derogari
764 1789 874 1833 possit,
899 1788 1026 1823 irritan-

284 1841 368 1874 tibus
385 1847 416 1874 et
436 1841 506 1875 aliis
531 1842 680 1883 decretis,
704 1842 801 1875 etiam
821 1848 908 1875 motu
929 1842 1026 1875 simili

284 1900 315 1928 et
336 1905 371 1928 ex
393 1898 479 1929 certa
504 1895 637 1928 scientia
666 1895 697 1928 in
723 1896 922 1929 contrarium
944 1907 1023 1930 con-

284 1947 402 1988 cessis,
432 1948 617 1992 approbatis
649 1954 679 1982 et
712 1949 878 1982 innovatis.
907 1949 1027 1988 Quibus

284 2001 458 2042 omnibus,
491 2001 620 2035 illorum
650 2007 778 2036 tenores
806 2003 1028 2047 praesentibus

283 2066 344 2099 pro
365 2055 522 2100 expressis
542 2056 708 2097 habentes,
733 2056 794 2089 illis
819 2056 897 2090 alias
919 2057 949 2090 in
971 2068 1027 2090 suo

284 2109 403 2142 robore
427 2109 658 2153 permansuris,
682 2109 741 2143 hac
767 2109 833 2143 vice
864 2110 1029 2143 dumtaxat

284 2163 469 2207 specialiter
489 2169 520 2196 et
540 2173 688 2207 expresse
714 2163 926 2206 derogamus,
951 2174 1025 2197 cae-

286 2215 428 2259 terisque
446 2216 617 2249 contrariis
635 2216 916 2260 quibuscumque;
937 2222 990 2250 aut
1004 2217 1028 2250 si

285 2269 469 2314 aliquibus,
499 2269 715 2303 communiter
741 2270 787 2302 vel
813 2269 961 2311 divisim,
990 2270 1029 2304 ab

285 2324 396 2357 eadem
413 2323 546 2357 sitSede
567 2323 740 2364 indultum,
756 2323 843 2367 quod
865 2323 1025 2365 interdici,

285 2376 438 2421 suspendi
457 2377 504 2410 vel
526 2376 800 2410 excommunicari
822 2387 885 2410 non
906 2378 1029 2421 possint

286 2430 478 2475 pei-litteras
492 2429 685 2474 apostolicas
702 2440 765 2463 non
789 2430 939 2464 facientes
960 2431 1029 2474 ple-

286 2493 359 2516 nam
371 2489 405 2516 et
423 2494 604 2527 expressam
619 2483 707 2517 aede
726 2483 823 2516 verbo
838 2484 877 2517 ad
896 2484 1027 2517 verbum

287 2537 326 2570 de
344 2536 468 2571 indulto
492 2537 676 2571 huiusmodi
699 2537 907 2570 mentionem.
932 2536 1029 2571 Volu—

288 2601 358 2624 mus
371 2596 488 2632 autem,
499 2591 586 2634 quod
598 2596 630 2624 tu
644 2591 828 2624 facultatem
844 2590 1029 2624 huiusmodi

288 2643 321 2676 in
344 2643 394 2676 his
413 2644 530 2678 nostris
550 2644 664 2677 litteris
685 2655 742 2688 per
763 2654 822 2678 nos
849 2644 903 2677 tibi
927 2644 1029 2677 tribu-

350 2705 429 2732 Bull.
449 2706 526 2734 Rom.
547 2722 579 2725 —
603 2706 663 2734 Vol.
680 2706 728 2734 XI.
928 2706 961 2733 58

936 248 1054 273 PAULUS
1072 249 1090 273 V
1107 249 1157 273 PP-

1705 235 1769 270 457
1816 244 1864 271 An.
1886 244 1915 271 e.
1941 244 2005 271 1607

1063 300 1126 328 tam
1155 302 1183 329 ct
1210 296 1318 328 omnia
1340 295 1371 328 in
1392 295 1437 328 eis
1455 300 1605 328 contenta
1620 293 1739 327 eisdem
1754 303 1804 326 su-

1062 349 1244 392 perioribus
1263 348 1465 391 regularibus
1483 348 1631 381 intimare
1650 352 1680 380 et
1700 346 1805 391 publi-

1062 412 1135 434 care
1159 401 1286 442 debeas,
1303 401 1447 445 alioquin
1468 405 1653 445 praesentes
1677 405 1805 433 nostrae

1062 453 1185 486 litterae
1206 454 1325 487 nullius
1345 454 1406 487 sint
1429 454 1554 487 roboris
1572 454 1619 486 vel
1635 452 1800 486 momenti.

1107 508 1220 541 Datum
1245 508 1365 541 Romae
1390 508 1475 552 apud
1502 513 1647 541 sanctum
1672 507 1803 540 Petrum

1064 561 1122 594 sub
1144 561 1264 595 annulo
1277 561 1459 601 Piscatoris‚
1476 561 1528 594 die
1541 571 1606 596 xxu
1625 560 1804 594 decembris

1065 624 1187 655 nucvn,
1214 614 1420 658 pontificatus
1440 614 1539 648 nostri
1561 625 1646 648 anno
1667 625 1712 648 111.

1099 677 1160 704 Dat.
1183 676 1226 704 die
1246 676 1280 703 22
1300 676 1454 704 decembris
1472 675 1553 708 1607,
1574 676 1666 711 pontif.
1689 685 1733 703 an.
1755 682 1794 703 111.

1390 861 1477 895 xctt.

1066 986 1187 1020 Contra
1205 985 1323 1029 fratres
1350 984 1485 1019 Ordinis
1511 984 1805 1027 Praedicaeorum,

1109 1039 1168 1082 qui
1195 1049 1256 1082 pro
1281 1037 1500 1082 consequendo
1524 1037 1629 1081 officio
1653 1038 1807 1081 vzaqz'stri

1108 1091 1273 1135 <qeneralz's
1296 1101 1355 1135 pro
1379 1101 1410 1123 se
1436 1090 1482 1123 rel
1502 1090 1581 1122 aliis
1610 1090 1653 1123 acl
1681 1091 1805 1133 favores

1068 1146 1089 1171 Π
1109 1149 1200 1177 eoetra
1226 1144 1426 1188 Reliqionem
1445 1148 1618 1177 recm'runl
1633 1171 1639 1185 ,
1664 1144 1713 1177 vel
1729 1144 1806 1177 aliis

1111 1197 1216 1230 minus
1242 1197 1400 1240 legitimis
1425 1197 1529 1230 modis
1554 1197 1640 1230 illust
1664 1197 1807 1230 oblinere

1109 1255 1271 1295 quaerunt
1285 1251 1304 1284 ¹.

1289 1371 1400 1397 Paulus
1426 1371 1505 1404 Papa
1528 1371 1564 1404 V,

1189 1419 1223 1444 ad
1240 1419 1418 1450 perpetuam
1438 1416 1482 1442 rei
1502 1415 1680 1443 memoriam.

1108 1515 1329 1547 Admonemur
1342 1513 1510 1557 pastoralis
1525 1513 1620 1546 officii
1635 1514 1735 1546 nostri
1750 1514 1804 1547 de-

1063 1568 1141 1607 bito,
1160 1567 1346 1609 diligentius
1369 1567 1566 1610 prospicere,
1584 1577 1623 1600 ne
1648 1567 1805 1610 religiosis

1062 1622 1100 1654 ad
1128 1620 1298 1664 dignitates
1323 1625 1353 1653 et
1379 1619 1483 1653 officia
1515 1629 1574 1664 pcr
1604 1621 1804 1654 emendicata

1061 1674 1213 1717 suffragia
1233 1673 1422 1707 ambitiosus
1447 1677 1552 1717 pateat
1580 1684 1735 1707 accessus.

1106 1731 1121 1771 ξ
1137 1728 1165 1761 1.
1185 1728 1270 1762 Alias
1283 1728 1442 1772 siquidem
1458 1727 1557 1761 felicis
1571 1728 1805 1761 recordationis
1834 1738 2006 1770 Gregofiusxm

1060 1783 1233 1826 Gregorius
1247 1783 1332 1826 Papa
1345 1782 1422 1823 XIII,
1439 1782 1669 1826 praedeeessor
1682 1789 1800 1823 noster,
1819 1766 2004 1827 Elssissssfssssassffsz

1061 1847 1118 1881 per
1149 1847 1222 1869 suas
1254 1836 1285 1868 in
1318 1835 1419 1868 forma
1446 1835 1553 1868 Brevis
1584 1835 1723 1876 litteras,
1752 1819 2007 1871 diellfflslffiffl‘elllffff

1818 1873 1918 1898 religioso
1934 1872 2004 1892 facere

1062 1901 1072 1924 1
1093 1889 1172 1923 iunii
1197 1899 1336 1929 MDLxxx,
1360 1889 1567 1932 pontificatus
1588 1888 1634 1921 sui
1665 1899 1750 1921 anno
1771 1899 1801 1922 lx
1820 1900 1851 1919 vei
1866 1904 1956 1924 poenam
1972 1905 2003 1928 ςε-

1062 1945 1162 1983 datas,
1180 1943 1334 1985 magistro
1347 1942 1488 1985 generali
1502 1953 1538 1975 ac
1551 1941 1803 1986 provincialibus
1818 1925 2006 1999 Ξῖὲίιὶῗὲἓοχῗέτὲέ

1063 2003 1093 2031 et
1105 1996 1238 2040 reliquis
1249 1995 1377 2030 Ordinis
1391 1996 1525 2028 fratrum
1540 1995 1801 2029 Praedicatorum
1819 2006 1889 2025 amem
1913 2005 2004 2026 existen-

1063 2050 1224 2095 praelatis‚
1250 2055 1326 2082 tune
1346 2054 1375 2082 et
1396 2060 1455 2093 pro
1478 2055 1623 2093 tempore
1644 2049 1804 2083 existenti·
1820 2034 1877 2053 ‘¹⁰⁰¹'

1063 2101 1132 2141 bus,
1158 2100 1187 2133 in
1208 2100 1325 2134 virtute
1345 2106 1473 2133 sanctae
1491 2100 1695 2134 obedientiae
1716 2110 1805 2133 man-

1063 2154 1160 2195 davit,
1181 2165 1220 2187 ne
1241 2154 1279 2186 ad
1306 2154 1489 2187 instantiam
1508 2159 1538 2187 et
1559 2153 1803 2198 requisitionem

1064 2217 1344 2251 quarumcumque
1376 2217 1614 2251 personarum,
1650 2212 1712 2240 tam
1741 2206 1801 2239 lai-

1064 2271 1173 2294 carum
1200 2271 1296 2305 quam
1324 2260 1626 2301 ecclesiasticarum,
1645 2266 1730 2293 extra
1754 2270 1805 2293 su-

1064 2315 1244 2358 pradictum
1260 2314 1411 2348 Ordinem
1431 2314 1688 2357 constitutarum,
1708 2314 1802 2347 etiam

1065 2368 1281 2401 cardinalatus
1301 2368 1425 2402 honore
1452 2373 1481 2401 et
1507 2378 1712 2411 quarumque
1730 2378 1801 2401 sae-

1065 2422 1164 2455 culari
1187 2422 1342 2465 dignitate
1363 2427 1393 2455 et
1413 2421 1599 2455 excellentia
1622 2421 1716 2455 etiam
1739 2422 1801 2455 du-

1065 2476 1136 2517 cali,
1157 2476 1254 2519 regali
1269 2482 1296 2509 et
1314 2475 1471 2520 imperiali
1485 2475 1687 2518 fulgentium,
1705 2475 1804 2509 cuivis

1065 2528 1139 2562 dicti
1153 2528 1280 2563 Ordinis
1297 2528 1448 2571 religioso
1462 2529 1561 2561 ullam
1577 2529 1711 2570 gratiam
1729 2539 1806 2563 con-

1847 1525 1968 1546 lswrdium.

1102 2609 1111 2635 1
1134 2608 1174 2635 De
1193 2609 1244 2635 hoc
1264 2608 1365 2635 Ordine
1382 2608 1443 2635 vide
1460 2608 1486 2634 in
1503 2608 1617 2635 Ilonorii
1634 2614 1660 2635 111
1676 2608 1767 2636 Const.
1786 2615 1804 2635 11

1064 2652 1235 2687 Retiytosam
1254 2655 1319 2680 tom.
1337 2659 1364 2679 111
1380 2660 1442 2687 pag.
1460 2651 1519 2679 309-
