2227 3241
260 311 349 340 Amc.
373 312 436 340 1611

287 2302 403 2329 Episcopus
412 2302 460 2323 Mel-

274 2330 462 2356 phienstsnuuctus

276 2356 398 2382 designato<
434 2356 458 2376 :td

275 2388 344 2408 regem
377 2382 460 2408 Hungzi-

276 2415 326 2429 riae.

486 301 551 337 674

455 359 494 393 de
516 359 638 392 duabus
666 357 781 397 dietis,
810 356 988 390 dummodo
1016 355 1099 390 ultra
1127 361 1192 390 tres

455 413 554 445 dietas
567 410 680 454 aliquis
706 410 895 443 auctoritate
914 410 1130 454 praesentium
1151 411 1190 444 ad

457 464 610 498 iudicium
623 474 687 496 non
706 463 859 504 trabatur,
881 463 1015 507 aliisque
1029 463 1191 506 quibusvis

456 516 735 551 constitutionibus
751 522 781 550 ct
794 516 1051 550 ordinationibus
1065 522 1193 561 aposto-

456 571 534 611 licis,
551 581 588 604 ac
604 580 883 614 quarumcumque
903 570 1078 611 civitatum,
1093 575 1194 604 terra-

456 634 527 656 rum
549 630 579 656 et
599 624 757 664 locorum,
785 634 822 657 ac
843 623 1063 665 ecclesiarum,
1080 634 1192 657 mona-

456 677 626 710 steriorum
637 681 668 710 ot
678 676 874 719 regularium
882 677 1028 710 locorum
1044 687 1194 720 quorum-

457 740 606 774 cumque,
623 729 718 762 etiam
741 730 934 771 iuramento,
948 730 1195 763 confirmatione

457 783 643 827 apostolica,
664 783 711 816 vel
729 782 838 826 quavis
851 783 1000 816 firmitate
1019 783 1078 816 atis
1101 782 1195 816 robo-
1213 818 1214 823 ¹

457 837 544 878 ratis,
567 837 692 870 statutis
710 843 740 871 et
753 837 1048 878 consuetudinibus,
1068 837 1196 881 privile·
1213 849 1215 869 t

457 890 517 933 giis
537 901 688 935 quoque,
709 891 965 936 exemptionibus
979 918 987 932 ,
1011 890 1142 924 indultis
1167 896 1194 923 et

457 944 571 977 litteris
588 944 782 988 apostolicis,
799 945 857 978 sub
875 944 1131 988 quibuscumque
1155 949 1197 976 te-

459 997 592 1031 noribus
612 1003 642 1030 et
655 997 777 1039 formis,
795 1008 831 1031 ac
849 1007 920 1030 cum
935 996 1098 1041 quibusvis
1112 997 1196 1030 clau-

459 1050 536 1084 sulis
556 1056 587 1084 et
607 1051 753 1091 decretis,
774 1051 805 1084 in
827 1050 1022 1085 contrarium
1043 1049 1197 1094 praemis-

460 1114 568 1138 sorum
589 1104 835 1148 quomodolibet
848 1104 1017 1144 concessis,
1028 1104 1199 1137 confirma-
1217 1128 1218 1131 η

461 1157 499 1190 115
524 1162 556 1190 et
586 1152 783 1201 approbatis,
805 1157 1003 1201 caeterisque
1031 1157 1200 1190 contrariis

461 1209 728 1254 quibuscumque.

504 1264 618 1297 Datum
636 1265 757 1297 Romae
778 1264 861 1308 apud
882 1269 1027 1297 sanctum
1045 1263 1197 1304 Marcum,

463 1319 521 1352 sub
554 1319 675 1352 annulo
712 1318 883 1351 Piscatoris
897 1345 904 1359 ,
935 1317 985 1351 die
1020 1327 1094 1351 xxtv
1127 1317 1199 1351 maii

463 1383 571 1416 innexi,
593 1372 798 1417 pontificatus
817 1372 918 1406 nostri
939 1382 1024 1406 anno
1045 1382 1085 1406 vt.

501 1435 558 1463 Dat.
582 1436 624 1464 die
645 1436 679 1463 24
699 1436 761 1463 maii
784 1435 863 1470 1611,
884 1435 978 1471 pontif.
1005 1443 1048 1463 an.
1065 1443 1102 1463 vi.

758 1586 907 1622 CLXXIV.

467 1687 619 1721 Extensz'o
642 1686 840 1729 facultatum
863 1685 978 1718 nuncii
997 1685 1087 1728 apud
1100 1694 1202 1727 reqem
1221 1716 1223 1724 Ὺ

511 1739 706 1782 Hunqctriae
730 1739 771 1771 acl
795 1748 930 1782 refluum
954 1738 1138 1778 Boltemiae,
1162 1725 1223 1769 adl

512 1793 749 1837 beneplacitum
773 1792 972 1834 Pontificis¹.

468 1899 637 1928 Venerabili
656 1898 744 1926 fratri
761 1897 880 1925 Placido
897 1898 1037 1932 episcopo
1061 1896 1207 1924 Melfiensi

505 1945 541 1972 ad
561 1944 771 1972 charissimum
786 1943 816 1970 in
833 1943 947 1970 Christo
963 1942 1057 1969 filium
1072 1945 1207 1969 nostrum
1224 1963 1226 1977 ,

505 1989 649 2021 mathiam
665 1987 833 2022 nungariae
849 1990 879 2014 et.
895 1986 1051 2014 Bohemiae
1061 1993 1161 2021 regem
1175 1986 1208 2012 il-

504 2036 630 2062 lustrem
641 2036 745 2061 nostro
761 2035 791 2059 et
807 2032 989 2066 apostolicae
1002 2031 1087 2059 Sedis
1098 2030 1207 2059 nuncio

705 2096 815 2123 Paulus
837 2095 914 2129 Papa
933 2095 964 2122 V.

683 2175 869 2204 Venerabilis
889 2176 994 2206 frater,

509 2224 639 2251 salutem
660 2225 690 2249 61,
711 2221 906 2256 apostolicam
925 2219 1172 2248 benedictionem.

519 2297 535 2338 ξ
550 2294 579 2328 1.
598 2294 682 2328 Alias
698 2298 729 2326 te
747 2294 785 2327 ad
803 2292 1025 2326 charissimum
1046 2292 1075 2324 in
1090 2291 1211 2326 Christo
1229 2279 1230 2322 J

475 2348 576 2382 filium
591 2353 736 2381 nostrum
751 2347 912 2387 Maffliam,
939 2352 1013 2380 tunc
1030 2345 1212 2388 Hungariae
1230 2353 1231 2358 ¹

511 2412 522 2438 1
545 2410 582 2438 Ex
598 2410 705 2446 nege-st.
723 2410 749 2437 in
770 2409 869 2437 Secret.
887 2408 964 2436 Brev.

1035 308 1218 334 nULLAmun
1238 309 1392 335 ROMANUM

1226 367 1354 400 regem,
1384 357 1584 399 designatum
1607 362 1755 391 nostrum
1778 364 1809 392 ot
1825 359 1962 403 Aposto-

1227 410 1306 444 licac
1319 410 1408 444 Sedis
1425 410 1578 443 nuncium
1598 421 1671 444 cum
1692 416 1846 455 potestate
1867 412 1963 455 legati

1228 464 1267 497 de
1288 464 1384 497 latere
1406 463 1645 504 destinavimus,
1665 470 1695 496 et
1713 469 1747 496 ut
1764 462 1965 508 quae¹regnt

1228 515 1420 558 Hungariae,
1442 516 1591 560 illiusque
1609 516 1848 560 provinciarum
1870 523 1902 550 et
1920 517 1967 551 lo-

1229 579 1352 611 corum,
1377 579 1413 603 ac
1430 579 1641 613 personarum
1664 570 1852 604 eorumdem
1874 570 1968 605 saluti

1229 628 1259 656 et
1284 622 1378 655 statui
1399 624 1497 666 opera
1526 625 1577 656 tua
1597 623 1840 664 consuleretur,
1866 628 1969 658 certas

1230 681 1306 708 tunc
1339 685 1502 719 expressas
1532 676 1696 709 facultates
1727 677 1966 719 concessimus,

1230 734 1325 772 prout
1359 729 1389 761 in
1423 728 1492 761 aliis
1524 728 1642 761 nostris
1674 729 1706 761 in
1738 729 1835 762 simili
1867 730 1969 764 forma

1231 782 1347 823 Brevis,
1368 782 1425 815 sub
1445 781 1495 814 die
1509 792 1563 815 xx1
1581 782 1704 825 augusti
1723 793 1858 824 tnncvm,
1876 794 1970 828 expe-

1232 835 1304 868 ditis
1326 834 1436 868 littoris
1459 835 1584 878 plenius
1605 835 1810 869 continetur2.

1277 890 1292 931 g
1307 888 1336 921 2.
1354 888 1429 922 Cum
1448 893 1564 931 autem,
1579 888 1657 922 sicut
1677 889 1871 933 accepimus,
1883 889 1968 923 idem

1232 942 1363 976 Mathias
1379 941 1527 975 Boemiae
1547 951 1602 975 rex
1619 947 1744 976 creatus
1764 942 1877 985 fuerit,
1897 953 1968 985 nos,

1235 1003 1268 1030 ut
1292 995 1438 1040 personis
1458 995 1606 1042 similiter
1630 996 1785 1040 praedicti
1804 996 1894 1039 regni
1911 997 1970 1031 Bo-

1234 1049 1375 1090 hcmiae,
1399 1060 1436 1083 ac
1459 1059 1674 1093 personarum
1700 1055 1730 1083 et
1753 1050 1900 1084 locorum
1925 1050 1972 1084 illi

1235 1103 1449 1137 adiacentium
1471 1108 1651 1146 opportune
1672 1103 1856 1144 consulere,
1878 1109 1973 1147 teque

1235 1167 1310 1200 erga
1336 1156 1406 1189 illos
1430 1156 1542 1189 utilem
1568 1161 1598 1189 et
1622 1155 1796 1199 benignum
1823 1156 1973 1190 exhibere

1236 1210 1356 1254 possis,
1387 1209 1441 1242 tibi
1458 1237 1465 1250 ‚
1494 1219 1591 1254 quem
1617 1209 1702 1252 apud
1728 1209 1879 1242 eumdem
1903 1209 1970 1242 Ma-

1239 1265 1336 1297 thiam
1363 1264 1458 1297 etiam
1484 1263 1657 1296 Bohemiae
1684 1272 1793 1306 regem
1818 1262 1919 1296 nostri
1943 1267 1975 1296 et

1237 1318 1327 1352 Sedis
1344 1317 1545 1361 Apostolicae
1565 1316 1684 1358 nuncii,
1702 1322 1737 1350 ut
1755 1327 1814 1360 par
1831 1321 1886 1358 est,
1905 1326 1975 1349 mu-

1238 1385 1314 1408 11616
1347 1374 1435 1417 fungi
1461 1373 1579 1407 debere
1604 1372 1818 1413 intendimus,
1846 1372 1974 1406 easdem

1239 1431 1415 1469 facultates,
1433 1429 1505 1469 tibi,
1528 1435 1563 1462 ut
1579 1428 1760 1473 praefetur,
1789 1437 1971 1469 concessas,

1239 1495 1318 1528 quas
1337 1483 1561 1528 praesentibus
1593 1493 1653 1526 pro
1684 1481 1839 1525 expressis
1863 1480 1976 1515 haberi

1239 1539 1396 1578 volumus,
1421 1537 1451 1569 in
1478 1536 1643 1581 praedicto
1672 1535 1845 1569 Boherniae
1876 1544 1976 1578 regno

1239 1601 1275 1626 ac
1307 1590 1479 1635 provinciis
1512 1595 1541 1623 et
1575 1589 1654 1622 locis
1685 1588 1731 1621 illi
1757 1587 1977 1622 adiacentibus

1239 1643 1457 1684 concedimus,
1481 1649 1575 1687 teque
1601 1642 1661 1675 illis
1686 1641 1836 1675 omnibus
1860 1647 1891 1674 61
1914 1640 1978 1674 sin-

1239 1699 1342 1742 gulis,
1376 1697 1470 1730 etiam
1500 1697 1531 1729 in
1559 1696 1732 1730 Bohemiae
1757 1705 1858 1738 regno
1878 1705 1974 1739 prae-

1240 1752 1343 1792 dicto,
1372 1752 1411 1784 ad
1438 1756 1584 1784 nostrum
1613 1755 1643 1783 et
1666 1749 1756 1784 Sedis
1776 1749 1978 1793 Apostolicae

1222 1842 1224 1850 ,
1240 1805 1478 1849 beneplacitum
1496 1804 1542 1837 uti
1565 1803 1699 1847 illasque
1715 1812 1865 1836 exercere
1878 1802 1979 1836 libere

1241 1865 1271 1894 ct
1287 1859 1372 1893 licite
1390 1869 1483 1903 posse
1501 1857 1704 1891 decernimus
1723 1863 1753 1890 et
1769 1856 1978 1890 declaramus.

1286 1915 1302 1956 g
1323 1912 1352 1946 3.
1377 1913 1446 1946 Non
1472 1911 1672 1945 obstantibus
1698 1909 1981 1944 constitutionibus

1242 1971 1272 2000 et
1289 1965 1548 1999 ordinationibus
1568 1963 1762 2008 apostolicis,
1783 1963 1982 2008 caeterisque

1243 2019 1411 2053 contrariis
1432 2018 1701 2063 quibuscumque.

1286 2073 1399 2106 Datum
1417 2073 1539 2107 Romae
1556 2072 1642 2116 apud
1659 2075 1803 2105 sanctum
1826 2070 1979 2111 Marcum,

1244 2127 1302 2161 sub
1335 2127 1454 2160 annulo
1489 2125 1685 2166 Piscatoris,
1714 2124 1765 2158 die
1799 2134 1874 2158 xxiv
1907 2122 1983 2157 maii

1245 2189 1352 2221 unctu,
1373 2179 1579 2224 pontificatus
1603 2177 1702 2212 nostri
1724 2187 1808 2211 anno
1826 2188 1868 2212 vi.

1281 2243 1339 2270 Dat.
1356 2242 1399 2270 die
1413 2242 1446 2269 24
1462 2242 1524 2269 maii
1542 2241 1619 2276 1611,
1635 2240 1728 2277 pontif.
1746 2248 1789 2268 an.
1806 2246 1841 2267 Vt.

1285 2317 1293 2342 t
1318 2315 1391 2342 Hanc
1409 2322 1498 2341 vocem
1523 2321 1596 2349 quae
1611 2311 1775 2347 redundare,
1791 2319 1823 2339 ex
1847 2310 1984 2346 sequenti-

1247 2360 1297 2387 bus
1313 2359 1425 2394 colliges
1440 2360 1478 2392 (11.
1491 2361 1539 2391 1.).

1231 2419 1233 2428 ι
1283 2405 1299 2432 2
1318 2403 1389 2435 Quae
1406 2403 1432 2430 in
1448 2403 1582 2430 Bullario
1598 2410 1649 2429 non
1665 2400 1799 2429 habentur
1815 2402 1851 2435 (11.
1867 2399 1913 2434 τ-).

1054 2566 1431 2654 &1:00

1975 312 2024 340 An.
2037 312 2066 340 C.
2092 313 2155 342 tett
2183 310 2186 311 ⁷

2011 896 2134 918 Facultates
2149 897 2167 918 ei

1984 923 2025 944 iam
2044 923 2108 945 datae
2130 929 2168 950 pro

1983 949 2094 976 Hungaria
2139 948 2168 971 ad
2196 962 2197 965 =

1984 975 2100 998 Botiemiae
2132 982 2170 998 re-

1984 1008 2045 1029 gnum
2060 1004 2172 1026 extendun-

1985 1032 2025 1051 tur.

2022 1903 2132 1925 Contraria
2139 1903 2177 1925 tot·

1995 1931 2072 1952 luntur.
