2227 3241
220 262 270 288 An.
292 261 320 289 c.
339 261 405 290 1609
452 252 516 288 594

897 223 917 233 v

421 310 559 353 gatione,
586 309 669 343 idem
697 320 751 342 rex
780 309 849 342 fieri
873 309 1003 342 mandet
1025 310 1162 353 desuper

421 364 535 396 iustam
557 362 784 403 resectionem,
809 362 994 407 recipiendo
1020 363 1058 396 ab
1087 362 1163 406 ipsis

421 415 562 449 ecclesiis
580 415 619 448 ad
636 426 728 448 suum
751 422 951 459 computum,
973 416 1162 450 desalcando

421 480 456 502 ex
482 468 575 502 dictis
596 469 742 502 ducentis
769 474 800 502 ct
824 469 1055 512 quinquagiata
1077 469 1163 502 mille

421 521 544 555 ducatis
565 526 667 554 ratam
691 521 767 555 tales
791 531 946 566 personas
970 523 1018 556 vel
1038 522 1163 556 Militias

422 580 617 618 tangentem.
643 575 776 616 Rursus,
798 576 884 619 quod
906 575 1068 619 quaelibet
1089 587 1162 620 per-

421 639 517 662 sonae
544 628 779 671 cuiuscumquc
804 628 966 672 qualitatis
994 634 1023 662 et
1054 628 1161 672 digni-

423 681 494 714 tatis
517 681 664 722 existant,
688 692 770 725 quae
795 681 975 725 percipiunt
1009 687 1039 715 ct.
1058 682 1162 726 perci-

412 734 510 778 'pient
527 735 718 779 pensiones,
747 734 980 779 comprehendi
1003 735 1160 777 debeant,

421 788 462 821 ad
483 787 630 821 effectum
653 787 881 821 contribuendi
903 788 943 822 ad
963 788 1063 821 instar
1083 788 1163 822 alio-

420 852 493 874 rum
514 840 699 874 reddituum
722 840 940 883 decimalium,
958 841 990 874 in
1009 840 1164 875 divisione

422 894 607 928 huiusmodi
638 894 852 927 ducentorum
875 899 905 927 et
931 894 1165 939 quinquaginta

421 948 559 982 millium
585 948 776 981 ducatorum
792 975 799 988 ,
829 958 892 981 non
914 947 1058 982 obstante
1079 959 1160 992 qua-

421 1013 561 1046 cumque
582 1001 735 1042 clausula,
760 1002 974 1045 exemptione,
995 1012 1164 1045 praeroga-

420 1057 494 1097 tiva,
522 1061 576 1089 aut
596 1055 769 1089 donatione
791 1061 821 1088 et
842 1055 1051 1098 obligatione,
1067 1056 1163 1089 etiam

420 1110 452 1142 in
474 1111 577 1142 forma
599 1109 759 1149 Gamerae,
777 1109 809 1141 in
826 1108 874 1142 sui
896 1109 1036 1142 favorem
1060 1109 1159 1142 sactis.

419 1164 575 1207 Quodque
602 1162 746 1196 decimae
772 1168 802 1195 et
828 1162 949 1203 tertiae,
974 1174 1052 1207 quas
1078 1162 1161 1196 idem

418 1216 586 1261 Philippus
604 1226 657 1249 rex
678 1216 785 1257 hahet,
802 1221 831 1249 et
846 1227 1051 1261 quocumque
1067 1217 1162 1250 modo

420 1270 572 1315 possidet,
590 1271 637 1304 vel
655 1269 733 1303 alias
751 1270 904 1310 vendidit,
928 1276 982 1303 aut
1003 1270 1162 1315 impigno-

419 1324 585 1358 ravitcum
601 1324 757 1358 evictione
779 1330 808 1358 et
829 1325 1046 1359 declaratione
1075 1327 1163 1370 quod

420 1379 483 1412 sint
503 1384 532 1413 et
553 1389 620 1412 esse
647 1379 783 1413 debeant
815 1379 934 1413 liberae
962 1392 978 1413 a
1007 1380 1162 1415 divisione

420 1439 451 1467 et
471 1432 615 1466 subsidio
648 1438 679 1466 et
699 1433 842 1477 qualibet
866 1433 927 1466 alia
956 1433 1162 1478 impositione

420 1486 594 1530 apostolica
610 1515 618 1528 ,
638 1497 807 1521 remanere
829 1487 967 1521 debeant
993 1488 1112 1522 liberae
1134 1495 1163 1523 et

420 1541 524 1574 salvae
545 1551 562 1574 a
582 1540 802 1585 reparatione¹
826 1541 986 1575 dictorum
1008 1542 1162 1577 ducento-

420 1605 491 1628 rum
506 1601 536 1628 et
551 1595 785 1639 quinquaginta
803 1595 939 1629 millium
959 1596 1161 1640 ducatorum,

420 1649 541 1693 absque
563 1659 611 1690 eo,
634 1649 720 1693 quod
734 1649 793 1682 hac
807 1649 846 1683 de
860 1652 965 1690 causa,
986 1651 1031 1683 vel
1055 1650 1162 1695 aliqua

420 1702 492 1742 alia,
521 1702 581 1735 nisi
603 1713 639 1735 ex
660 1703 818 1736 contentis
842 1703 875 1736 in
902 1704 1061 1747 praesenti
1084 1715 1161 1738 con-

420 1756 541 1797 cordia,
563 1756 685 1800 aliquid
707 1757 872 1791 minuatur
892 1768 927 1791 ex
952 1761 1077 1792 summa
1102 1759 1160 1792 du-

420 1814 588 1843 centorum
608 1815 638 1843 et
658 1810 892 1855 quinquaginta
911 1811 1047 1845 millium
1066 1812 1162 1846 duca-

420 1868 526 1896 torum
547 1863 744 1897 huiusmodi.
765 1864 919 1908 Reliquae
936 1876 1010 1900 vero
1037 1867 1158 1908 tertiae,

420 1916 566 1950 decimae
586 1922 617 1950 et
637 1916 718 1950 aliae
733 1918 895 1962 primitiae
915 1930 974 1963 per
995 1930 1163 1963 quascum-

419 1981 501 2014 quae
532 1971 705 2012 ecclesias,
734 1971 891 2016 collegia,
919 1973 1158 2015 universitates,

420 2024 625 2065 monasteria,
643 2030 673 2057 et
687 2035 906 2070 quascumque
922 2037 1076 2070 personas
1093 2037 1162 2071 pos-

419 2088 523 2112 sessae
545 2083 576 2111 et
601 2085 794 2123 perceptae,
821 2090 1029 2125 quocumque
1054 2081 1158 2122 titulo,

419 2132 499 2172 iure,
522 2132 828 2173 consuetudine,seu
841 2133 1010 2177 privilegio
1031 2134 1160 2176 fuerint,

418 2191 609 2219 remaneant
630 2186 882 2230 comprehensae
904 2192 935 2221 et
955 2188 1160 2222 contribuere

420 2237 557 2272 debeant
575 2238 607 2271 in
625 2238 707 2272 dicta
729 2239 884 2273 divisione
899 2240 1110 2275 ducentorum
1129 2247 1161 2275 et

419 2291 654 2337 quinquaginta
675 2292 812 2325 millium
834 2293 1025 2327 ducatorum
1047 2294 1158 2328 huius-

419 2346 518 2380 modi.
540 2346 674 2390 Insuper
691 2347 777 2391 quod
797 2347 898 2380 dictus
919 2347 1085 2392 Philippus
1106 2359 1159 2382 rex

417 2398 562 2443 recipere
581 2399 695 2433 debeat
712 2405 742 2433 ct
760 2400 893 2444 recipiat
911 2402 951 2435 ad
972 2407 1158 2446 computum

419 2463 513 2486 omne
534 2453 565 2486 id
587 2454 674 2497 quod
693 2459 800 2497 tanget
820 2460 850 2487 et
875 2454 970 2487 fuerit
990 2455 1072 2489 iuste
1090 2455 1156 2489 dis-

420 2506 575 2540 tributum
615 2507 733 2541 mensis
769 2507 1098 2552 archiepiscopalibus
1131 2514 1160 2543 et

420 2559 658 2603 episcopalibus
679 2561 837 2594 dictorum
859 2571 1031 2604 regnorum
1045 2562 1160 2596 Castel-

420 2613 468 2645 lae
493 2618 524 2646 et
545 2611 691 2655 Legionis
716 2613 827 2647 eadem
853 2614 928 2647 sede
949 2621 1090 2656 vacante,
1110 2615 1158 2649 in-

457 2677 467 2706 1
491 2675 592 2706 Forsan
607 2676 750 2715 legendum
766 2678 1009 2716 reparationem.
1025 2681 1071 2713 τ.).

999 262 1182 287 BULLARIUM
1199 262 1353 288 ROMANUM

1197 310 1277 344 tuitu
1299 310 1458 344 dictorum
1485 311 1698 345 ducentorum
1719 318 1750 346 et
1774 313 1934 357 quinqua-

1197 363 1284 405 ginta
1298 364 1434 397 millium
1450 365 1651 398 ducatorum.
1664 365 1819 410 Quodque
1833 366 1936 400 dictus

1197 417 1363 461 Philippus
1378 428 1431 451 rex
1450 418 1563 452 debeat
1576 418 1741 460 mandare,
1759 419 1827 452 dari
1842 429 1936 463 quas-

1198 480 1336 514 cumque
1370 471 1520 512 cedulas,
1553 478 1584 505 et
1613 471 1764 505 mandata
1794 471 1887 505 solita
1907 478 1938 506 et

1197 524 1388 566 necessaria,
1401 525 1440 558 ad
1458 524 1618 566 effectum,
1635 529 1670 558 ut
1685 524 1855 558 brachium
1869 535 1937 559 sae-

1198 577 1305 610 culare
1326 578 1378 611 det
1402 582 1432 612 et
1456 583 1595 622 praestet
1621 578 1760 612 savorem
1786 584 1816 612 et
1842 578 1933 612 auxi-

1199 630 1275 664 lium
1298 632 1337 664 ad
1355 632 1601 676 exequutionem
1624 638 1654 666 et
1675 632 1873 666 exactionem
1894 632 1938 666 di-

1199 689 1266 718 ctae
1284 684 1447 718 divisionis
1462 685 1702 729 praedictorum
1723 686 1936 719 ducentorum

1198 743 1229 770 et
1253 737 1486 782 quinquaginta
1516 738 1652 772 millium
1686 739 1876 772 ducatorum
1908 745 1938 773 et

1199 800 1410 834 expensarum
1433 792 1570 836 desuper
1596 791 1828 834 faciendarum,
1852 797 1884 826 et
1902 797 1938 826 ut

1198 843 1326 886 negotia
1350 850 1552 888 praesentem
1574 844 1782 879 concordiam
1803 850 1936 888 tangen-

1198 896 1241 930 tia
1260 907 1325 930 non
1350 898 1509 931 ducantur
1541 904 1595 932 aut
1622 898 1789 932 trahantur
1817 899 1858 932 ad
1883 909 1938 933 au-

1199 950 1335 983 dientias
1352 950 1455 993 regias
1471 961 1529 995 per
1548 951 1624 993 vim,
1644 955 1750 995 neque
1770 950 1802 984 in
1823 950 1885 985 illis
1903 961 1938 985 se

1198 1003 1424 1038 intromittant.
1447 1005 1627 1047 Praeterea,
1648 1011 1693 1047 ut,
1714 1016 1773 1049 pro
1786 1010 1878 1050 parte
1891 1005 1938 1039 di-

1199 1063 1323 1091 ctorum
1344 1058 1482 1103 Philippi
1504 1059 1587 1102 regis
1607 1064 1639 1093 et
1657 1065 1756 1093 status
1773 1059 1937 1093 ecclesias-

1200 1111 1249 1144 tici
1271 1112 1512 1156 praedictorum
1532 1124 1717 1156 regnorum,
1737 1113 1938 1158 supplicetur

1198 1164 1301 1206 nobis,
1326 1171 1360 1198 ut
1381 1167 1634 1200 concederemus
1654 1167 1764 1208 Breve,
1781 1176 1845 1211 quo
1859 1176 1937 1200 con-

1198 1218 1401 1253 firmaremus
1415 1226 1445 1253 et
1458 1221 1712 1265 approbaremus
1729 1220 1847 1254 dictam
1862 1231 1938 1254 con-

1198 1273 1352 1314 cordiam,
1370 1285 1466 1317 quam
1486 1280 1655 1308 teneantur
1672 1274 1849 1319 adimplere
1869 1285 1938 1308 om-

1197 1340 1251 1362 nes
1280 1328 1433 1362 ecclesiae
1464 1329 1624 1362 dictorum
1650 1339 1849 1372 regnorum,
1872 1334 1937 1364 tam

1197 1384 1280 1424 illae,
1305 1394 1442 1428 quarum
1468 1389 1696 1428 procuratores
1720 1383 1764 1417 ibi
1790 1384 1935 1425 aderant,

1197 1448 1279 1481 quae
1291 1438 1446 1471 maiorem
1464 1443 1589 1482 partem
1608 1437 1818 1480 constituunt,
1839 1449 1936 1483 quam

1198 1491 1280 1532 illae,
1305 1502 1387 1536 quae
1411 1498 1637 1536 procuratores
1661 1502 1727 1525 non
1751 1492 1910 1526 habebant
1925 1519 1933 1534 ,

1196 1545 1260 1578 sive
1278 1557 1359 1589 quae
1376 1556 1441 1579 non
1461 1557 1494 1579 se
1514 1545 1784 1589 subscripserunt.
1805 1546 1936 1588 Rursus,

1197 1600 1283 1643 quod
1316 1599 1439 1632 iudices
1458 1626 1465 1639 ,
1498 1599 1708 1632 commissarii
1740 1599 1907 1643 apostolici
1925 1626 1933 1640 ,

1197 1658 1409 1696 exequutores
1427 1653 1593 1695 generales
1608 1652 1711 1686 dictae
1729 1652 1933 1686 commissio-

1197 1705 1244 1739 nis
1258 1711 1289 1739 et
1304 1705 1553 1750 prorogationis,
1570 1706 1645 1739 dent
1660 1711 1690 1739 et
1704 1706 1780 1739 dare
1799 1705 1937 1740 debeant

1197 1759 1396 1804 provisiones
1417 1765 1447 1793 et
1471 1759 1753 1802 subdelegationes
1777 1759 1933 1801 iudicum,

1198 1819 1228 1847 et
1262 1814 1387 1858 reliqua
1423 1814 1532 1847 onmia
1569 1813 1750 1847 necessaria
1786 1813 1826 1847 ad
1862 1823 1935 1847 exa-

1197 1867 1335 1900 ctionem
1357 1867 1516 1900 dictorum
1536 1867 1749 1900 ducentorum
1770 1866 1932 1911 quinqua-

1197 1920 1284 1964 ginta
1295 1920 1430 1954 millium
1446 1920 1648 1962 ducatorum,
1665 1925 1696 1953 et
1710 1929 1932 1965 expensarum,

1197 1975 1349 2018 quodque
1376 1973 1486 2007 omnia
1513 1973 1631 2015 debita,
1659 1984 1742 2017 quae
1778 1973 1937 2007 debentur

1197 2027 1348 2072 capitulo,
1366 2027 1413 2061 vel
1427 2027 1585 2070 dignitati,
1602 2031 1656 2060 aut
1670 2026 1837 2068 canonico,
1854 2027 1935 2070 exigi

1196 2082 1318 2126 possint
1342 2092 1359 2114 a
1385 2081 1544 2115 iudicibus
1568 2080 1784 2124 subdelegatis
1800 2108 1807 2122 ,
1839 2081 1865 2115 si
1892 2086 1937 2115 ta-

1197 2145 1270 2168 men
1285 2135 1346 2168 tale
1359 2134 1502 2168 debitum
1519 2134 1559 2168 sit
1578 2135 1616 2168 de
1628 2134 1785 2168 fructibus
1801 2134 1850 2168 vel
1864 2135 1936 2168 red-

1196 2188 1325 2230 ditibus,
1349 2199 1446 2232 super
1471 2187 1587 2233 quibus
1615 2193 1663 2221 est
1690 2187 1877 2232 impositum
1905 2192 1936 2222 et

1195 2246 1363 2276 oneratum
1378 2241 1576 2286 praedictum
1591 2246 1773 2275 excusatum
1783 2239 1802 2275 ¹.
1815 2242 1852 2275 Et
1864 2241 1936 2276 sub-

1195 2296 1333 2339 delegati
1364 2295 1426 2329 sint
1450 2296 1489 2329 de
1509 2294 1656 2339 capitulis
1670 2322 1677 2336 ,
1702 2294 1932 2338 dignitatibus,

1195 2356 1225 2384 et
1246 2349 1407 2384 canonicis
1428 2355 1458 2383 et
1477 2360 1542 2382 non
1563 2348 1627 2390 alii,
1651 2355 1685 2382 ut
1705 2348 1804 2383 moris
1824 2354 1881 2382 est.
1898 2349 1935 2382 Et

1195 2403 1321 2448 quoties
1341 2397 1381 2437 ad
1401 2402 1501 2436 dictos
1526 2402 1763 2436 commissarios
1783 2401 1933 2436 subdele-

1195 2463 1284 2500 gatos
1306 2457 1402 2490 suerit
1427 2456 1623 2500 appellatum
1643 2466 1701 2500 per
1720 2455 1803 2488 viam
1823 2465 1934 2498 grava-

1195 2509 1300 2550 minis,
1321 2520 1385 2553 quo
1406 2509 1521 2553 aliquis
1546 2520 1578 2543 se
1603 2509 1724 2542 laesum
1744 2509 1934 2552 praetendat

1195 2574 1232 2596 ex
1252 2562 1335 2595 dicta
1361 2562 1516 2596 divisione
1541 2568 1571 2595 et
1589 2560 1808 2605 repartitione,
1833 2561 1858 2594 si
1887 2561 1934 2594 iu-

1195 2616 1255 2650 dex
1276 2616 1414 2660 desuper
1438 2615 1559 2660 aliquid
1587 2614 1794 2655 ordinaverit,
1815 2614 1932 2648 nihilo-

1216 2677 1224 2705 1
1235 2676 1413 2707 Excusatum
1424 2686 1472 2715 pro
1484 2676 1584 2706 tributo
1595 2666 1646 2705 non
1657 2680 1732 2705 notat
1740 2676 1931 2714 Dueangeots)

1944 264 1999 295 An.
2019 263 2133 292 (5.1609
2163 260 2172 271 ’“
