2227 3241
233 273 281 298 Λη,
300 271 329 298 c.
347 270 416 296 1602
464 260 504 292 80

262 645 380 666 clausulae.

429 324 461 351 et
486 317 656 350 utilitatem
689 319 887 353 convertere,
918 311 1167 347 Ordinariorum

430 371 587 410 locorum,
608 369 655 401 vel
676 366 862 411 quorumvis
883 365 1019 398 aliorum
1041 364 1167 398 licentia

432 423 562 455 minime
583 421 766 465 requisita),
798 419 988 452 auctoritate
1009 424 1039 451 et
1059 424 1169 452 tenore

431 475 612 520 praedictis,
629 473 778 506 similiter
791 477 948 516 perpetuo
962 471 1103 512 unimus,
1119 481 1171 504 an-

431 529 600 568 nectimus,
626 527 890 570 incorporamus,
914 525 1113 569 applicamus
1141 530 1172 558 et

432 581 692 625 appi'opriamus.

445 678 449 681 μ
477 636 494 676 5
511 634 542 667 4.
567 635 780 667 Decet-nentes
799 637 983 677 praesentes
1004 632 1124 672 literas,
1142 637 1173 664 et

435 688 465 720 in
484 687 530 720 eis
547 692 699 720 contenta
717 696 952 730 quaecumque,
965 685 1024 719 sub
1039 684 1172 728 quibus-

435 739 479 772 vis
505 739 659 772 similium
681 739 730 772 vel
751 738 955 772 dissimilium
974 737 1174 782 suppressio-

434 802 523 833 num,
544 791 774 825 extinctionum
789 819 796 832 ,
821 791 998 832 unionum,
1022 789 1174 823 annexio-

434 856 511 878 num
547 850 578 878 et
610 844 911 889 incorporationun]
942 849 1172 887 perpetuarum

433 909 527 932 suum
538 898 686 932 effectum
697 908 762 931 non
775 898 973 938 sortitarum‚
989 901 1021 930 et
1038 896 1173 929 aliarum

434 952 611 994 gratiarum
638 951 908 992 revocationibus,
931 950 1176 983 limitationibus

436 1005 744 1046 modificationibus,
767 1004 1050 1048 suspensionibus,
1070 1009 1125 1036 aut
1142 1014 1176 1036 a·

436 1059 485 1092 liis
499 1058 670 1092 contrariis
688 1057 964 1101 dispositionibus,
979 1057 1074 1090 etiam
1089 1067 1107 1089 a
1120 1066 1177 1089 no-

436 1112 494 1152 bis,
510 1112 558 1144 vel
573 1112 830 1155 quibuscumque
844 1112 914 1144 aliis
927 1110 1081 1144 Romanis
1096 1111 1178 1143 Pon-

437 1165 576 1198 tificibus
597 1165 692 1197 etiam
714 1165 1018 1208 praedecessoribus
1037 1163 1174 1203 nostris,

437 1229 473 1251 ac
493 1219 577 1251 dieta
598 1218 690 1258 Sede,
704 1218 800 1251 etiam
814 1218 846 1250 in
865 1218 1042 1251 erastinum
1057 1227 1178 1250 assum-

437 1272 555 1315 ptionis
575 1272 765 1304 eorumdem
793 1281 1017 1305 successorum
1046 1276 1176 1304 nostro-

438 1335 510 1357 rum
530 1325 569 1358 ad
597 1324 714 1358 summi
744 1324 942 1368 apostolatus
962 1323 1085 1367 apicem
1100 1350 1107 1364 ,
1131 1323 1178 1356 vel

439 1378 517 1411 alias
535 1378 630 1411 etiam
653 1383 742 1410 motu
760 1376 905 1421 proprio,
929 1382 959 1410 et
979 1375 1181 1410 consistoria-

439 1431 523 1472 liter,
544 1442 580 1464 ac
597 1431 675 1464 alias
696 1431 1005 1474 quomodocumque
1028 1434 1059 1462 et
1078 1429 1181 1473 quali-

441 1482 629 1528 tercumque
654 1495 712 1528 pro
734 1490 880 1527 tempore
905 1483 1082 1524 emanantis,
1112 1482 1182 1526 qui-

439 1538 641 1581 buscumque
662 1537 809 1570 formulis
830 1543 1005 1580 conceptae
1031 1546 1067 1569 ae
1085 1535 1179 1568 etiam

441 1591 579 1624 decretis
593 1591 793 1624 irritantibus
811 1590 960 1624 suffultae
979 1589 1108 1630 suerint,
1125 1588 1181 1622 etsi

442 1645 481 1677 de
502 1644 623 1677 eisdem
653 1643 877 1687 praesentibus
892 1670 899 1683 ,
924 1648 954 1675 et.
981 1651 1093 1675 earum
1116 1647 1182 1674 toto

444 1703 554 1730 tenore
573 1707 609 1730 ac
630 1697 714 1737 data,
738 1696 898 1740 specialis,
914 1694 1065 1739 specifica
1085 1699 1116 1727 et
1136 1704 1184 1727 ex-

443 1761 568 1794 pressa,
592 1761 629 1783 ae
649 1750 688 1783 de
708 1750 806 1782 verbo
833 1749 872 1782 ad
898 1749 1033 1781 verbum
1063 1747 1183 1780 mentio

445 1806 511 1845 ilat,
527 1804 660 1837 minime
678 1803 921 1847 comprehendi,
937 1803 1003 1845 sed,
1018 1807 1182 1845 tamquam

445 1858 476 1890 in
496 1858 664 1901 religionis
681 1863 713 1890 et
733 1857 808 1890 fidei
830 1856 1008 1890 catholicae
1029 1853 1185 1888 defensio-

444 1922 518 1944 nem
537 1917 568 1944 et
586 1911 855 1955 propagationem
874 1919 1037 1949 concessa,
1058 1917 1186 1951 semper

445 1972 476 1998 et
499 1965 635 1998 omnino
664 1964 703 1997 ab
734 1963 796 1996 illis
825 1968 976 2006 excepta,
1000 1967 1031 1994 et
1059 1960 1185 2004 quoties

446 2018 519 2051 illae
540 2017 750 2057 emanabant,
781 2016 874 2050 toties
900 2016 932 2048 in
960 2014 1133 2059 pristinum
1155 2019 1185 2046 et

445 2071 691 2111 validissimum,
707 2080 744 2103 ae
761 2080 847 2110 eum,
868 2069 900 2101 in
918 2078 982 2112 quo
1000 2073 1093 2101 antea
1107 2076 1186 2110 quo-

447 2124 625 2157 modolibet
645 2128 747 2162 erant,
770 2128 889 2155 statum
910 2121 1067 2161 restituta,
1092 2129 1186 2163 repo-

447 2177 507 2210 sita
527 2182 558 2210 et
577 2175 720 2220 plenarie
738 2175 952 2216 reintegrata,
976 2184 1012 2207 ae
1032 2174 1071 2206 de
1089 2183 1183 2213 novo,

446 2231 505 2264 snb
524 2240 731 2274 quacumque
749 2228 922 2272 posteriori
948 2229 1096 2270 novaque
1114 2227 1185 2259 dala

448 2295 506 2328 per
534 2284 736 2328 praedictum
767 2282 916 2316 Carolum
942 2280 1185 2313 Emmanuelem

449 2348 485 2370 ac
498 2347 556 2381 pro
579 2342 724 2379 tempore
742 2335 857 2367 ducem
875 2339 905 2366 et
926 2333 1114 2375 magistrum
1133 2331 1189 2364 eli-

449 2391 564 2433 genda,
574 2399 735 2429 concessa,
745 2387 914 2430 validaque
925 2392 955 2420 et
967 2385 1110 2419 efficacia
1121 2385 1189 2418 sore

451 2450 481 2478 et
499 2454 577 2485 esse,
598 2454 635 2476 ac
654 2452 729 2476 suos
750 2440 912 2485 plenarios
932 2445 964 2473 et
985 2439 1128 2481 integros
1146 2438 1190 2470 es-

451 2499 551 2531 sectus
571 2495 679 2530 sortiri
701 2495 839 2534 debere;
861 2493 989 2526 irritum
1010 2502 1139 2536 quoque
1160 2495 1191 2523 et

454 2551 547 2584 inane
565 2551 590 2584 si
604 2558 805 2592 secussuper
817 2547 866 2580 his
884 2557 901 2580 a
919 2556 1096 2591 quoquam,
1113 2554 1190 2588 qua-

1009 263 1191 287 BULLARIUM
1213 262 1365 287 nottANUM

1245 313 1262 353 ξ
1282 310 1313 344 5.
1337 309 1493 349 Quocirca
1520 306 1757 341 venerabilibus
1784 304 1938 344 fratribus

1201 364 1318 398 nostris
1335 359 1793 406 archiepiscopoTaurinensi,
1810 365 1841 393 et
1853 359 1939 393 Mon-

1204 417 1242 451 tis
1260 416 1385 459 Regalis
1405 426 1442 449 ac
1459 414 1600 448 Astensis
1614 413 1772 458 episcopis
1788 423 1846 457 per
1862 422 1941 457 apo-

1203 470 1316 503 stolica
1328 469 1447 513 scripta
1469 467 1672 508 mandamus,
1687 472 1847 511 quatenus
1867 466 1938 510 ipsi,

1204 523 1252 556 vel
1274 523 1360 564 duo,
1384 527 1439 555 aut
1466 531 1550 555 unus
1578 530 1690 554 eorum
1722 530 1781 564 per
1809 530 1865 560 se,
1893 518 1942 552 vel

1205 577 1320 617 alium,
1343 586 1400 609 seu
1420 575 1511 616 alios,
1532 580 1718 619 praesentes
1733 573 1866 614 litteras,
1886 571 1943 605 ubi

1206 635 1236 663 et
1255 629 1386 674 quando
1411 639 1492 673 opus
1522 628 1640 669 suerit,
1668 638 1704 661 ae
1730 626 1856 671 quoties
1883 635 1943 670 pro

1205 689 1297 727 parte
1311 683 1416 717 Caroli
1436 681 1666 722 Emmanuelis,
1680 686 1709 714 et
1722 690 1781 724 pro
1798 685 1944 723 tempore

1206 736 1368 770 existentis
1387 734 1568 769 Sabaudiae
1585 734 1675 768 ducis
1692 739 1723 767 et
1740 732 1873 766 militiae
1889 731 1946 765 hu-

1207 789 1345 823 iusmodi
1360 788 1516 832 magistri,
1539 788 1659 821 suerint
1678 786 1841 834 requisiti,
1863 786 1946 820 sole-

1209 842 1326 876 mniter
1346 841 1590 886 pubblicantes,
1611 841 1722 885 eisque
1742 840 1773 874 in
1794 839 1947 885 praemis-

1208 896 1250 929 sis
1268 896 1406 930 efficacis
1420 895 1615 929 defensionis
1628 894 1790 938 praesidio
1803 893 1947 928 assisten-

1211 955 1272 990 tes,
1297 949 1415 982 saciant
1446 948 1637 982 auctoritate
1663 949 1773 981 nostra
1797 946 1945 981 militiam

1210 1008 1241 1036 et
1254 1003 1337 1036 illius
1351 1007 1575 1046 praeceptores
1588 1001 1760 1045 praefatos,
1775 1006 1945 1045 postquam

1209 1056 1395 1100 suppressio
1427 1061 1457 1089 et
1483 1055 1604 1089 erectio
1635 1054 1822 1088 huiusmodi
1852 1064 1946 1087 suum

1210 1110 1342 1143 sortitae
1362 1109 1482 1143 suerint
1501 1108 1668 1150 effectum,
1691 1114 1726 1142 ut
1750 1108 1944 1153 praefertur,

1211 1162 1422 1207 possessione¹
1436 1163 1656 1204 ecclesiarum,
1670 1173 1727 1196 seu
1740 1162 1949 1207 capellarum,

1211 1226 1248 1248 ac
1274 1216 1478 1259 prioratuum
1510 1226 1709 1249 annexorum
1738 1215 1946 1255 eorumdem,

1212 1269 1429 1313 omnibusque
1457 1274 1488 1301 et
1514 1268 1649 1311 singulis
1673 1268 1743 1301 aliis
1765 1267 1950 1312 praemissis

1213 1328 1371 1367 perpetuo
1396 1322 1532 1366 pacifice
1558 1322 1620 1355 srui
1645 1327 1676 1355 et
1700 1322 1853 1365 gaudere.
1880 1321 1950 1355 Non

1214 1376 1436 1420 permittentes
1450 1386 1562 1410 eorum
1578 1376 1764 1420 quempiam
1778 1385 1837 1420 per
1853 1385 1951 1419 quos-

1213 1440 1353 1473 cumque
1381 1430 1521 1473 desuper
1544 1429 1791 1473 quomodolibet
1810 1428 1951 1463 indebite

1214 1482 1389 1523 molestari;
1406 1483 1661 1516 contradictores
1677 1482 1840 1526 quoslibet
1856 1487 1886 1515 et
1903 1492 1953 1515 re-

1215 1535 1314 1569 belles
1340 1546 1399 1579 per
1426 1546 1578 1569 censuras
1606 1541 1636 1569 et
1655 1546 1776 1579 poenas
1796 1535 1949 1569 ecelesia-

1214 1589 1321 1630 sticas,
1341 1599 1378 1622 ac
1398 1589 1460 1622 alia
1482 1589 1561 1622 iuris
1581 1594 1613 1622 et
1631 1588 1706 1622 faeti
1726 1588 1871 1622 remedia
1890 1598 1950 1632 op-

1216 1648 1365 1685 portuna,
1388 1641 1605 1685 appellatione
1625 1641 1801 1685 posposita,
1825 1651 1956 1685 compe-

1216 1695 1352 1736 scendo,
1372 1695 1589 1738 legitimisque
1613 1705 1710 1739 super
1730 1695 1779 1728 liis
1799 1694 1955 1728 habendis

1216 1748 1349 1781 servatis
1369 1748 1573 1791 processibus
1586 1775 1593 1788 ,
1615 1758 1765 1781 censuras
1785 1753 1816 1781 et
1834 1757 1955 1791 poenas

1218 1801 1301 1845 ipsas
1321 1801 1416 1834 etiam
1445 1801 1567 1834 iteratis
1586 1801 1709 1835 vicibus
1729 1800 1952 1843 aggravando,

1219 1854 1366 1888 invocato
1386 1854 1481 1888 etiam
1507 1855 1547 1887 ad
1572 1854 1651 1895 hoc,
1678 1854 1704 1887 si
1730 1864 1811 1898 opus
1835 1852 1952 1893 suerit,

1219 1909 1337 1942 auxilio
1355 1908 1477 1942 brachii
1495 1907 1679 1941 saecularis.

1263 1963 1279 2003 g
1300 1961 1330 1995 6.
1355 1962 1423 1995 Non
1445 1961 1647 1995 obstantibus
1666 1960 1767 2005 priori
1790 1960 1956 1994 voluntate

1219 2018 1326 2048 nostra
1340 2015 1515 2059 praedicta,
1529 2021 1559 2048 et
1572 2014 1794 2048 Lateranensis
1806 2012 1957 2048 Concilii³

1219 2068 1372 2101 celebrati
1390 2068 1526 2101 uniones
1544 2072 1726 2111 perpetuas,
1748 2067 1809 2100 nisi
1826 2067 1858 2099 in
1876 2066 1957 2100 easi-

1220 2122 1278 2155 bus
1292 2132 1309 2155 a
1323 2121 1390 2154 iure
1408 2121 1583 2165 permissis,
1605 2120 1675 2153 sieri
1692 2120 1906 2164 prohibentis,
1922 2130 1958 2152 ae

1220 2175 1290 2218 piae
1308 2174 1485 2207 memoriae
1497 2173 1763 2217 BonisaciiPapae
1771 2172 1849 2213 VIII,
1862 2171 1957 2205 etiam

1221 2227 1476 2271 praedecessoris
1495 2225 1608 2266 nostri,
1620 2226 1715 2259 etiam
1732 2225 1785 2258 illa
1796 2235 1861 2269 qua
1874 2234 1960 2258 cave-

1222 2286 1322 2313 turne
1340 2280 1411 2324 quis
1429 2285 1517 2312 extra
1536 2288 1626 2312 suam
1641 2278 1799 2311 civitatem
1814 2277 1860 2310 vel
1873 2276 1960 2310 dioe-

1222 2334 1319 2367 cesim
1334 2333 1394 2366 nisi
1409 2333 1441 2365 in
1453 2332 1549 2366 certis
1562 2331 1699 2373 casibus,
1711 2336 1741 2364 et
1754 2330 1785 2363 in
1800 2330 1863 2363 illis
1876 2330 1960 2363 ultra

1222 2397 1318 2420 unam
1331 2385 1463 2420 dietam⁸
1472 2395 1490 2419 a
1499 2384 1562 2418 fine
1573 2394 1650 2419 suae
1662 2383 1818 2417 dioecesis
1828 2383 1867 2416 ad
1878 2381 1961 2416 iudi-

1260 2527 1269 2553 1
1285 2526 1326 2553 Sic
1337 2526 1410 2554 Bull.
1423 2524 1498 2557 Ord.;
1510 2523 1591 2551 Main.
1604 2522 1656 2558 leg.
1666 2521 1854 2557 possessiones
1863 2520 1903 2555 (R.
1912 2520 1960 2553 ⁷¹2).

1258 2571 1275 2598 9.
1294 2569 1463 2602 Addendum,
1479 2577 1510 2596 ex
1527 2568 1572 2596 cit.
1586 2567 1665 2595 Ball.
1675 2566 1792 2601 Ordinis,
1807 2565 1962 2593 novissime

455 2604 498 2637 vis
522 2603 730 2643 auctoritate,
757 2600 896 2635 scienter
920 2599 967 2633 vel
987 2599 1188 2642 ignoranter,
1223 2616 1263 2649 (Π,
1284 2617 1332 2649 ΤΟ),

455 2657 620 2696 contigerit
643 2656 804 2689 attentari.

1260 2660 1275 2687 3
1291 2659 1360 2686 Edit.
1373 2658 1449 2686 Main.
1464 2657 1532 2685 banc
1546 2664 1635 2684 vocem
1647 2656 1752 2684 dietam
1763 2654 1960 2688 oiiiittit(n.T.).

1381 2731 1401 2745 ’ὴ

1953 254 2003 281 An.
2021 253 2049 280 C.
2070 252 2136 281 ¹604

1981 311 2072 336 Deputat
2090 315 2136 331 oxe-

1955 340 2064 365 quutores.

1997 1958 2090 1989 Deroflat
2106 1964 2154 1980 con-

1971 1988 2048 2006 tranis.
