2227 3241
489 305 552 338 716

444 360 526 395 CXX.
551 358 665 394 Contra
689 357 838 392 mulieres
857 357 1058 401 Ingrediendi
1076 358 1201 391 mona-l

531 414 625 447 steria
649 411 832 445 Monialiuni
850 411 987 445 licentiis
1001 410 1180 454 abutentes,
1198 391 1201 437 ¹

532 466 606 500 548.
1198 478 1199 481 ¹

441 518 541 553 CXXI.
578 518 740 552 Monacliis
772 518 904 553 Ordinis
940 519 1040 552 sancti
1073 516 1199 551 Basilii?

531 573 637 616 magni
649 571 834 606 conceditur
845 571 976 606 facultas
989 572 1180 606 monasteria
1197 555 1198 586 ¹

528 625 673 670 erigendi
697 625 822 667 Matriti,
841 628 871 659 et
891 626 921 658 in
948 624 1017 658 aliis
1044 622 1198 670 quatuor'

528 678 754 723 Hispaniarum
780 678 869 721 loeis,
896 679 969 712 549.
1196 680 1198 724 J

440 731 556 766 CXXII.
589 732 757 776 Deputatio
793 732 965 767 cardinalis
999 733 1111 766 Lantes
1147 730 1197 768 inl

527 789 739 831 protectorem
764 786 895 822 Ordinis
921 787 1055 820 fratrum
1079 786 1179 820 Mino-

527 851 597 875 rum
614 839 879 875 Conventualium
894 840 1178 883 sanctiFrancisci,
1195 842 1197 856 '

528 903 599 928 cum
617 894 799 929 facultatum
820 894 1044 938 declaratione,
1067 894 1140 928 550.
1171 918 1174 921 Α
1195 895 1197 936 t

439 946 574 980 CXXIII.
601 947 634 981 In
659 947 806 992 hospitali
831 950 932 982 sancti
957 948 1083 981 IoanniS
1105 937 1197 981 Hie-l

527 1001 743 1045 rosolymitani
768 1001 992 1046 praecedentia
1021 998 1197 1035 servanda*

528 1055 615 1088 iuxta
645 1056 863 1089 antianitatem
890 1056 1081 1098 receptionis
1107 1065 1197 1097 ma-3

527 1117 609 1151 gnae
634 1110 750 1150 crucis,
776 1109 849 1142 551.
1196 1103 1198 1147 ξ

438 1159 574 1195 CXXIV.
600 1161 784 1196 Declaratur
811 1162 923 1196 fratres
960 1148 1198 1205 Cappuccinos‘

529 1224 603 1249 vere
616 1215 729 1250 fratres
742 1215 880 1249 Minores
896 1216 1001 1249 Sancti
1020 1215 1178 1250 Francisci

528 1270 662 1314 elusque
688 1269 769 1303 tilios
783 1269 823 1303 ad
848 1278 957 1302 eorum
983 1270 1197 1316 constitutio-¹

527 1331 585 1356 nes
596 1322 741 1356 eiusdem
751 1324 852 1356 sancti
869 1322 1029 1357 Francisri
1048 1322 1179 1366 regulae

528 1380 757 1411 consentaneas
783 1386 863 1419 esse,
889 1376 962 1410 559..
1196 1421 1198 1425 ι

438 1428 555 1463 CXXV.
596 1430 787 1465 Conceditur
822 1432 979 1465 secundas
1014 1433 1198 1466 instantias.

527 1492 694 1518 causarum
720 1483 853 1518 militum
876 1484 1057 1518 Militiarum
1078 1486 1199 1528 sancti}

528 1536 633 1571 lacobi
657 1537 697 1571 de
726 1538 865 1581 Spatha‚
892 1538 931 1572 (le
956 1538 1121 1572 Calatrava
1148 1539 1198 1572 et*

526 1590 567 1624 de
591 1590 776 1633 Alcantara,
802 1602 818 1625 a
845 1601 920 1635 rege
945 1591 1101 1626 catholieo
1127 1589 1198 1625 ‹za-3

529 1654 598 1678 rum
634 1644 889 1680 administratore
921 1647 1074 1679 committi
1111 1646 1198 1689 pos-³

528 1707 562 1732 se
587 1698 711 1732 duobus
735 1698 889 1732 militibus
914 1699 1069 1733 dictarum
1094 1699 1176 1733 Mili-
1197 1730 1198 1740 ,

529 1752 642 1786 tiarum
668 1752 771 1786 locum
796 1754 827 1786 in
853 1753 986 1787 consilio
1012 1755 1101 1796 regio
1127 1743 1199 1791 ha-}

529 1804 690 1847 bentibus,
716 1807 789 1839 553.
1196 1809 1199 1834 i

440 1857 568 1892 CXXVI.
592 1858 686 1893 Misso
710 1859 749 1893 ad
770 1859 941 1893 Maronitas
964 1859 1104 1894 lubilaeo
1126 1861 1198 1908 ἱκά-ἶ

530 1917 717 1955 monentur,
751 1918 784 1947 ut
814 1914 952 1948 zelosum
981 1914 1198 1960 probumque.

529 1967 648 2010 eligant
672 1967 894 2010 patriarcham,
920 1971 948 2001 et
971 1968 1002 2000 In
1021 1968 1082 2000 tine
1103 1977 1178 2011 erga
1197 1983 1198 2012 ;

528 2020 643 2054 Sedem
654 2020 868 2065 Apostolicam
879 2025 1095 2065 perseverent,
1106 2022 1179 2055 555.

440 2072 585 2107 CXXVII.
603 2073 800 2108 Admonetur
818 2073 1046 2118 HIspaniarum
1061 2085 1129 2117 rex,
1148 2078 1180 2109 ut
1196 2075 1199 2115 l,

529 2127 641 2161 decem
675 2127 772 2160 millia
809 2127 996 2162 ducatorum
1033 2131 1102 2162 auri
1140 2128 1179 2162 de

529 2181 671 2223 Camerfi,
688 2191 725 2214 ex
750 2183 972 2225 eleemosynis,
988 2191 1069 2226 quae
1085 2181 1179 2215 causa

528 2238 560 2269 et
583 2236 751 2269 occasione
777 2235 1049 2279 indulgentiarum
1067 2239 1181 2279 etgra-

531 2289 643 2322 tiarum
668 2288 835 2322 Cruciatae
856 2288 1074 2332 erogabuntur
1087 2291 1117 2322 in
1134 2298 1182 2322 re-

527 2343 600 2385 gnis
624 2341 848 2386 Portugalliae,
866 2341 1007 2375 fabricae
1028 2340 1180 2376 basilicae

529 2394 686 2439 Principis
696 2395 919 2439 Apostolorum
930 2395 969 2428 de
984 2394 1067 2428 Urbe
1082 2399 1177 2440 quot-

528 2449 620 2481 annis
637 2447 718 2482 solvi
738 2452 837 2490 curet,
856 2449 930 2482 557.

441 2499 598 2534 CXXVIII.
625 2502 870 2545 Angamalensis
897 2500 1033 2535 ecclesia
1058 2502 1090 2534 in
1125 2510 1177 2534 ar-

530 2554 803 2599 chiepiscopatum
829 2556 1014 2596 restituitur,
1040 2554 1113 2587 558.

441 2606 568 2641 CXXIX.
594 2608 639 2641 Ne
665 2609 778 2642 fratres
811 2612 841 2642 et
872 2607 1027 2641 moniales
1063 2607 1181 2650 eligant

530 2660 590 2695 sibi
608 2662 836 2696 consessarmm
854 2670 894 2695 ex
914 2660 1083 2705 privilegio
1108 2660 1180 2694 Bul-

532 2715 579 2748 lae
598 2715 772 2759 Cruciatao,
797 2718 869 2750 559.

1020 309 1205 335 ssU1.LAntUM
1228 309 1381 335 ROMANUM

1216 356 1327 391 CXXX.
1346 356 1488 391 Facultas
1507 359 1622 391 nuncio
1640 358 1818 392 Sabaudiae
1832 368 1950 403 eogno-

1305 409 1414 444 scendi
1440 419 1658 456 quascumque
1694 420 1808 445 causas
1837 413 1867 445 in
1899 421 1952 446 se-

1305 463 1407 497 cunda
1426 464 1572 499 instantia
1592 466 1834 499 universitatum
1853 467 1954 499 sancti

1304 517 1448 561 Benigni,
1474 518 1660 562 MontanarI,
1679 519 1788 553 Feletti
1814 523 1844 553 et
1870 519 1957 553 Lom-

1303 570 1436 606 hardoni
1453 573 1680 607 Iurisdictionis
1702 575 1887 607 monasterii
1900 572 1956 608 ab·

1303 623 1407 658 batiae
1425 628 1597 670 nuncupati
1613 628 1714 660 sancti
1731 626 1876 671 Benigni,
1893 625 1955 661 Or-

1303 678 1388 713 dinis
1412 682 1511 714 sancti
1538 680 1712 724 Benedicti,
1731 681 1849 715 nullius
1867 681 1955 715 dioe-

1302 734 1394 774 cesis,
1422 735 1605 777 provinciae
1631 734 1850 777 Taurinensis,
1880 734 1954 768 561.

1195 757 1197 841 ἒ
1213 792 1342 829 CXXXI.
1369 795 1554 830 Commissio
1579 797 1707 831 officiali
1724 796 1874 831 Remensi
1891 798 1954 831 eri-

1301 849 1398 891 gendi
1433 851 1462 883 in
1495 849 1696 894 collegIatam
1719 850 1888 885 ecclesiam
1912 850 1952 884 de

1301 900 1459 936 Charville
1477 903 1621 937 eiusdem
1639 903 1806 938 Remensis
1828 904 1955 938 dioece-

1302 955 1354 996 sis,
1380 957 1474 1000 etque
1492 956 1624 990 uniendi
1642 957 1884 1002 quatuordecim
1903 966 1954 991 ca-

1303 1010 1467 1043 nonicatus
1499 1010 1656 1045 ecclesiae
1692 1011 1879 1055 collegiatae
1915 1010 1955 1044 de

1303 1062 1428 1102 Rosoir,
1456 1064 1539 1098 562⁴.-

1214 1123 1362 1158 CXXXII.
1388 1125 1571 1160 ReservatIO
1603 1128 1682 1160 iuris
1714 1130 1898 1171 patronatus
1924 1130 1956 1161 et

1303 1179 1527 1221 praesentandi
1564 1189 1715 1224 personas
1747 1180 1878 1214 idoneas
1913 1181 1953 1214 ad

1303 1231 1559 1275 metropolitanas
1584 1237 1615 1267 et
1639 1233 1839 1267 cathedrales
1856 1233 1956 1268 eccle-

1302 1286 1363 1318 sias
1388 1290 1419 1319 ct
1444 1288 1636 1320 monasteria
1664 1288 1759 1321 etlam
1794 1289 1955 1321 consisto-—

1303 1337 1408 1377 rialia‚
1434 1340 1465 1372 in
1491 1339 1618 1373 Siciliae
1643 1340 1723 1374 ultra
1753 1340 1889 1374 Pharum
1922 1344 1953 1374 et

1302 1391 1467 1426 Sardiniae
1492 1395 1614 1436 regnis,
1647 1404 1703 1437 pro
1736 1393 1882 1438 Phiiippo
1910 1393 1953 1427 III

1302 1453 1379 1487 rege
1405 1446 1538 1490 eiusque
1565 1446 1637 1490 filio,
1656 1447 1730 1481 568.

1214 1505 1368 1540 CXXXIII.
1410 1507 1502 1548 Quod
1543 1520 1623 1543 unus
1663 1520 1702 1543 ex
1741 1509 1954 1544 confratthus

1302 1559 1564 1605 CongregatIOnis
1590 1562 1716 1597 Ioannis
1739 1562 1798 1597 Dei
1824 1573 1950 1597 nuncu-

1305 1619 1396 1658 patae
1435 1618 1465 1649 in
1503 1617 1645 1661 qualibet
1680 1617 1774 1651 domo
1811 1617 1953 1652 eiusdem

1303 1667 1566 1712 CongregationIs
1576 1669 1615 1703 ad
1623 1668 1876 1713 presbyteratum
1887 1678 1959 1713 pro-

1303 1724 1423 1755 moveri
1449 1727 1479 1756 ct
1504 1728 1703 1757 sacramenta
1731 1723 1953 1757 administrare

1304 1776 1415 1818 possit,
1437 1776 1510 1809 570.

1215 1838 1370 1872 CXXXIV.
1407 1838 1499 1879 Quod
1532 1841 1762 1884 cuiuscumque
1800 1838 1953 1878 Ordinis,

1303 1891 1566 1934 (longi-egationis
1604 1897 1635 1927 et
1665 1893 1829 1926 Societatis
1853 1901 1955 1935 regu-

1303 1945 1385 1980 lares
1411 1955 1567 1989 personae
1592 1946 1631 1979 ad
1657 1954 1711 1979 eas
1729 1949 1850 1980 tantum
1867 1944 1953 1979 recta

1302 2008 1336 2032 sc
1362 2000 1551 2034 transferant
1576 1999 1737 2033 Indiarum
1762 2002 1889 2042 partes,
1913 1998 1953 2032 ad

1303 2062 1381 2098 quas
1405 2052 1444 2087 ab
1470 2063 1579 2087 eorum
1610 2052 1829 2096 superioribus
1854 2053 1893 2086 ad
1919 2053 1954 2086 fi-

1303 2107 1376 2141 dem
1400 2107 1586 2141 catholicam
1613 2107 1860 2151 praedicandam
1885 2107 1953 2139 sive

1303 2160 1519 2194 ecclesiastica
1533 2163 1732 2194 sacramenta
1743 2158 1953 2193 ministranda

1303 2213 1501 2257 delegantur,
1527 2213 1602 2247 571.

1215 2275 1357 2310 CXXXV.
1373 2275 1518 2309 Monetur
1530 2274 1628 2308 abbas
1642 2273 1818 2316 FuldensiS,
1830 2277 1863 2307 ut
1876 2283 1952 2307 non-

1303 2328 1459 2362 nullarum
1473 2329 1762 2372 praepositurarum
1780 2327 1953 2370 possessio-

1303 2391 1374 2415 nem
1400 2383 1521 2416 decano
1546 2381 1702 2415 ecclesiae
1718 2379 1883 2415 Fuldensis
1903 2389 1952 2414 re-

1303 2437 1431 2475 stituat,
1457 2436 1531 2469 572.

1214 2498 1370 2533 CXXXVI.
1400 2498 1491 2539 Quod
1511 2506 1625 2531 causae
1648 2496 1811 2541 hospitalis
1829 2494 1951 2530 mendi-

1303 2553 1443 2586 cantIum
1460 2551 1500 2584 de
1520 2550 1614 2593 Urbe,
1632 2551 1664 2584 in
1681 2548 1821 2584 secunda
1839 2549 1953 2583 instau-

1305 2605 1356 2647 tia,
1379 2604 1417 2639 ab
1444 2614 1506 2639 uno
1533 2614 1572 2638 ex
1598 2602 1758 2638 iudicibus
1782 2601 1951 2635 ordinariis

1304 2658 1406 2701 Urbis,
1422 2668 1478 2703 per
1491 2657 1689 2692 Cardinalem
1705 2656 1787 2690 illius
1804 2665 1861 2700 pro
1876 2658 1951 2689 tem-

1305 2723 1379 2756 pore
1405 2715 1615 2756 protectorem
1641 2709 1800 2753 eligendo,
1826 2718 1951 2752 cogno-
