2227 3241
599 597 847 681 INDEX
922 595 1457 681 RUBRIGARUM

498 1565 678 1602 CLEMENS
705 1565 783 1601 VIII.

270 1673 380 1711 CCCX.
405 1675 571 1710 Innovatio
597 1673 836 1708 Constitutionis
860 1672 950 1707 Pauli
975 1671 1015 1706 IV

363 1732 473 1763 contra
498 1731 653 1772 negantes
678 1727 873 1769 Trinitatem,
899 1730 953 1761 aut
967 1727 1014 1761 di-

359 1784 524 1818 vinitatem
549 1782 622 1816 Iesu
638 1780 764 1822 Christi,
782 1781 830 1815 vel
855 1782 925 1816 eius
940 1791 1013 1815 con—

359 1838 538 1881 ceptionem
552 1835 591 1870 de
603 1835 721 1879 Spiritu
735 1835 862 1877 Sanctu,
872 1834 922 1868 vel
937 1845 1015 1869 mor-

359 1893 423 1924 tem
461 1899 518 1934 pro
543 1888 650 1923 nostra
685 1889 905 1933 redemptione
924 1917 932 1931 ‚
962 1893 1016 1923 aut

358 1944 575 1987 virginitatem
620 1942 828 1976 Beatissimae
872 1941 1014 1985 Virginis

358 1995 495 2038 Mariae,
520 1993 644 2030 adiecta
676 1994 775 2029 forma
808 1997 910 2039 ipsam
935 1994 1014 2029 Con-

359 2051 556 2085 stitutionem
571 2048 767 2094 publicandi,
782 2057 821 2082 ne
835 2048 874 2082 de
888 2053 1014 2083 caetero

358 2102 444 2138 illius
468 2104 648 2148 ignorantia
673 2101 804 2146 allegari
830 2104 940 2146 possit,
971 2104 999 2137 1.

270 2155 398 2192 CCCXI.
423 2155 605 2191 Mandatum
622 2155 784 2191 collectori
799 2156 1014 2200 portugalliae

360 2219 445 2245 nunc
480 2213 512 2245 et
531 2219 587 2254 pro
611 2213 755 2254 tempore
789 2211 953 2253 existenti,
981 2215 1014 2246 ut

360 2262 548 2300 Ordinarios
572 2263 715 2298 locorum
740 2267 952 2306 commoneat,
978 2264 1013 2298 il-

359 2316 464 2362 lisque
488 2318 673 2361 praecipiat,
698 2320 733 2351 ut
756 2321 878 2351 certum
902 2326 1014 2351 nume-

360 2380 429 2405 rum
462 2369 644 2404 monialium
669 2372 700 2404 in
725 2371 927 2405 monasteriis
957 2380 1014 2404 re-

358 2433 494 2468 gnorum
519 2423 747 2467 Portugalliae‚
772 2423 826 2459 ubi
852 2425 1014 2467 praefixus

360 2486 422 2512 non
458 2480 526 2518 est,
552 2478 640 2511 iuxta
675 2476 806 2512 Concilii
837 2476 1013 2512 Tridentini

359 2530 489 2565 decreta
515 2529 750 2574 praescribant,
775 2530 804 2563 3.

272 2581 414 2620 cccxll.
439 2582 634 2628 Approbatio
652 2582 874 2627 explicationis
897 2582 1013 2617 Kalen·

362 2636 443 2672 darii
459 2636 648 2683 Gregoriani
664 2645 682 2671 a
699 2635 889 2672 Christoforo
906 2636 1014 2672 Clavio

1135 1563 1364 1608 Bambergensi
1390 1573 1406 1596 e
1424 1562 1581 1597 Societate
1597 1561 1668 1596 lesu
1685 1561 1789 1596 editae

1138 1628 1210 1652 cum
1235 1617 1442 1661 abrogatione
1467 1616 1599 1650 aliorum
1623 1614 1788 1650 Kalenda-

1137 1673 1269 1713 riorum,
1297 1672 1325 1705 4.

1049 1724 1204 1761 CCCXlll.
1229 1725 1357 1759 Mandat
1381 1726 1532 1769 episcopo
1558 1723 1738 1764 cenetensi,
1757 1727 1791 1758 ut

1138 1789 1236 1814 unum
1267 1779 1428 1812 Vicarium
1452 1780 1483 1812 in
1514 1776 1734 1822 spiritualibus
1759 1781 1790 1811 et

1138 1832 1365 1876 temporalibus
1379 1833 1409 1865 in
1427 1834 1515 1875 parte
1529 1831 1671 1865 interiori
1688 1832 1789 1875 ipsius

1137 1888 1274 1920 civitatis
1292 1887 1323 1919 in
1341 1886 1409 1920 loco
1427 1884 1466 1918 ab
1483 1883 1657 1929 episcopali
1674 1884 1789 1929 palatIO

1136 1944 1283 1984 separato
1308 1941 1488 1975 constituat.
1516 1942 1547 1972 et
1570 1948 1669 1972 unum
1691 1937 1790 1972 Audi-

1138 1998 1238 2029 torem
1270 1994 1353 2038 apud
1379 2003 1414 2027 se
1440 1992 1571 2034 babeat,
1598 1994 1649 2026 cui
1673 2001 1786 2025 causas

1137 2050 1167 2082 in
1197 2048 1297 2093 gradu
1328 2046 1549 2091 appellationis
1573 2054 1590 2079 a
1623 2046 1789 2079 sententiis

1137 2103 1266 2147 prolatis
1287 2111 1304 2136 a
1325 2103 1410 2137 dicto
1426 2102 1544 2135 vicario
1561 2101 1743 2141 committat,
1758 2099 1786 2132 3.

1137 2210 1176 2244 ab
1189 2210 1326 2244 ecclesia
1343 2211 1444 2243 sancti
1458 2208 1626 2253 Triphonis
1640 2207 1680 2241 de
1694 2206 1787 2247 Urbe,

1137 2273 1219 2309 quae
1244 2266 1352 2298 unitur
1383 2262 1537 2296 ccclesiae
1563 2261 1592 2295 S.
1618 2260 1787 2303 Augustini

1135 2327 1207 2352 cum
1233 2319 1402 2352 stationum
1428 2315 1643 2355 translatione,
1668 2314 1698 2348 7.

1047 2369 1187 2406 CCCXV.
1213 2370 1419 2405 Declarantur
1451 2368 1547 2403 dubia
1573 2366 1722 2402 nonnulla
1747 2366 1786 2400 ab

1136 2427 1286 2469 episcopo
1311 2424 1506 2467 Egitaniensi
1532 2423 1708 2466 proposita,
1734 2420 1763 2454 8.

1030 2477 1202 2512 CCCXVI.
1236 2478 1325 2512 Aliae
1351 2477 1581 2512 declarationes
1612 2473 1786 2508 nonnullo-

1136 2542 1204 2566 rum
1239 2531 1371 2565 aliorum
1405 2530 1574 2564 dubiorum
1607 2527 1646 2562 ab
1672 2527 1785 2561 eodem

1135 2584 1329 2627 Egitanicnsi
1363 2585 1512 2628 episcopo
1537 2582 1785 2626 propositorum,

1136 2639 1187 2673 13.

1048 2156 1202 2192 CCCXIV.
1228 2155 1475 2190 Dismembratio
1499 2163 1595 2188 curae
1611 2154 1787 2187 animarum
1855 2170 1861 2175 ·
