2227 3241
49 239 99 267 An.
115 238 143 266 C.
166 237 235 266 1603

859 234 1005 258 CLEMENS
1026 234 1084 257 VIII
1105 234 1156 258 PP.

253 286 391 319 honeste
404 284 617 318 manducent»
628 310 633 316 .
644 283 687 316 Ex
701 292 776 327 quo,
790 287 821 315 et
834 282 903 316 aliis
917 283 992 316 dicti

248 339 350 373 Patris
366 339 456 380 locis,
481 339 683 372 declaramus
701 336 878 370 monachos
891 336 992 369 sancti

248 393 357 426 Basilii
378 404 415 426 ex
435 392 592 437 peculiari
628 402 704 425 suae
737 391 868 433 regulae
896 390 989 422 insti--

251 452 318 480 tuto
339 447 380 480 ad
410 447 528 480 victum
554 445 702 478 manibus
720 444 859 488 propriis
878 454 992 488 paran-

250 500 339 541 dum,
366 501 479 533 saltem
498 500 529 532 in
548 498 725 533 communi,
749 498 860 531 teneri.
888 498 993 540 Atque

250 553 293 586 ita
313 553 398 586 iuxta
423 552 598 596 praesentis
613 551 854 585 reformationis
875 556 994 584 statuta

251 607 400 640 iubemus
425 606 588 639 observari
609 606 640 638 in
667 606 729 639 illis
755 605 889 645 artibus,
914 615 994 648 quas

251 660 348 693 etiam
373 666 502 694 sanctus
531 660 667 693 Basilius
693 659 862 699 concedit,
894 670 990 703 prae-

252 714 460 758 cipuequae
488 714 573 746 intra
593 714 724 747 domum
751 713 894 746 exerceri
918 723 993 756 pos-

251 774 336 809 sunt,
364 769 451 802 velut
476 768 613 808 texendi,
644 767 825 812 plectendi,
857 767 990 808 suendi,

251 823 432 864 sarciendi,
470 834 507 856 ac
539 823 609 856 aliis
642 822 820 856 secundum
845 822 993 855 locorum

253 883 283 912 et
319 882 504 921 temporum
532 877 737 920 exigentiam.
773 876 852 911 Cum
887 882 994 909 autem

252 937 381 965 sanctus
412 930 547 964 Basilius
580 930 822 973 agriculturam,
858 930 933 974 quia
959 932 995 963 ea

254 985 437 1019 sacilissime
460 995 512 1018 res
536 985 577 1018 ad
601 995 695 1018 usum
717 984 918 1018 necessariae
938 984 996 1017 ha-

253 1039 323 1073 beri
344 1045 489 1083 possunt,
518 1039 685 1080 concedat,
715 1039 813 1072 modo
834 1049 871 1071 ea
891 1049 997 1082 neque

254 1104 273 1126 a
296 1093 408 1126 vicinis
431 1103 537 1137 neque
562 1093 601 1126 ab
626 1092 746 1126 accolis
771 1093 927 1135 tumultus
953 1092 998 1125 af-

254 1146 336 1180 ferat
359 1152 414 1179 aut
441 1147 562 1187 turbas,
591 1157 650 1179 nos
681 1146 829 1179 eamdem
859 1146 899 1179 ad
925 1146 994 1178 sru-

257 1206 423 1241 mentum,
452 1200 562 1234 vinum
586 1201 635 1233 vel
661 1201 768 1233 oleum
795 1206 826 1233 et
854 1206 998 1233 caeteros

257 1254 326 1296 agri
352 1254 475 1287 fructus
500 1254 738 1297 comparandos
756 1254 995 1297 'permittimus

257 1308 430 1342 Monachos
455 1313 562 1341 tamen
581 1307 612 1340 in
628 1307 766 1341 Domino
792 1307 1000 1341 exhortamur

258 1367 294 1395 ut
311 1361 412 1395 dictas
432 1361 532 1394 sancti
550 1361 657 1394 Basilii
678 1361 892 1401 conditiones,
916 1361 1000 1394 circa

256 1414 439 1447 vicinorum
464 1419 495 1447 et
519 1415 704 1447 accolarum
720 1415 877 1447 tumultus
889 1420 921 1447 et
934 1420 1002 1448 tur-

256 1466 313 1500 bas
327 1472 423 1511 atque
437 1467 673 1500 monachorum
688 1467 924 1508 distractiones,
942 1467 1000 1500 ob-

257 1526 402 1563 servent,
431 1526 471 1562 et,
505 1527 663 1566 quantum
684 1521 752 1555 fieri
773 1522 891 1566 possit,
916 1521 1001 1554 intra

257 1575 392 1608 domum
417 1585 451 1608 se
475 1580 667 1616 exerceant,
705 1580 741 1608 ut
774 1575 818 1608 ita
853 1585 938 1617 vere,
966 1580 1001 1608 ut

258 1628 359 1671 aiunt,
386 1629 552 1663 recollecti
578 1628 641 1662 dici
665 1628 800 1673 possint.

553 1735 639 1770 CAP.
667 1735 705 1769 V.

475 1817 519 1851 De
543 1828 598 1850 esu
622 1817 783 1851 carnium.

303 1898 399 1931 Esum
425 1897 572 1931 carnium
593 1907 659 1931 non
684 1897 819 1931 omnino
843 1897 1000 1942 prohibe-

260 1961 349 1993 mus;
375 1952 535 1996 siquidem
555 1962 614 1985 nec
638 1951 669 1985 S.
697 1951 834 1985 Basilius
854 1962 1002 1995 expresse

259 2006 421 2050 prohibet.
442 2005 522 2045 Quia
539 2011 647 2038 tamen
664 2005 734 2038 illas
754 2006 794 2038 ad
815 2005 1003 2039 condimen—

261 2065 327 2093 tum
343 2060 569 2093 tantummodo
588 2059 716 2093 videtur
736 2060 925 2101 concedere,
945 2070 1004 2094 nos

213 2136 217 2139 -
262 2113 390 2147 easdem
424 2113 538 2146 diebus
573 2112 760 2154 dominicis,
790 2118 821 2146 et
845 2113 949 2147 tertiis
974 2119 1005 2148 et

261 2167 382 2211 quintis
407 2167 506 2207 seriis,
530 2177 597 2200 non
617 2167 657 2200 ad
682 2172 811 2209 gustum
838 2167 1004 2200 oblectan-

261 2221 356 2262 dum,
379 2221 435 2254 sed
456 2220 538 2254 vires
567 2226 599 2253 et
623 2220 840 2253 valetudinem
874 2231 1004 2254 conser-

261 2275 421 2315 vandum,
450 2279 540 2307 extra
565 2274 757 2314 Adventum,
786 2274 1002 2317 Quadragesi-

261 2339 347 2361 mam
384 2333 416 2362 et
450 2327 517 2361 dies
548 2328 588 2360 ab
625 2327 780 2366 Ecclesia,
803 2327 1001 2371 prohibitos,

262 2380 373 2425 ibique
397 2382 497 2415 semel
516 2380 547 2413 in
565 2380 617 2413 die
639 2381 864 2414 tantummodo
885 2381 917 2414 in
938 2392 1005 2414 me-

261 2436 388 2470 ridiana
408 2435 607 2470 comestione
626 2435 855 2479 permittnnus.
884 2436 1006 2469 Poterit

263 2496 370 2523 tamen
395 2490 543 2534 superior
577 2500 612 2522 ex
650 2491 745 2523 causa
768 2489 852 2523 circa
877 2490 1003 2523 dicrum

262 2543 420 2577 rationem
442 2554 516 2578 cum
535 2543 788 2587 particularibus
802 2543 1001 2587 dispensare3

263 2598 352 2631 nullo
367 2604 473 2632 tamen
492 2598 589 2631 modo
607 2608 680 2631 cum
699 2598 849 2631 omnibus
867 2598 898 2631 in
917 2608 1004 2632 com-

264 2661 364 2685 muni.
760 2658 762 2660 '

1317 281 1403 316 CAP.
1431 279 1480 314 VI.

1092 364 1138 396 De
1162 364 1286 403 vestitu,
1312 362 1529 396 calceamento
1552 365 1580 394 et
1605 370 1700 393 zona.

1059 443 1279 486 praecipimus
1290 453 1421 486 quoque
1432 448 1467 475 ut
1481 451 1592 475 omnes
1605 439 1770 480 monachi,

1028 504 1091 531 tam
1113 497 1272 530 choristae
1294 508 1390 542 quam
1411 496 1495 537 laici,
1521 495 1635 529 eodem
1656 493 1772 527 vestitu

1026 557 1055 584 et
1074 550 1186 583 habitu
1208 550 1395 589 induantur,
1420 559 1598 592 omnesque
1611 547 1771 581 similibus

1026 604 1142 638 calceis
1163 615 1199 637 ex
1222 604 1276 637 vili
1302 604 1390 637 corio
1427 603 1598 641 consectis,
1634 601 1773 645 pedibus

1027 659 1245 702 undequaque
1259 657 1432 702 coopertis,
1453 656 1586 690 calceati
1607 655 1768 688 incedant.

1027 712 1186 752 Quoniam
1212 718 1320 745 tamen
1352 712 1457 744 forma
1487 710 1616 743 habitus
1648 720 1665 742 a
1699 708 1772 742 divo

1027 767 1144 801 Basilio
1170 777 1319 810 expressa
1344 776 1410 799 non
1430 764 1604 809 reperitur,
1631 774 1672 797 ne
1702 773 1772 796 am-

1028 821 1112 865 plius
1132 820 1233 865 possit
1258 819 1386 859 variari,
1415 818 1588 852 definimus
1610 817 1698 861 quod
1720 817 1774 850 de-

1028 876 1106 909 bent
1126 875 1158 908 in
1178 874 1293 918 primis
1310 878 1437 916 gestare
1456 872 1598 905 tunicam
1616 872 1770 912 clausam,

1029 931 1109 962 zona
1133 929 1270 972 pellicea
1294 927 1359 961 sive
1384 938 1420 960 ex
1442 926 1531 959 corio
1559 925 1652 967 nigro
1681 935 1775 968 prae·

1030 984 1190 1023 cinctam,
1224 994 1240 1015 a
1266 982 1349 1015 collo
1368 981 1408 1014 ad
1435 981 1515 1013 talos
1539 990 1642 1023 usque
1663 978 1775 1011 dimis-

1030 1049 1116 1078 sam;
1140 1036 1231 1070 cuius
1253 1034 1413 1075 fimbriae,
1434 1033 1607 1072 sexdecim,
1630 1032 1776 1065 manicae

1030 1103 1117 1132 vero,
1146 1102 1210 1136 qua
1227 1090 1369 1130 latiores,
1393 1089 1490 1122 trium
1512 1089 1697 1132 palmorum
1716 1086 1777 1120 cir—

1031 1146 1153 1180 cuitum
1178 1155 1244 1179 non
1266 1144 1433 1178 excedant.
1454 1143 1591 1186 Insuper
1611 1140 1776 1186 caputium

1032 1200 1096 1233 sive
1123 1199 1260 1239 cuculla,
1278 1208 1360 1242 quae
1382 1202 1479 1241 caput
1499 1201 1660 1237 contegat,
1686 1200 1716 1228 et
1737 1194 1777 1228 ad

1033 1248 1240 1287 collum'cum
1261 1250 1427 1295 patientia,
1444 1250 1509 1283 sive
1522 1248 1694 1293 scapulari,
1711 1258 1778 1281 sar-

1033 1307 1137 1340 ciatur
1161 1312 1193 1339 et
1217 1306 1388 1344 adunetur,
1412 1314 1494 1347 quae
1515 1302 1670 1347 patientia
1696 1302 1776 1335 duo-

1033 1372 1105 1394 rum
1145 1365 1269 1393 tantum
1306 1359 1490 1405 palmorum
1527 1356 1699 1390 latitudine
1714 1384 1721 1397 ,
1760 1366 1778 1388 a

1034 1416 1138 1448 fronte
1164 1420 1195 1447 et
1228 1425 1245 1446 a
1275 1419 1366 1455 tergo
1398 1411 1563 1451 defluens,
1587 1410 1777 1454 priusquam

1036 1468 1143 1501 tunica
1175 1478 1234 1511 per
1267 1472 1408 1510 quatuor
1441 1464 1560 1507 digitos
1585 1463 1732 1503 finiatur;
1760 1473 1779 1496 a

1035 1522 1140 1555 fronte
1159 1526 1278 1560 tamen,
1295 1520 1359 1553 sive
1372 1524 1446 1552 ante
1459 1523 1583 1562 pectus,
1599 1527 1635 1550 ex
1649 1516 1779 1560 caputio

1034 1585 1132 1619 super
1165 1573 1327 1618 scapulari
1358 1583 1434 1616 pars
1469 1572 1558 1605 nulla
1583 1571 1733 1614 pendeat,
1761 1580 1780 1603 a

1035 1635 1127 1672 tergo
1152 1638 1228 1661 vero
1254 1627 1286 1660 in
1307 1626 1401 1660 solita
1428 1628 1547 1670 puncta
1574 1630 1634 1658 eat.
1658 1623 1779 1658 Deinde

1036 1689 1181 1716 mantum
1198 1681 1267 1715 sine
1284 1680 1408 1721 collari,
1428 1679 1531 1724 plicis,
1554 1679 1603 1712 vel
1621 1678 1781 1721 elegantia

1036 1742 1110 1770 ante
1145 1736 1265 1769 collum
1300 1734 1456 1777 ligatum,
1490 1733 1581 1766 cuius
1609 1732 1780 1775 longitudo

1036 1790 1227 1834 priusquam
1245 1788 1413 1832 scapulare
1426 1797 1485 1831 per
1502 1792 1643 1830 quatuor
1663 1785 1782 1828 digitos

1037 1843 1179 1876 finiatur.
1203 1841 1335 1875 Materia
1356 1846 1464 1874 autem
1486 1840 1583 1873 totius
1603 1839 1781 1883 supradicti

1037 1897 1206 1931 exterioris
1222 1895 1356 1929 vestitus
1373 1895 1414 1928 sit
1433 1894 1515 1935 vilis,
1539 1904 1645 1927 crassa
1665 1899 1696 1927 et
1713 1903 1784 1926 om-

1038 1951 1129 1984 nium
1160 1950 1295 1990 infima,
1330 1954 1366 1982 ut
1391 1948 1481 1981 iubet
1510 1948 1602 1981 divus
1633 1947 1778 1981 Basilius.

1037 2006 1244 2039 Declaramus
1270 2010 1378 2037 tamen
1402 2003 1530 2036 laneam
1559 2013 1628 2036 esse
1649 2002 1779 2043 debere,

1038 2059 1142 2103 qualis
1157 2059 1187 2091 in
1207 2057 1362 2102 Hispania
1382 2056 1544 2100 reperitur
1564 2066 1648 2100 quae
1662 2055 1783 2089 ibidem

1038 2118 1171 2146 vocatur
1195 2112 1298 2156 sajal,
1320 2122 1357 2144 ex
1378 2120 1443 2154 quo
1463 2110 1646 2144 necessario
1668 2109 1785 2143 confici

1039 2167 1199 2201 iubemus.
1230 2165 1309 2199 Cum
1330 2175 1407 2198 vcro
1429 2164 1514 2198 idem
1537 2169 1666 2197 sanctus
1691 2164 1785 2196 Pater

1039 2221 1189 2254 vestitum
1215 2219 1314 2253 alium
1336 2218 1377 2252 ad
1402 2218 1563 2251 sorensem
1589 2216 1781 2251 ostentatio-

1040 2285 1131 2313 nem,
1159 2273 1258 2307 alium
1282 2273 1322 2306 ad
1347 2272 1561 2306 domesticum
1584 2282 1678 2304 usum
1704 2281 1781 2314 par—

1040 2334 1120 2369 tum,
1148 2328 1291 2371 itemque
1312 2326 1352 2359 ad
1374 2326 1528 2359 diurnum
1550 2325 1660 2365 alium,
1684 2324 1783 2356 alium

1039 2383 1079 2415 ad
1104 2387 1299 2415 nocturnum
1321 2386 1447 2424 tempus
1469 2378 1689 2418 distrilnitum,
1717 2387 1784 2410 mo-

1039 2436 1159 2469 nachos
1184 2435 1306 2469 habere
1331 2445 1479 2478 expresse
1499 2432 1683 2477 prohibeat,
1710 2442 1780 2471 nos,

1040 2490 1126 2523 iuxta
1144 2490 1244 2533 ipsius
1270 2494 1423 2529 mentem,
1448 2498 1544 2520 omne
1570 2497 1587 2519 a
1611 2496 1709 2529 supra
1730 2496 1783 2518 ex-

1038 2554 1149 2587 presso
1164 2544 1326 2576 diversum
1342 2541 1509 2575 exterioris
1530 2539 1711 2573 vestimenti
1731 2549 1784 2580 ge-

1038 2608 1109 2637 nus,
1138 2597 1232 2640 quale
1266 2601 1313 2629 cst
1339 2595 1429 2635 illud,
1458 2594 1546 2638 qnod
1571 2593 1657 2637 apud
1685 2594 1783 2625 Bene-

1039 2650 1176 2684 dictinos
1201 2649 1339 2690 cuculla,
1364 2654 1394 2682 et
1419 2648 1558 2692 Hispane
1579 2647 1710 2691 comella
1730 2656 1784 2680 vo·

1697 219 1740 254 43
1786 229 1836 256 An.
1856 228 1885 256 c.
1904 228 1971 258 1603
