2227 3241
492 287 555 322 680
1032 298 1213 322 armanum
1239 299 1391 324 aon-asra

449 350 636 384 Cenetensis
662 352 783 392 cixitas,
805 355 862 386 etc.
882 351 926 384 Ne
948 352 1018 396 quis
1036 360 1052 385 a
1070 353 1237 386 sententiis
1259 355 1401 398 episcopi
1424 356 1658 399 appelatmnem
1684 357 1863 400 interponat
1886 367 1979 402 prae-

538 408 680 448 terquam
706 404 744 437 ad
770 404 886 437 Sedcni
913 404 1137 448 Apostolicam,
1162 406 1222 439 671
1245 418 1306 451 seq.
1937 403 1939 406 ’

448 456 624 490 Ceritaniae
657 459 854 501 principatus
888 457 1116 492 aeclesiasticis
1150 458 1356 502 prohibetur,
1379 462 1547 506 quominus
1572 465 1698 496 utantur
1722 462 1912 498 archibusiis
1937 465 1976 498 ad

538 513 653 551 rotam,
680 511 741 544 454
768 521 795 543 a.
1928 553 1933 557 =

393 566 396 568 ·
448 561 605 596 Chat-ville
627 562 691 605 (de)
714 562 849 597 ecclesia
874 565 905 597 in
931 563 1130 607 collegiatam
1163 569 1285 607 erecta,
1313 566 1375 600 563
1400 579 1430 601 α.
1455 567 1490 602 Ei
1517 569 1595 602 uniti
1620 568 1860 613 quatuordecim
1885 579 1980 604 cano-

537 617 659 650 nicatus
684 616 841 650 ecclesiae
867 618 906 651 do
932 617 1064 659 Rosoir‚
1090 619 1152 652 564
1177 629 1206 650 a.

448 669 591 712 Chignoli
625 669 788 714 Papiensis
821 670 871 704 rcl
904 671 1079 705 Laudensis
1114 671 1199 706 leudi
1231 672 1440 707 ecclesiastici
1471 684 1588 715 causa,
1620 676 1701 709 inter
1736 674 1980 718 gubernatorem

537 722 706 756 Mediolani
736 727 765 757 ct
795 724 979 757 Flaminiam
1012 724 1167 758 Cusanam
1205 725 1386 769 disputata,
1418 729 1624 761 committitur
1660 730 1809 772 episcopo
1844 728 1978 762 Placen—

536 777 610 816 lino,
638 776 697 810 226
724 776 750 809 b.

447 828 689 872 christophorus
714 828 841 864 Clavisss
866 832 894 863 S.
921 830 942 864 1.
970 831 1188 865 kalendarium
1215 832 1446 876 Gregorianum
1472 834 1553 877 edit,
1579 836 1714 880 eiusque
1739 834 1980 878 explicationes,

539 884 554 915 4
580 893 641 927 seq.

450 935 709 970 Cisterciensium
731 936 829 977 Ordo,
855 938 913 971 143
940 939 966 971 b.
993 938 1203 982 Congregatio
1228 941 1329 974 sancti
1352 940 1506 975 Bernardi
1530 943 1562 975 in
1580 941 1743 986 Hispaniis
1763 945 1868 976 erecta
1891 941 1977 983 ibid„

538 989 717 1033 Capitulum
741 990 892 1033 gencrale
917 991 1059 1035 quolibet
1080 993 1215 1025 triennio
1240 992 1486 1035 celebrandum,
1514 994 1589 1028 ibid.
1616 995 1842 1029 Reformatoris
1873 995 1982 1040 quali-

539 1046 618 1076 tates
643 1043 752 1087 quales
778 1053 849 1077 esse
874 1044 1028 1086 debeant,
1057 1045 1131 1078 ibid.
1169 1045 1286 1086 Quales
1323 1048 1418 1081 etiam
1444 1049 1733 1091 promovendorum
1758 1050 1796 1083 ad
1823 1048 1980 1090 abbatias,

541 1096 599 1130 144
626 1107 654 1129 a.
680 1097 750 1131 Alia
774 1100 888 1132 statuta
913 1100 943 1132 in
971 1099 1028 1131 hac
1054 1098 1306 1142 Congregatione
1332 1099 1551 1143 observanda,
1578 1101 1654 1134 ibici.

449 1149 664 1184 Claramontes
691 1150 849 1185 baiulixus
875 1151 1002 1195 Caspis:
1031 1152 1100 1184 ride
1125 1153 1315 1196 Stephanus.

447 1203 574 1237 Claraco
601 1204 665 1246 <de
692 1205 915 1240 Monasterium
941 1208 1149 1250 supprimitur
1174 1209 1204 1239 et
1229 1207 1335 1240 unitur
1358 1205 1511 1241 basilicae
1537 1207 1752 1250 Lateranensi,
1775 1209 1847 1242 232.

449 1256 598 1291 Claudius
623 1259 794 1302 episcopus
820 1259 987 1302 Regiensis
1011 1258 1102 1292 Sedis
1128 1258 1329 1302 Apostolicae
1354 1259 1384 1291 in
1410 1257 1539 1292 Polonia
1564 1259 1722 1301 nuncius,
1750 1259 1801 1292 27.

448 1310 598 1344 Claudius
631 1313 800 1355 episcopus
832 1312 1052 1353 Placentinus,
1080 1311 1140 1344 226
1166 1311 1192 1344 b.
1219 1311 1254 1345 Ei
1278 1312 1484 1345 committitur
1508 1313 1646 1354 cognitio
1671 1321 1787 1346 causae
1811 1313 1894 1346 inter
1922 1324 1978 1357 gu-

537 1363 737 1398 bernatorem
773 1365 939 1399 Mediolani
974 1369 1005 1399 et
1039 1366 1223 1399 Flaminiam
1255 1364 1411 1399 Cusanam
1442 1373 1540 1408 super
1571 1365 1664 1399 feudo
1696 1365 1864 1409 Chignoli,
1899 1365 1976 1399 ibid.

540 1419 724 1452 Processum
751 1420 1151 1453 instituit·canonizationis
1176 1418 1206 1451 S.
1232 1417 1335 1452 Caroli
1359 1418 1557 1460 Borromaei,
1583 1418 1641 1451 651
1670 1429 1699 1451 a.

447 1471 592 1505 Claxius:
622 1472 692 1505 ride
716 1472 960 1516 Clu-istophorus
986 1472 1122 1506 Clavius.

449 1525 597 1560 Clemens
621 1526 683 1560 ΥΠ]
703 1530 811 1560 contra
828 1531 982 1570 negantes
999 1527 1200 1568 Trinitatem,
1218 1529 1271 1559 aut
1286 1525 1493 1559 Divinitatem
1508 1525 1531 1558 l.
1549 1524 1593 1567 C„
1611 1529 1665 1560 aut
1681 1526 1749 1560 eIus
1766 1529 1899 1560 mortem
1923 1536 1981 1570 pro

537 1582 662 1622 generis
687 1580 814 1614 humaui
840 1580 951 1621 salute,
977 1583 1030 1614 aut
1050 1581 1265 1623 virginitatem
1292 1578 1497 1613 beatissimae
1517 1578 1634 1612 Mariae
1653 1588 1765 1613 severe
1785 1579 1982 1613 animadver-

537 1634 665 1667 tendum
701 1635 825 1674 statuit,
866 1634 876 1666 1
906 1645 925 1666 α
957 1645 1019 1677 seq.
1052 1634 1089 1667 Et
1121 1637 1281 1677 tamquam
1314 1636 1422 1667 contra
1456 1632 1599 1677 relapsos
1633 1635 1664 1666 in
1694 1633 1868 1674 haeresim,
1902 1632 1979 1666 ibid.

536 1686 762 1720 Kalendarium
788 1687 1019 1728 Gregorianum
1049 1687 1213 1720 emendari
1246 1689 1355 1727 curat,
1382 1687 1397 1719 4
1425 1696 1454 1718 a.
1478 1685 1588 1730 quue
1619 1685 1812 1729 approbato,
1837 1687 1908 1720 aliis
1938 1687 1982 1721 uti

538 1743 637 1779 vetat,
664 1740 681 1771 ἲὶ
708 1750 736 1772 a.
763 1739 899 1783 Philippi
925 1739 949 1772 ll
975 1741 1112 1773 animam
1138 1749 1155 1773 a
1180 1748 1382 1784 quacumque
1407 1749 1543 1773 censura
1567 1738 1660 1773 solvit
1684 1739 1723 1773 ob
1741 1739 1802 1773 sibi
1822 1739 1980 1774 vindicata

536 1792 744 1826 ecclesiarum
770 1792 874 1833 bona,
900 1793 940 1826 76
967 1793 992 1826 b.
1018 1792 1147 1826 Missale
1182 1793 1358 1827 Romanum
1384 1794 1544 1834 restituit,
1573 1796 1605 1826 et
1629 1794 1769 1837 imprimi
1801 1791 1908 1835 curat,
1939 1793 1982 1826 88

537 1846 768 1880 Clementiuum
793 1846 961 1890 collegium
979 1847 1097 1880 Romae
1115 1848 1219 1890 erigit,
1237 1847 1277 1880 90
1293 1858 1355 1891 seq.
1380 1846 1571 1881 Monasteria
1596 1848 1703 1881 omnia
1727 1846 1900 1892 monalium
1925 1846 1983 1882 Or-

538 1901 620 1934 dinis
643 1900 672 1933 S.
699 1900 871 1934 Bcnedccti
904 1902 996 1943 regni
1028 1900 1177 1934 Poloniae
1201 1899 1447 1934 Ordinariorum
1471 1900 1682 1934 iurisdictioni
1718 1899 1846 1942 subdit,
1874 1900 1935 1933 173
1961 1910 1981 1932 α

535 1966 596 1998 seq.
623 1953 807 1988 Subsidium
833 1953 1009 1988 octodecim
1034 1953 1209 1988 millionum
1240 1963 1338 1997 super
1367 1953 1592 1987 ecclesiasticis
1616 1954 1709 1996 regni
1733 1952 1983 1987 CastellaePhi·

537 2008 623 2052 lippo
647 2007 687 2041 ΙΙΙ
709 2006 936 2051 Hispaniarum
960 2008 1041 2050 Regi
1061 2007 1218 2048 concedIt,
1245 2007 1307 2041 440
1333 2017 1362 2040 ιι.

449 2060 681 2095 Clementinum
706 2060 875 2104 collegium
900 2061 1019 2094 Romae
1045 2064 1197 2102 erectum,
1224 2060 1264 2093 90
1290 2071 1351 2105 seq.
1377 2059 1572 2094 Clericorum
1594 2059 1798 2102 Regularium
1815 2059 1855 2093 de
1875 2059 1984 2093 Soma-

537 2113 611 2147 scha
637 2122 732 2147 curae
757 2115 972 2154 commissum,
1001 2113 1040 2146 92
1066 2113 1091 2145 b.
1128 2112 1354 2147 Mouastcrium
1381 2113 1410 2146 S.
1437 2112 1552 2156 Angeli
1576 2112 1617 2146 de
1642 2112 1769 2147 Lanulis
1793 2114 1823 2146 ei
1848 2113 1981 2154 unitum,

539 2168 578 2200 03
593 2179 621 2200 α.
639 2168 844 2201 Caeterorum
861 2167 1067 2210 collegiorum
1084 2167 1252 2211 privilegia
1268 2168 1297 2200 ei
1314 2176 1475 2209 concessa,
1495 2167 1534 2199 96
1553 2178 1580 2200 a.
1599 2166 1775 2201 Cardinalis
1797 2167 1984 2210 protectoris

539 2221 718 2263 facultates,
746 2222 783 2254 97
811 2233 838 2254 a.

449 2275 562 2309 Clerici
586 2274 759 2318 Regulares
784 2276 997 2309 ministrantes
1022 2275 1156 2309 infirmis
1180 2273 1218 2307 ad
1245 2272 1364 2307 nullum
1390 2273 1486 2306 alium
1512 2272 1683 2313 Ordinem,
1717 2271 1984 2317 nequeiCarthu-

537 2330 716 2369 simorum,
742 2330 876 2362 transire
901 2331 1051 2371 possunt,
1077 2328 1139 2362 314
1161 2327 1177 2360 b
1201 2337 1262 2370 seq.

450 2381 564 2415 Clerici
587 2381 763 2425 Regulares
789 2381 817 2414 S.
844 2380 948 2422 Pauli,
975 2380 1045 2413 vicie
1069 2380 1167 2414 Pauli.

450 2434 565 2469 Clerici
590 2435 763 2478 Regulares
786 2433 940 2475 Minores,
966 2434 1028 2467 302
1050 2433 1089 2473 b;
1106 2434 1160 2467 ,eis
1185 2433 1371 2470 conceditur
1402 2432 1545 2466 ecclesia¹
1562 2434 1592 2466 S.
1620 2432 1779 2467 Laurentii
1805 2433 1984 2469 inALueina

538 2488 578 2522 (lo
603 2488 705 2531 Urbe,
732 2487 809 2520 ibid.
831 2487 912 2521 Huic
935 2487 1043 2521 domui
1060 2486 1227 2530 privilegia
1243 2487 1358 2528 omnia,
1381 2485 1496 2530 quibus
1514 2486 1660 2519 fruuntur
1675 2489 1820 2520 caeterae
1841 2485 1984 2519 ciusdem

540 2541 802 2584 Congu-egationis
827 2540 949 2582 domus,
974 2540 1203 2581 conceduntur,
1229 2539 1291 2573 307
1317 2551 1345 2572 a.

450 2594 563 2629 Clerici
590 2596 764 2638 Regulares
784 2594 824 2627 de
849 2593 1035 2635 Somascha,
1061 2592 1133 2626 vide
1157 2592 1339 2632 Somascha.

452 2647 613 2689 Clusium,
640 2649 701 2684 445
724 2648 749 2681 b.
775 2648 958 2682 Transactio
992 2648 1068 2681 inita
1104 2648 1186 2682 inter
1209 2647 1447 2681 commissarIos
1474 2646 1675 2690 pontificios,
1703 2648 1734 2678 et
1757 2645 1864 2688 magui
1889 2643 1980 2679 ducis

538 2701 707 2738 lletruriae
730 2711 828 2747 super
852 2699 1029 2737 confinibus
1054 2703 1085 2735 ct
1108 2701 1199 2745 aquis
1225 2700 1317 2734 huius
1344 2696 1824 2742 urbis„et‚Civitatis2P10his,
1850 2697 1930 2731 ibid.
