2227 3241
231 255 281 282 Λη.
297 254 328 282 c.
346 253 414 283 1606
457 244 523 278 ⁶282

429 303 514 336 dicto
534 300 687 336 Federico
705 298 867 332 cardinale
887 303 919 332 et
938 298 1085 342 praesule
1109 297 1166 331 ad-

430 355 515 389 dicta
544 354 671 393 forent,
702 362 850 396 quaeque
881 351 1007 384 liberali
1039 351 1166 395 piorum

431 408 599 441 hominum
618 406 788 448 largitione
801 404 941 448 relinqui
959 404 1169 446 contingeret,

432 459 571 493 fideliter
595 459 840 498 administrare;
861 464 892 491 et
922 457 997 502 quia
1026 457 1170 490 redditus

433 518 506 546 sunt
525 523 561 546 ex
586 512 680 545 bonis
704 511 874 552 Ecclesiae,
898 512 972 545 ideo
992 522 1092 544 unum
1113 521 1168 544 ec-

433 565 646 599 clesiasticum
661 576 697 598 ex
715 576 827 598 eorum
846 575 982 609 corpore
1000 564 1173 609 quotannis

435 618 670 652 thesaurarium
685 628 742 662 per
755 628 848 651 voces
861 623 1020 658 crearent,
1037 617 1091 661 qui
1102 622 1174 660 post

435 683 555 706 annum
590 677 735 705 exactum
769 671 899 715 ipsimet
933 670 1174 714 congregationi

436 726 616 770 reposcenti
636 726 794 759 rationem
812 725 895 758 bene
915 731 1022 768 gestae
1040 723 1176 757 admini-

436 779 599 814 strationis
620 779 786 813 confestim
811 778 971 812 redderet.
997 777 1173 812 Conserva-

437 838 524 867 tores
548 833 597 866 bis
621 833 733 866 saltem
752 832 784 865 in
806 842 902 873 anno,
926 833 974 865 vel
994 831 1132 876 saepius,
1153 831 1177 865 si

438 898 519 931 opus
545 887 637 927 soret,
665 886 697 919 in
716 896 817 919 unum
839 885 942 919 coacti
964 885 1003 919 de
1023 885 1118 919 rebus
1139 884 1178 918 ad

437 940 655 975 bibliothecae
669 940 945 974 conservationem
961 938 1180 983 spectantibus

440 995 525 1028 inter
548 1005 582 1028 se
607 994 812 1028 conferrent:
841 993 891 1027 bis
915 998 1022 1027 autem
1048 991 1181 1035 singulis

440 1047 544 1088 annis,
572 1053 604 1082 et
627 1047 784 1087 crebrius,
807 1047 833 1080 si
854 1047 898 1080 ita
919 1057 969 1080 res
989 1045 1178 1090 postularet,

440 1100 670 1143 bibliothecam
701 1100 906 1144 iudicemque
938 1099 1119 1139 librorum,
1152 1103 1183 1130 et

441 1153 542 1187 libros
566 1153 653 1198 ipsos
678 1153 885 1197 inspicerent,
913 1162 1093 1195 eorumque
1117 1161 1180 1183 nu-

443 1218 570 1241 merum
608 1206 852 1250 diligentissime
888 1209 1180 1248 recognoscerent,

444 1261 558 1295 darent
582 1271 714 1304 operam
739 1265 774 1293 ut
797 1270 834 1293 ex
858 1259 1007 1304 pecunia,
1037 1269 1120 1302 quae
1144 1257 1184 1290 ad

444 1314 598 1347 emendos
622 1313 851 1356 faciendosque
876 1312 976 1345 libros
1000 1311 1113 1344 relicta
1137 1311 1184 1343 so-

445 1372 504 1408 ret,
528 1367 726 1400 bibliotheca
745 1377 874 1410 semper
897 1365 999 1399 nitida
1024 1370 1116 1405 esset,
1140 1370 1186 1396 at-

446 1431 509 1465 que
526 1420 615 1454 omni
636 1430 753 1462 genere
770 1419 915 1452 sordium
942 1418 1073 1451 munda.
1095 1417 1185 1456 Quod

445 1474 471 1507 si
497 1474 528 1506 in
554 1474 615 1507 hoc
639 1473 826 1517 exequendo
852 1483 910 1517 per
932 1471 1098 1505 biennium
1124 1481 1183 1503 nc-

446 1528 601 1570 gligentes
627 1531 746 1567 essent,
766 1527 806 1559 ad
826 1525 1001 1569 capitulum
1024 1529 1187 1568 metropo-

448 1580 581 1613 litanum
604 1580 652 1613 ius
676 1579 834 1619 visitandi,
859 1579 906 1612 vel
932 1589 969 1612 eo
990 1577 1183 1620 negligente,

447 1638 484 1666 ut
507 1644 616 1677 supra,
644 1633 683 1666 ad
709 1633 907 1677 praefectum
932 1631 1073 1665 fabricae
1105 1630 1188 1664 eius-

449 1686 522 1719 dem
548 1686 701 1719 ecolesiae
726 1690 900 1730 spectaret;
924 1685 1058 1728 ipsoque
1083 1684 1184 1723 sacto,

449 1739 571 1782 absque
591 1738 697 1782 aliqua
721 1738 836 1771 iudicis
856 1736 1063 1771 ecclesiastici
1084 1736 1188 1769 decla-

449 1792 584 1832 ratione,
603 1791 708 1836 quiex
727 1790 890 1824 canonicis
901 1789 1073 1823 ordinariis
1087 1789 1189 1822 dictae

451 1845 604 1878 ecclesiae
617 1845 648 1878 in
662 1855 834 1878 numerum
849 1841 1130 1877 conservatorum¹
1145 1853 1191 1875 re-

452 1904 563 1943 ceptus
590 1899 682 1940 soret,
706 1898 782 1932 huic
806 1898 997 1932 indicendae
1015 1907 1190 1939 congrega-

453 1953 549 1987 tionis
575 1952 619 1986 vis
639 1958 796 1997 perpetuo
817 1957 910 1993 esset,
934 1951 1189 1994 congregationi-

453 2017 516 2052 que
533 2007 564 2040 in
585 2007 736 2040 omnibus
752 2012 904 2051 praesset.
928 2005 1139 2049 Congregatio
1159 2005 1192 2038 in

453 2061 552 2095 sancti
584 2061 751 2105 Sepulchri
784 2060 917 2094 aedibus
949 2060 1139 2094 haberetur:
1167 2060 1192 2094 si

455 2115 638 2149 sacerdotes
657 2114 762 2148 Oblati
786 2114 954 2157 insigniter
977 2114 1193 2148 bibliothecae

455 2178 565 2203 curam
586 2168 796 2211 negligerent,
820 2178 956 2212 eamque
981 2167 1190 2212 dissiparent,

456 2221 670 2266 dissiparique
698 2221 932 2265 permitterent,
952 2226 1007 2254 aut
1026 2221 1112 2255 illius
1136 2232 1190 2266 pu-

456 2275 575 2309 blicum
590 2281 620 2308 et
641 2285 847 2308 communem
865 2285 958 2308 usum
979 2274 1010 2307 in
1024 2274 1192 2318 proprium

458 2334 488 2362 et
504 2328 665 2373 privatum
686 2333 919 2369 converterent,
942 2333 1017 2362 tunc
1040 2328 1079 2362 ab
1106 2327 1194 2362 omni

495 2435 504 2461 1
528 2433 592 2461 Heic
611 2433 673 2460 fort.
690 2432 765 2460 deest
779 2441 828 2460 vox
839 2433 939 2468 prior,·
955 2441 1017 2460 nam
1031 2433 1118 2465 aliter,
1135 2442 1195 2461 curn

458 2478 511 2505 duo
526 2482 617 2505 essent
628 2477 750 2504 canonici
764 2481 977 2511 conservatores,
990 2485 1042 2504 non
1056 2477 1120 2505 satis
1136 2486 1195 2505 con·

459 2522 705 2557 staretdcquonam
715 2523 823 2557 agatur:
840 2529 938 2556 nempe
953 2529 983 2548 ex
998 2521 1104 2549 duobus
1114 2530 1194 2549 cano-

459 2566 527 2593 nicis
537 2588 545 2601 ,
562 2570 590 2593 ut
605 2574 697 2602 supra,
713 2566 740 2592 in
755 2573 900 2593 numerum
919 2571 1141 2593 conservatorum
1153 2575 1196 2593 re-

461 2611 554 2646 ceptis,
566 2610 612 2638 ille
627 2610 744 2646 praesid.
765 2610 811 2646 qui
822 2610 907 2644 prior
917 2612 1043 2645 receptus
1054 2611 1139 2645 foret,·
1150 2609 1197 2638 sed

461 2654 530 2683 haec
548 2663 580 2683 ex
595 2655 669 2683 mera
684 2654 840 2683 coniectura
859 2654 932 2683 dicta
946 2658 1008 2682 sunt
1021 2654 1062 2690 (n.
1074 2655 1122 2690 τ.).

1012 250 1196 273 BULLAIUUM
1217 248 1370 273 ROMANUM

1202 297 1283 337 iure,
1312 296 1399 341 quod
1429 296 1462 329 in
1493 301 1524 329 et
1554 297 1595 330 ad
1627 296 1855 331 bibliothecam
1881 297 1943 332 illis

1202 350 1371 390 concessit,
1391 349 1553 391 cecidisse,
1572 355 1669 394 atque
1687 350 1797 384 omnia
1813 351 1853 384 ad
1869 355 1945 385 tem-

1203 404 1247 448 pli
1269 403 1399 436 maioris
1425 402 1566 436 fabricae
1594 403 1773 447 praefectos
1794 403 1944 438 devoluta

1205 467 1272 490 esse
1290 456 1559 499 intelligerentur.
1583 455 1684 489 Huius
1701 467 1776 490 vero
1796 457 1843 490 rei
1863 457 1946 491 iudi-

1206 510 1289 543 cium
1302 510 1342 543 ad
1356 520 1414 553 pro
1429 515 1574 553 tempore
1588 509 1775 543 existentem
1790 509 1946 544 vicarium

1207 562 1442 607 archiepiscopi
1462 562 1708 596 Mediolanensis
1725 563 1757 595 in
1773 563 1947 607 spirituali-

1208 617 1267 649 bus
1280 616 1475 659 generalem,
1491 615 1531 649 ad
1549 626 1645 659 quem
1666 616 1726 656 et¹,
1738 615 1764 649 si
1785 615 1947 650 interdum

1210 669 1258 710 lis,
1286 669 1504 702 controversia
1521 663 1569 702 vel
1591 668 1772 702 differentia
1796 669 1827 703 in
1848 680 1945 713 prae-

1211 723 1382 756 missorum
1395 721 1609 766 exequutione
1621 722 1668 755 vel
1683 721 1950 766 interpretatione

1211 779 1368 818 oriretur,
1392 776 1610 820 cognitionem
1637 776 1704 810 eius
1733 782 1763 810 et
1793 777 1950 811 iudicium

1213 831 1255 864 ita
1275 831 1375 876 voluit
1397 830 1572 875 pertinere,
1606 835 1642 863 ut
1668 830 1853 864 summatim
1881 830 1951 865 sine

1212 885 1346 929 strepitu
1364 890 1394 918 et
1417 884 1521 927 figura
1546 883 1668 925 iudicii,
1695 884 1763 918 sola
1779 884 1854 918 sacti
1872 884 1952 918 veri-

1215 944 1277 972 tate
1298 938 1451 983 inspecta,
1471 937 1559 971 omni
1580 938 1797 982 appellatione
1820 948 1953 983 prorsus

1215 994 1350 1033 remota,
1373 1001 1612 1036 quamcumque
1633 991 1884 1025 controversiam
1906 991 1955 1026 di·

1216 1044 1357 1085 rimeret,
1378 1050 1409 1078 et
1433 1044 1488 1077 ubi
1513 1045 1553 1078 ad
1573 1044 1672 1077 alium
1696 1043 1835 1078 iudicem
1856 1055 1954 1089 quam

1216 1097 1467 1131 ecclesiasticum
1486 1097 1567 1131 sacto
1587 1097 1656 1141 ipso
1678 1103 1952 1140 conservatorum,

1217 1151 1387 1184 doctorum
1407 1151 1455 1184 vel
1476 1150 1508 1183 in
1532 1150 1644 1184 schola
1663 1151 1816 1184 interesse
1833 1151 1955 1185 haben-

1219 1203 1298 1236 tium
1323 1213 1456 1247 quoquo
1482 1203 1579 1237 modo
1603 1203 1642 1236 lis
1666 1210 1703 1243 et,
1714 1203 1869 1238 iudicium
1895 1205 1955 1238 de-

1218 1256 1410 1297 volveretur,
1435 1262 1510 1290 tunc
1534 1256 1603 1300 ipso
1624 1257 1708 1290 sacto
1725 1256 1798 1291 illos
1815 1257 1886 1291 iure
1902 1257 1958 1292 ad-

1220 1310 1475 1352 ministrationis,
1494 1311 1543 1344 vel
1563 1311 1635 1344 loco
1662 1310 1791 1344 scholae
1810 1311 1955 1355 privavit,

1220 1369 1251 1396 et
1274 1364 1414 1408 privatos
1439 1374 1508 1397 esse
1534 1364 1654 1406 voluit,
1688 1370 1785 1409 prout
1808 1364 1841 1398 in
1866 1364 1959 1399 dictis

1220 1417 1285 1451 suis
1306 1417 1418 1451 litteris
1439 1417 1634 1451 continetur.

1265 1470 1329 1514 §2
1358 1471 1434 1505 Cum
1460 1477 1579 1511 autem,
1607 1471 1689 1505 sicut
1709 1472 1821 1506 eadem
1845 1471 1959 1516 petitio
1989 1479 2157 1529 piamina&

1221 1525 1446 1567 subiungebat,
1463 1525 1638 1569 praemissa
1656 1525 1764 1559 omnia
1781 1526 1812 1559 in
1830 1526 1959 1560 laudem
1974 1511 2162 1588 Ξὲἒξνῖἷῑὲὲὲ

1222 1579 1275 1612 Dei
1294 1590 1330 1612 ac
1354 1578 1450 1612 divini
1476 1579 1580 1612 cultus
1605 1584 1826 1621 augmentum,
1850 1579 1962 1614 totius-

1222 1643 1284 1676 que
1302 1632 1406 1665 dictae
1425 1632 1561 1666 civitatis
1579 1632 1730 1676 illiusque
1749 1643 1962 1677 personarum

1222 1685 1335 1719 litteris
1353 1691 1383 1719 et
1400 1685 1570 1718 virtutibus
1586 1686 1805 1730 praeditarum
1825 1692 1856 1720 et
1875 1697 1965 1731 prae-

1223 1739 1316 1783 cipue
1340 1739 1585 1773 necessitatibus
1617 1749 1845 1784 oppressarum
1874 1750 1964 1774 com-

1225 1792 1357 1826 modum
1383 1799 1414 1825 et
1438 1792 1624 1832 utilitatem,
1651 1803 1779 1827 necnon
1802 1793 1878 1827 fidei
1905 1804 1962 1828 or-

1227 1845 1385 1878 thodoxae
1406 1850 1518 1879 contra
1543 1845 1628 1879 illius
1651 1846 1760 1880 hostes
1779 1857 1966 1891 propugna-

1226 1898 1334 1932 culum
1349 1899 1574 1943 bonarumque
1587 1899 1705 1932 artium
1723 1900 1965 1944 ampliationem

1227 1952 1380 1986 cesserint
1399 1957 1430 1985 et
1454 1952 1580 1994 cedant,
1603 1952 1774 1997 cupiatque
1794 1959 1966 1998 propterea

1227 2006 1332 2040 dictus
1345 2005 1517 2040 Federicus
1531 2006 1703 2040 cardinalis
1716 2012 1748 2041 et
1763 2008 1892 2052 praesul
1913 2007 1966 2042 illa

1228 2060 1336 2094 omnia
1357 2070 1416 2104 pro
1440 2059 1577 2093 firmiori
1602 2060 1732 2094 illorum
1761 2061 1966 2097 subsistentia

1227 2124 1286 2158 per
1302 2124 1361 2147 nos
1378 2113 1564 2147 confirmari
1582 2119 1613 2147 et
1631 2114 1817 2158 approbari,
1839 2115 1966 2160 aliaque

1228 2167 1430 2212 infrascripta
1453 2167 1514 2201 sibi
1538 2168 1676 2211 benigne
1693 2168 1844 2210 concedi;
1867 2180 1967 2214 quare

1229 2221 1412 2265 praedictus
1424 2221 1596 2255 Federicus
1610 2221 1782 2256 cardinalis
1795 2228 1827 2256 et
1839 2224 1967 2267 praesul

1229 2275 1322 2308 nobis
1342 2274 1509 2308 humiliter
1533 2275 1734 2319 supplicavit,
1752 2281 1912 2320 quatenus
1934 2276 1967 2310 in

1229 2327 1412 2372 praemissis
1430 2333 1612 2371 opportune
1631 2327 1807 2372 providere
1824 2328 1863 2362 de
1881 2328 1969 2367 beni-

1229 2381 1350 2425 gnitate
1375 2380 1549 2424 apostolica
1570 2381 1789 2423 dignaremur:

1274 2436 1290 2477 ἓ
1315 2432 1345 2467 3.
1376 2434 1438 2468 Nos
1461 2433 1574 2477 igitur,
1602 2434 1752 2468 eumdem
1777 2434 1965 2468 Federicum

1229 2488 1425 2522 cardinalem
1447 2493 1477 2521 et
1500 2487 1681 2532 praesulem
1706 2487 1898 2532 specialibus
1917 2489 1964 2522 sa·
1982 2493 1996 2514 ¹³

1230 2654 1237 2691 (
1266 2613 1277 2638 ¹
1296 2605 1341 2690 131.
1361 2610 1400 2638 acl
1419 2619 1503 2646 quem
1521 2610 1628 2644 etiarm
1648 2610 1717 2638 male
1736 2610 1819 2639 Main.
1841 2611 1895 2648 leg.
1916 2612 1970 2639 etsi

1241 2661 1268 2682 n.
1284 2660 1308 2682 τ.
1326 2675 1332 2682 .

2028 2432 2170 2461 commitit*
2199 2427 2202 2451 ἶ

1983 2466 2137 2518 Μῧῖἓῖοὲἒι

1229 2540 1359 2574 voribus
1389 2546 1420 2574 et
1444 2540 1554 2583 gratiis
1577 2546 1831 2584 prosequentes,
1859 2541 1968 2575 huius·
1995 2518 2135 2567 {affixisti
2160 2539 2174 2566 ''-
