2227 3241
238 270 286 295 Λ11.
304 269 332 296 C.
352 268 420 296 1605
466 258 529 292 ⁸230

270 2205 434 2228 nonasterium-

249 2240 289 2260 qur
296 2234 388 2260 capitulo
397 2233 434 2262 La·

250 2261 418 2281 t«:r;1iicns1unit.

435 316 597 350 votionem
619 313 805 348 huiusmodi
837 322 903 347 non
923 323 1038 357 parum
1060 313 1090 346 in
1115 313 1175 346 Do-

437 369 524 402 mino
542 368 818 408 commendantes,
840 377 876 400 ac
894 366 1022 400 eosdem
1045 366 1174 400 canoni-

437 433 490 455 cos
504 427 534 455 et
550 421 759 456 beneficiatos
776 430 904 454 necnon
919 419 1053 453 clericos
1071 421 1175 453 011111-

437 475 571 515 tonium,
593 483 772 517 eorumque
792 479 823 507 et
840 473 971 517 capituli
990 473 1174 506 huiusmodi

436 528 614 571 singulares
635 537 799 571 personas,
823 537 841 560 a
866 526 1030 570 quibusvis
1050 536 1175 560 excom-

438 581 679 621 municationis,
703 580 923 625 suspensionis
947 585 978 613 et
999 580 1172 621 interdicti,

437 635 571 679 aliisque
592 634 815 668 ecclesiasticis
831 634 1010 675 sententiis,
1034 633 1176 667 censuris

438 693 467 721 01
483 687 607 732 poenis,
631 699 648 721 a
682 688 752 721 11110
774 688 821 721 vel
842 687 881 720 ab
899 687 1042 728 homine,
1066 687 1176 731 quavis

437 741 607 774 occasione
627 741 675 774 vel
697 742 792 774 causa
812 740 896 782 latis,
917 740 942 774 si
961 741 1077 785 quibus
1098 751 1176 784 quo-

438 793 616 827 modolibet
645 793 818 827 innodatae
849 793 997 835 existunt,
1031 794 1071 828 ad
1096 793 1173 827 esse-

438 853 526 880 ctum
545 847 764 891 praesentium
787 847 954 880 dumtaxat
978 857 1177 891 consequen-

438 901 527 942 dum,
551 900 664 934 harum
686 900 768 934 serie
790 901 1000 943 absolventes,
1025 907 1056 935 et
1078 902 1174 934 abso-

438 955 521 988 lutas
542 955 610 988 sore
640 960 827 996 censentes,
855 965 981 989 necnon
1013 966 1123 989 verum
1149 960 1179 989 01

439 1008 588 1042 ultimum
606 1008 682 1042 dicti
708 1008 894 1042 monasterii
912 1008 1087 1042 vacationis
1109 1019 1177 1042 mo-

440 1062 528 1103 dum,
553 1062 678 1096 etiamsi
710 1073 747 1095 ex
776 1062 830 1096 illo
860 1062 990 1106 quaevis
1019 1062 1179 1105 generalis

439 1116 615 1150 reservatio
636 1115 732 1150 etiam
758 1116 790 1149 in
812 1127 948 1160 corpore
970 1116 1048 1150 iuris
1072 1116 1179 1149 clausa

440 1170 594 1211 resultet,
626 1180 662 1203 ac
687 1180 968 1213 quarumcumque
996 1169 1176 1209 unionum,

440 1223 657 1256 annexionum
673 1249 680 1263 ‚
704 1228 735 1256 et
759 1222 1057 1267 incorporationum
1079 1223 1181 1256 eccle-

440 1276 505 1310 siae
530 1276 754 1310 Lateranensis
781 1281 812 1309 ct
844 1286 974 1310 mensae
994 1275 1179 1309 huiusmodi

441 1330 595 1364 hactenus
608 1330 856 1374 quomodolibet
871 1330 1027 1363 saetarum
1043 1335 1181 1370 tenores,

441 1384 634 1428 illarumque
654 1385 829 1424 fruetuum,
850 1383 1048 1424 reddituum,
1065 1388 1095 1417 et
1109 1393 1182 1427 pro-

440 1443 594 1472 ventuum
619 1448 711 1471 veros
732 1447 856 1470 annuos
877 1437 1001 1470 valeres
1025 1447 1178 1480 praesen-

443 1491 526 1525 tibus
550 1502 610 1536 pro
631 1491 788 1535 expressis
805 1490 972 1531 habentes,
996 1490 1181 1523 huiusmodi

442 1545 734 1590 supplicationibus
755 1544 911 1585 inclinati,
932 1544 1181 1577 transactionem

443 1606 473 1632 et
493 1598 753 1639 conventionem,
777 1598 904 1642 aliaque
923 1597 1101 1641 praemissa
1115 1608 1183 1631 om-

442 1652 507 1694 nia,
527 1652 624 1686 etiam
646 1651 677 1685 in
699 1652 785 1686 dicto
801 1652 998 1685 documento
1019 1657 1179 1692 contenta,

443 1706 634 1740 auctoritate
661 1705 856 1750 apostolica,
893 1711 1003 1738 tenore
1030 1715 1182 1748 praesen-

445 1759 522 1793 tium
537 1787 544 1801 ,
571 1764 729 1804 perpetuo
751 1759 981 1793 confirmamus
1002 1764 1033 1791 et
1059 1768 1179 1802 appro-

444 1814 568 1854 bamus,
593 1813 720 1857 illisque
737 1812 912 1857 respective
941 1818 971 1846 et
991 1811 1183 1845 inviolabili·

446 1872 493 1900 ter
510 1866 670 1900 firmitatis
690 1867 790 1900 robur
806 1865 987 1907 adiicimus,
1004 1877 1040 1899 ac
1057 1876 1180 1906 01111105,

446 1926 477 1954 01
489 1921 643 1964 singulos,
657 1925 721 1954 tam
732 1920 809 1953 iuris
823 1929 919 1964 quam
934 1919 1018 1961 sacti,
1033 1919 1185 1960 desectus,

446 1973 548 2018 siqui
579 1972 811 2007 intervenerint
838 1972 870 2005 in
896 1972 1035 2014 eisdem,
1060 1972 1184 2006 etiamsi

392 2072 398 2076 ,
447 2028 487 2061 ad
511 2027 583 2068 hoc,
607 2031 642 2060 ut
666 2026 810 2070 suppleri
836 2026 885 2059 vel
917 2025 1023 2059 sanari
1048 2026 1182 2070 possint,

447 2079 612 2124 specialis,
640 2079 809 2124 specifica,
838 2085 869 2113 et
888 2088 1037 2123 expressa
1065 2079 1186 2112 mentio

448 2133 592 2167 facienda
616 2137 709 2174 essct,
736 2133 941 2176 supplemus3

494 2189 510 2229 ξ
531 2187 562 2220 lt.
585 2187 622 2220 Et
646 2186 776 2230 insuper
801 2186 922 2220 dictum
954 2185 1185 2219 monasterium

450 2241 551 2285 (quod
570 2241 648 2274 cura
676 2245 707 2273 et
727 2245 886 2273 conventu
906 2244 993 2273 caret
1007 2266 1014 2280 ‚
1036 2250 1072 2272 ac
1097 2239 1187 2273 cuius

450 2295 591 2334 fructus,
615 2293 782 2335 redditus,
811 2299 841 2327 et
861 2297 1036 2337 proventus
1062 2292 1100 2325 ad
1131 2293 1188 2325 du-

449 2352 558 2381 centos
583 2346 722 2380 ssorenos
754 2346 824 2379 auri
856 2346 888 2378 in
920 2345 1010 2378 libris
1036 2346 1187 2380 Gamerae

448 2400 651 2445 Apostolieae
684 2399 779 2433 taxati
815 2399 1044 2443 reperiuntur)
1076 2399 1187 2443 quovis

449 2455 558 2495 modo,
582 2461 613 2488 01
637 2465 673 2489 ex
698 2454 929 2498 cuiuscumque
949 2455 1103 2497 persona,
1132 2464 1186 2486 seu

448 2519 506 2552 per
540 2508 675 2542 liberam
712 2507 850 2542 cuiusvis
882 2507 921 2540 de
951 2506 1006 2540 1110
1039 2506 1187 2551 illiusque

450 2562 606 2604 regimine
632 2567 662 2596 et
685 2560 964 2596 administratione
985 2560 1018 2593 in
1045 2561 1187 2594 Romana

451 2614 544 2648 Curia
564 2616 612 2649 vel
637 2621 725 2650 extra
749 2625 836 2657 eam,
873 2614 969 2649 etiam
994 2624 1102 2648 coram
1132 2624 1188 2647 no-

453 2669 533 2701 tario
558 2669 688 2713 publico
713 2675 744 2704 et
766 2669 910 2710 testibus,
933 2673 1047 2713 sponte
1072 2669 1184 2702 factam

1006 264 1185 289 IlULLARlUM
1206 265 1357 289 ROMANUM

1210 322 1279 345 eom
1286 312 1420 345 mendae
1431 311 1510 345 iuris
1522 311 1710 353 cessionem,
1724 316 1778 345 aut
1791 311 1946 346 Constitu-

1211 366 1330 399 tionem
1354 365 1454 399 felicis
1477 365 1710 399 recordationis
1735 365 1862 400 Ioannis
1885 366 1945 400 Pa-

1211 430 1268 462 pae
1283 419 1363 452 XXII
1378 418 1634 462 praedecessoris
1644 418 1756 460 nostri,
1772 429 1855 463 quae
1873 418 1947 452 inci-

1211 473 1255 516 pit
1265 473 1477 513 Emer-abilis,
1488 473 1534 505 vel
1546 472 1806 520 assequutionem
1816 472 1948 506 alterius

1211 525 1358 559 beneficii
1387 525 1590 559 ecclesiastici
1624 525 1734 570 quavis
1759 525 1948 559 auctoritate

1211 578 1328 617 collati,
1344 584 1444 620 vacet,
1462 589 1518 612 seu
1532 579 1630 623 ipsius
1645 579 1830 614 monasterii
1848 578 1948 612 cuivis

1210 642 1366 676 personae
1386 633 1469 666 saeta
1489 633 1683 666 commenda
1703 637 1804 667 cesset
1823 631 1948 666 etiamsi

1212 692 1299 720 tanto
1320 692 1464 730 tempore
1484 687 1654 727 vacaverit,
1682 686 1770 731 quod
1787 686 1854 720 eius
1873 696 1949 731 pro-

1211 740 1301 781 visio,
1334 740 1418 774 iuxta
1439 740 1660 774 Lateranensis
1681 745 1798 774 statuta
1821 739 1950 774 concilii

1212 799 1264 827 aut
1284 794 1362 827 alias
1382 794 1553 828 canonicas
1570 794 1763 836 sanctiones,
1780 794 1819 827 ad
1835 793 1949 828 Sedem

1212 847 1409 891 praedictam
1435 847 1576 889 legitime
1598 847 1747 881 devoluta
1767 846 1890 888 existat,
1910 846 1950 880 ab

1212 911 1250 935 eo
1291 901 1558 934 consistorialiter
1588 901 1716 945 disponi
1752 899 1953 935 consueverit

1212 967 1268 989 5011
1296 956 1433 996 debeat,
1451 955 1595 999 ipsaque
1614 955 1756 999 provisio
1777 955 1817 988 ad
1836 954 1950 988 Sedem

1213 1009 1409 1053 praedictam
1449 1009 1632 1052 specialiter
1673 1009 1724 1042 vel
1760 1007 1953 1051 generaliter

1213 1062 1382 1106 pertineat,
1403 1073 1440 1095 ac
1456 1073 1553 1106 super
1573 1061 1729 1105 regimine
1761 1067 1791 1095 et
1815 1060 1953 1094 admini-

1213 1116 1368 1149 stratione
1388 1116 1562 1160 praedictis
1580 1116 1663 1149 inter
1682 1115 1807 1160 aliquos
1826 1115 1875 1157 lis,
1899 1126 1954 1148 cu-

1215 1169 1262 1203 ius
1282 1175 1399 1203 statum
1425 1169 1648 1213 praesentibus
1669 1169 1783 1202 haberi
1802 1169 1954 1202 volumus

1215 1233 1272 1266 pro
1294 1233 1467 1266 expresso,
1494 1222 1634 1265 pendeat
1665 1222 1806 1256 indecisa
1833 1221 1950 1266 (dum-

1216 1277 1312 1310 modo
1334 1282 1478 1320 tempore
1499 1277 1592 1309 datae
1609 1276 1826 1320 praesentium
1848 1275 1953 1310 eidem

1217 1331 1411 1364 monasterio
1436 1331 1476 1364 de
1496 1331 1611 1364 abbate
1631 1330 1796 1374 provisum
1824 1334 1879 1364 aut
1909 1329 1951 1362 it-

1216 1385 1271 1417 lud
1296 1384 1388 1418 alteri
1420 1384 1683 1419 commendatum
1711 1383 1865 1417 canonice
1889 1392 1954 1416 non

1217 1437 1352 1480 existat),
1376 1447 1447 1470 eum
1468 1437 1514 1470 illi
1540 1437 1647 1470 forsan
1677 1436 1808 1470 annexis
1828 1441 1859 1470 et
1879 1445 1951 1469 orn-

1216 1491 1310 1524 nibus
1330 1491 1455 1524 iuribus
1473 1496 1504 1524 et
1528 1490 1730 1534 pertinentiis
1752 1490 1828 1532 suis,
1848 1489 1953 1524 eidem

1217 1554 1345 1578 mensae
1371 1543 1539 1587 capitulari
1565 1544 1622 1588 (ita
1643 1544 1730 1588 quod
1750 1544 1845 1578 liceat
1861 1542 1951 1587 capi-

1219 1598 1283 1630 tulo
1304 1603 1335 1630 01
1356 1596 1520 1631 canonicis
1538 1596 1738 1630 beneficiatis
1772 1602 1802 1630 et
1831 1595 1956 1630 clericis

1218 1650 1389 1694 praedietis
1409 1661 1467 1695 per
1491 1661 1545 1692 se,
1577 1651 1625 1684 vel
1654 1650 1772 1692 alium,
1795 1660 1849 1684 seu
1876 1649 1956 1684 alios

1217 1715 1329 1738 eorum
1359 1710 1390 1738 et
1421 1704 1525 1738 dietae
1562 1714 1691 1738 mensae
1726 1703 1858 1738 nomine
1899 1713 1956 1737 5011

1218 1758 1414 1799 nominibus,
1442 1757 1575 1802 propria
1592 1757 1782 1792 auctoritate
1801 1767 1956 1801 corpora·

1219 1813 1297 1852 lem,
1320 1812 1440 1844 realem
1472 1817 1503 1845 et
1533 1811 1691 1844 actualem
1720 1810 1956 1854 possessionem

1219 1865 1294 1899 dicti
1319 1864 1505 1899 monasterii
1534 1875 1571 1898 ac
1598 1874 1798 1898 annexorum
1822 1863 1958 1898 iurium-

1206 1929 1281 1965 ‚que
1301 1924 1331 1951 et
1354 1917 1624 1962 pertinentiarum
1645 1917 1888 1961 praedictorum
1919 1915 1957 1949 li-

1220 1972 1296 2005 bere
1310 1970 1565 2015 apprehendere,
1581 1981 1618 2004 ac
1632 1970 1867 2015 apprehensam
1885 1978 1958 2014 per-

1220 2031 1317 2070 petuo
1338 2025 1488 2066 retinere,
1516 2024 1667 2068 illiusque
1688 2025 1821 2065 fructus,
1844 2022 1955 2058 reddi-

1222 2085 1270 2113 tus
1294 2085 1324 2113 et
1348 2084 1521 2123 proventus
1536 2105 1543 2119 ‚
1567 2078 1654 2119 iura,
1678 2077 1899 2118 obventiones,
1927 2081 1959 2111 et

1221 2132 1439 2166 emolumenta
1451 2141 1686 2176 quaecumque,
1704 2131 1834 2175 dempta
1851 2135 1959 2164 tamen

1222 2198 1257 2220 ex
1278 2186 1322 2219 eis
1342 2176 1504 2230 praedicta
1526 2184 1675 2229 portione
1699 2195 1759 2228 pro
1784 2189 1956 2217 manuten-

1222 2240 1307 2274 tione
1332 2239 1593 2284 presbyterorum
1627 2249 1663 2272 ac
1689 2238 1827 2272 aliorum
1862 2236 1958 2270 mini-

1221 2299 1362 2327 strorum
1398 2292 1553 2326 ecclesiae
1591 2302 1648 2325 5011
1688 2291 1853 2336 cappellae
1882 2289 1958 2324 dicti

1223 2345 1418 2387 monasterii,
1447 2351 1481 2378 ut
1503 2345 1695 2389 praefertur,
1723 2355 1782 2388 pro
1812 2349 1959 2387 tempore

1222 2399 1469 2434 deservientium
1484 2398 1655 2443 quotannis
1669 2397 1878 2439 desumenda,
1891 2407 1960 2441 per-

1222 2453 1348 2498 cipere,
1372 2452 1499 2495 exigere
1514 2479 1521 2493 ,
1545 2452 1670 2493 levare,
1693 2450 1884 2491 ariendare,
1912 2450 1960 2482 lo-

1222 2517 1306 2547 care,
1331 2505 1499 2546 disloeare,
1523 2515 1560 2538 ac
1581 2504 1612 2538 in
1632 2514 1707 2538 suos
1726 2515 1803 2538 usus
1823 2509 1853 2537 et
1873 2502 1960 2536 utili-

1223 2565 1331 2600 tatem,
1347 2560 1445 2592 modo
1459 2564 1490 2592 et
1506 2559 1608 2592 forma
1621 2557 1815 2602 praemissis,
1829 2566 1961 2590 conver-

1223 2619 1298 2654 tere,
1311 2611 1497 2646 Dioecesani
1515 2611 1577 2645 loci
1598 2611 1646 2644 vel
1668 2610 1806 2644 cuiusvis
1826 2609 1959 2643 alterius

1222 2666 1348 2701 licentia
1369 2667 1508 2710 desuper
1528 2665 1661 2700 minime
1686 2663 1860 2709 requisita,
1884 2673 1957 2697 cum

1960 263 2010 292 An.
2031 263 2059 293 C.
2077 265 2088 292 1

2149 817 2188 917 ᾼΦΜΞΞ

2158 923 2187 954 >¹

2161 961 2186 999 1
