2227 3241
269 293 318 322 An.
337 294 364 321 c.
389 293 456 321 1603
501 283 521 317 2

277 1787 392 1807 Contrariis
400 1793 441 1808 non

260 1813 400 1835 obstantibus.

305 1999 440 2021 Praesentem

259 2025 327 2046 Consu.
338 2027 395 2047 iubet
404 2032 442 2053 pu·

258 2052 330 2073 blicari
340 2052 427 2077 Romae,

464 341 625 380 habeant,
645 337 698 373 sed
725 336 865 371 subversi
891 334 997 379 potius
1022 339 1051 367 et
1079 334 1196 367 imma-

465 404 519 427 nes
543 402 639 436 quam
664 389 812 424 haeretici
837 387 951 421 merito
975 386 1038 421 dici
1064 386 1199 430 possint3

464 450 640 490 propterea,
671 448 705 476 ut
728 441 771 475 illi
797 440 902 474 debita
927 439 1201 474 animadversione

464 499 594 532 omnino
618 495 802 540 puniantur,
827 504 886 527 nec
902 504 919 527 a
943 492 1090 537 praefatis
1114 502 1201 525 erro-

465 551 552 584 ribus
565 550 629 583 ulla
649 546 851 582 excusatione
867 545 906 578 de
922 550 1049 579 caetero
1068 555 1101 578 se
1118 544 1199 578 tueri

463 603 596 642 valeant,
620 607 709 634 motu
726 599 869 644 propri0,
896 603 927 632 et
944 609 980 631 ex
999 603 1081 631 certa
1098 596 1200 630 scien-

462 655 506 689 tia
523 666 558 688 ac
579 659 702 687 matura
719 651 948 685 deliberatione
964 655 1085 690 nostra,
1096 650 1200 694 deque

461 707 651 752 apostolicae
664 704 831 750 potestatis
848 703 1060 749 plenitudine,
1076 703 1134 735 hac
1146 713 1200 736 no-

461 767 524 794 stra
536 764 693 804 perpetuo
710 757 845 791 valitura
862 756 1102 795 constitutione,
1123 754 1199 788 dicti

460 813 548 847 Pauli
562 811 816 856 praedecessoris
829 809 968 853 vestigiis
985 809 1196 849 inhaerentes,

460 878 497 902 ac
511 866 578 900 eius
592 864 857 899 constitutionem
871 862 1080 907 praedictam,
1093 862 1199 906 quoad

461 930 578 963 poenas
591 918 622 951 in
633 929 669 952 ea
679 923 858 957 contentas,
874 916 1061 950 innovantes
1074 926 1111 949 ac
1127 925 1199 959 per-

460 979 557 1017 petuo
582 971 808 1006 confirmantes
832 976 863 1004 et
888 970 1113 1014 approbantes,
1140 979 1195 1002 su-

459 1026 618 1070 pradictos
638 1034 750 1058 omncs
777 1030 808 1057 et
832 1023 986 1066 singulos,
1006 1022 1060 1066 qui
1085 1022 1194 1056 hacte—

459 1090 519 1113 nus
532 1079 564 1112 in
580 1078 698 1112 similes
712 1088 836 1111 errores
857 1084 912 1111 aut
931 1086 1041 1110 eorum
1059 1076 1197 1120 aliquem

458 1132 537 1177 lapsi
562 1138 648 1171 sunt,
667 1130 770 1165 autin
794 1136 957 1175 posterum
978 1129 1197 1174 prolabentur,

459 1190 578 1219 attenta
609 1185 767 1218 dictorum
805 1194 949 1217 errorum
978 1183 1133 1227 gravitate
1167 1188 1198 1217 et

458 1239 657 1278 enormitate,
678 1239 910 1281 cuiuscumque
926 1237 1102 1281 dignitatis
1120 1247 1197 1281 gra-

458 1292 540 1334 dus,
571 1291 714 1333 ordiniS,
740 1293 788 1325 vel
823 1290 1014 1325 conditionis
1039 1290 1194 1332 existant,

457 1346 545 1379 nulla
570 1345 631 1379 illis
655 1345 749 1379 etiam
767 1344 966 1388 ignorantiae
997 1346 1197 1389 supradictae

457 1402 692 1438 constitutionis
706 1402 906 1436 excusatione
919 1402 1123 1446 suffragante,
1139 1415 1197 1447 pro

456 1457 614 1491 subversis
627 1461 657 1490 et
670 1456 802 1500 relapsis
820 1456 853 1489 in
866 1455 1022 1490 haeresim
1036 1456 1156 1498 haberi,
1168 1464 1198 1492 et

457 1518 620 1555 tamquam
646 1511 785 1554 relapsos
802 1510 913 1544 curiae
930 1510 1084 1543 saeculari
1102 1512 1194 1553 tradi,

456 1575 494 1598 ac
517 1575 574 1610 per
597 1563 740 1598 eamdem
759 1564 881 1597 curiam
900 1563 1016 1597 debitis
1033 1565 1144 1608 poenis
1164 1565 1196 1598 in

456 1618 599 1662 relapsos
623 1617 748 1652 statutis
765 1616 871 1662 puniri
889 1627 994 1661 posse,
1013 1619 1197 1652 auctoritate

456 1671 631 1716 apostolica
661 1676 771 1706 tenore
799 1671 1016 1715 praesentium
1041 1677 1196 1716 perpetuo

456 1725 636 1760 statuimus.

501 1778 558 1822 §t
574 1779 643 1812 Non
658 1777 859 1812 obstantibus
872 1778 1094 1812 omnibusillis
1111 1789 1195 1823 quae

456 1831 635 1876 praedictus
649 1831 764 1865 Paulus
777 1832 1004 1875 praedecessor
1016 1831 1114 1865 voluit
1130 1843 1194 1866 non

456 1884 592 1924 obstare,
629 1883 826 1929 caeterisque
857 1884 1026 1919 contrariis
1054 1884 1190 1928 quibus-

455 1948 604 1982 cumque.

500 1991 515 2035 ᾗ
540 1990 569 2024 5.
596 1991 636 2025 Ut
660 1996 765 2024 autem
785 1989 969 2024 huiusmodi
992 1991 1193 2025 constitutio-

455 2045 505 2078 nis
535 2044 714 2088 ignorantia
738 2044 777 2078 de
806 2050 931 2078 caetero
961 2044 1112 2088 allegari,
1138 2050 1193 2079 aut

455 2097 620 2142 praetendi
638 2108 802 2142 nunquam
818 2098 930 2142 possit,
941 2104 1038 2143 atque
1054 2103 1089 2132 ut
1101 2109 1192 2142 prae-

455 2157 558 2185 sentes
571 2151 718 2184 omnibus
731 2151 943 2192 innotescant,
959 2152 1106 2186 volumus
1121 2152 1191 2186 illas

453 2204 493 2238 ad
518 2205 620 2237 valvas
635 2203 788 2239 ecclesiae
812 2204 1036 2239 Lateranensis
1053 2212 1085 2239 et
1101 2206 1191 2240 basi-

453 2257 531 2292 licae
562 2257 717 2302 Principis
736 2258 973 2303 Apostolorum,
997 2266 1027 2293 et
1058 2260 1090 2294 in
1124 2261 1190 2294 acie

453 2310 561 2355 Campi
591 2311 715 2352 Florae,
742 2321 831 2345 more
850 2313 956 2353 solito,
976 2313 1135 2357 publicari
1160 2320 1190 2348 et

453 2363 547 2407 astigi,
574 2369 670 2408 atque
700 2364 738 2397 iis
762 2364 835 2398 inde
869 2365 982 2399 amotis
1002 2367 1189 2402 earumdem

453 2416 608 2461 exempla,
634 2416 732 2450 etiam
757 2416 925 2461 impressa,
950 2419 994 2452 ibi
1019 2420 1109 2453 affixa
1134 2431 1186 2454 re-

454 2470 566 2513 linqui,
593 2470 740 2514 sactaque
761 2470 977 2514 publicatione
990 2473 1186 2515 huiusmodi,

453 2532 562 2556 omnes
587 2523 641 2566 qui
673 2523 705 2556 in
735 2523 830 2563 Urbe,
854 2530 926 2568 post
950 2535 1106 2567 mensem,
1133 2527 1187 2570 qui

455 2585 526 2609 vero
547 2582 631 2611 extra
649 2587 717 2610 eam
734 2577 855 2610 etcitra
873 2584 1008 2619 montes,
1028 2585 1095 2623 post
1112 2590 1189 2623 qua-

453 2633 525 2661 tuor
538 2639 674 2671 menses,
693 2635 724 2663 et
741 2629 795 2675 qui
813 2630 943 2664 demum
963 2631 1045 2665 ultra
1065 2637 1188 2665 montes

454 2680 580 2723 tuerint,
600 2687 670 2728 post
693 2682 803 2718 decem
821 2693 946 2718 menses
966 2693 984 2718 a
1000 2683 1050 2719 die
1074 2684 1183 2732 publi-

1038 286 1221 312 BULLARIUM
1245 287 1398 312 ROMANUM

1233 335 1365 368 cationis
1378 334 1560 368 huiusmodi
1576 333 1819 377 computandos,
1839 333 1971 377 perinde

1234 388 1356 421 afficere
1384 393 1415 421 et
1437 393 1571 427 arctare,
1595 397 1631 419 ac
1650 386 1675 419 si
1701 396 1812 420 eorum
1838 385 1970 419 cuilibet

1234 440 1442 484 personaliter
1459 439 1622 472 intimatae
1639 439 1783 472 fuissent.

1278 492 1339 535 §fx
1368 492 1406 525 Et
1423 490 1643 532 nihilominus,
1666 497 1702 525 ut
1715 492 1801 537 ipsae
1821 502 1970 536 praesen-

1234 552 1280 579 tes
1304 546 1414 578 literae
1438 555 1475 578 eo
1499 544 1637 578 notiores
1654 544 1744 585 siant,
1770 549 1800 578 et
1820 544 1970 579 omnibus

1232 597 1333 641 magis
1356 597 1566 638 innotescant,
1599 608 1658 631 nec
1682 607 1748 630 non
1771 607 1829 641 pro
1853 597 1970 641 potiori

1233 651 1368 689 cautela,
1388 650 1544 691 volumus,
1570 656 1606 683 ut
1629 649 1833 694 inquisitores
1859 655 1970 684 contra

1232 703 1423 736 haereticam
1448 703 1647 746 pravitatem,
1665 703 1699 736 in
1715 703 1754 737 iis
1777 702 1968 744 civitatibus,

1233 756 1322 789 terris
1345 761 1376 789 et
1401 756 1480 790 locis
1501 757 1534 789 in
1558 755 1674 800 quihus
1699 755 1860 790 constituti
1884 762 1969 797 sunt,

1232 809 1286 842 ubi
1301 819 1375 842 vero
1387 808 1571 842 huiusmodi
1585 808 1792 852 inquisitores
1805 819 1869 843 non
1883 814 1968 851 sunt,

1232 862 1375 896 locorum
1408 861 1567 895 Ordinarii
1591 861 1842 904 publicationem
1873 872 1968 906 prae-

1231 914 1383 955 sentium,
1410 920 1446 948 ut
1475 914 1558 948 infra
1581 914 1717 955 dicetur,
1744 914 1813 948 fieri
1841 920 1969 956 curent,

1232 978 1269 1001 ac
1298 973 1469 1011 propterea
1489 967 1644 1001 universis
1670 972 1700 1001 et
1723 967 1856 1011 singulis
1879 978 1971 1002 vene-

1983 283 2032 311 An.
2048 282 2078 311 C.
2100 282 2168 312 1603

2045 490 2071 511 Et
2079 489 2171 512 ubilibet

1984 517 2024 564 {33⁵
2034 517 2170 565 ’.Ῥῗέἑῗὲέὲῖ

1985 569 2112 591 Ordinariis.

1232 1021 1387 1055 rabilibus
1411 1021 1563 1055 fratribus
1593 1021 1800 1066 patriarchis,
1826 1021 1970 1065 primati-
1997 1042 2010 1052 .

1232 1075 1302 1116 bus,
1322 1074 1583 1119 archiepiscopiS,
1609 1074 1769 1119 episcopis
1785 1081 1816 1109 et
1839 1074 1908 1108 aliis
1923 1075 1970 1109 lo-

1231 1137 1342 1161 corum
1367 1127 1552 1168 Ordinariis,
1578 1137 1638 1161 nec
1661 1137 1727 1161 non
1750 1126 1872 1161 dilectis
1895 1127 1969 1161 siliis

1230 1180 1472 1225 inquisitoribus
1485 1180 1633 1225 praefatis
1646 1186 1758 1215 contra
1773 1180 1968 1215 haereticam

1231 1234 1416 1279 pravitatem
1428 1234 1563 1268 ubilibet
1572 1234 1764 1274 constitutis,
1774 1245 1829 1279 per
1842 1234 1968 1269 easdem

1231 1294 1412 1333 praesentes
1444 1288 1687 1328 committimus,
1723 1293 1755 1323 et
1787 1288 1820 1321 in
1855 1288 1970 1322 virtute

1231 1350 1359 1378 sanctae
1372 1344 1573 1379 obedientiae
1587 1342 1730 1376 districte
1746 1340 1970 1386 praecipiendo

1232 1401 1434 1442 mandamus,
1447 1406 1483 1434 ut
1495 1411 1549 1446 per
1565 1411 1611 1442 se,
1622 1401 1669 1435 vel
1686 1401 1796 1443 alium,
1816 1411 1872 1435 seu
1889 1401 1969 1437 alios

1231 1456 1326 1490 hasce
1357 1462 1483 1490 nostras
1507 1456 1626 1496 literas,
1659 1461 1828 1501 postquam
1858 1466 1968 1490 earum

1231 1510 1414 1553 exemplum
1449 1510 1639 1554 receperint,
1666 1521 1722 1543 seu
1750 1520 1860 1544 earum
1884 1510 1968 1544 noti-

1231 1563 1307 1597 tiam
1328 1563 1508 1603 habuerint,
1521 1564 1632 1604 semel,
1646 1569 1701 1598 aut
1725 1564 1857 1607 pluries,
1872 1570 1968 1608 prout

1231 1618 1275 1651 eis
1292 1617 1394 1661 magis
1410 1617 1560 1662 expedire
1576 1617 1678 1651 visum
1695 1617 1803 1658 fuerit,
1821 1617 1881 1662 ipsi
1899 1617 1968 1663 qui-

1230 1671 1302 1705 dem
1316 1671 1526 1715 patriarchae,
1545 1670 1710 1715 primates,
1736 1670 1968 1716 archiepiscopi

1230 1730 1261 1758 et
1284 1724 1437 1769 episcopi,
1458 1730 1487 1759 et
1513 1725 1565 1759 alii
1590 1725 1734 1758 locorum
1752 1724 1910 1759 Ordinarii
1934 1726 1966 1759 in

1228 1789 1340 1812 eorum
1364 1777 1598 1812 cathedralibus
1623 1782 1653 1811 et
1669 1778 1845 1812 maioribus
1861 1788 1967 1823 respe-

1229 1832 1311 1867 ctive
1335 1831 1477 1866 ecclesiis
1503 1832 1680 1873 civitatum,
1711 1831 1904 1876 oppidorum
1935 1838 1966 1866 et

1227 1886 1369 1919 locorum
1395 1895 1674 1930 quorumcumque
1704 1895 1813 1918 eorum
1842 1884 1966 1919 dioece-

1227 1949 1316 1979 sum,
1345 1939 1400 1972 ubi
1424 1939 1631 1983 inquisitores
1654 1949 1718 1973 non
1741 1939 1878 1979 fuerint,
1909 1938 1965 1972 ubi

1227 2003 1301 2026 vero
1323 1992 1525 2037 inquisitores
1550 1991 1679 2031 suerint,
1708 1991 1837 2036 ipsimet
1860 1991 1965 2036 inqui-

1226 2045 1339 2079 sitores
1371 2046 1403 2079 in
1429 2045 1548 2079 eisdem
1571 2044 1723 2085 ecclesiis,
1757 2044 1834 2078 dum
1864 2044 1897 2078 in
1920 2045 1965 2079 eis

1225 2098 1328 2133 maior
1344 2099 1454 2143 populi
1481 2098 1651 2133 multitudo
1664 2097 1702 2132 ad
1721 2097 1825 2132 divina
1845 2108 1961 2133 conve-

1224 2152 1318 2192 nerit,
1344 2152 1529 2186 solemniter
1551 2151 1725 2197 publicent,
1745 2158 1776 2186 et
1792 2151 1962 2197 publicari,

1224 2205 1414 2240 auctoritate
1431 2210 1551 2246 nostra,
1577 2204 1730 2239 mandent
1753 2211 1784 2239 et
1802 2204 1930 2239 saciant.

1269 2261 1285 2302 g
1311 2258 1340 2293 7.
1360 2259 1538 2299 Caeterum,
1559 2259 1634 2304 quia
1651 2258 1781 2292 difficile
1797 2257 1889 2298 foret,
1903 2261 1958 2291 etc.

1267 2313 1381 2346 Datum
1397 2312 1518 2346 Romae
1534 2312 1618 2357 apud
1632 2312 1662 2346 S.
1680 2312 1823 2352 Petrum,
1835 2309 1895 2344 sub
1908 2320 1962 2344 an-

1222 2367 1299 2400 nulo
1330 2366 1511 2408 Piscatoris‚
1534 2366 1586 2399 die
1610 2375 1648 2400 111
1665 2364 1815 2399 februarii
1843 2373 1959 2406 unctu,

1222 2420 1428 2465 pontificatus
1444 2419 1545 2454 nostri
1567 2429 1653 2453 anno
1668 2427 1725 2453 xit.

1258 2482 1316 2510 Dat.
1335 2481 1378 2510 die
1393 2481 1408 2510 3
1427 2480 1557 2509 februarii
1577 2480 1656 2516 1603,
1672 2479 1767 2517 pontis.
1780 2488 1824 2509 an.
1836 2486 1881 2510 xtt.
