2227 3241
492 254 556 286 :zali

459 311 541 344 rium
560 316 688 344 sanctae
702 311 917 344 Seliolasticae
930 312 1058 345 Sublaci
1073 313 1111 345 ad
1126 323 1199 356 pro-

460 364 621 397 bationem
655 370 685 397 et
719 364 952 408 professionem
990 365 1198 399 emittendam

458 417 660 461 (sumptibus
681 422 787 451 tamen
809 423 840 451 et
860 418 1006 462 expensis
1031 419 1107 453 dicti
1133 431 1200 454 mo-

460 470 591 503 nasterii
615 470 716 504 sancti
742 470 843 512 Pauli,
871 471 963 505 cuius
982 473 1116 516 professi
1138 473 1201 507 sint

459 529 490 557 et
514 534 582 557 esse
601 524 840 568 intelligantur)
861 525 1046 566 mittantur3

505 578 521 618 5
539 576 592 610 27.
613 577 744 621 Hacque
761 577 801 611 de
818 580 914 611 causa
931 578 1043 611 saltem
1063 579 1127 613 duo
1148 590 1202 613 no-

460 630 525 663 vitii
546 640 606 674 pro
628 631 824 664 monasterio
844 631 997 673 Farfensi,
1019 637 1048 665 et
1062 632 1115 665 alii
1137 633 1201 667 duo

458 694 517 727 pro
536 683 732 717 monasterio
750 684 878 718 Sublaci
896 685 1080 729 praedictis,
1101 688 1203 721 exea-

459 738 530 771 dem
552 738 719 782 provincia
739 739 883 772 Romana
904 739 1044 781 oriundi,
1066 740 1097 772 in
1116 741 1201 774 dicto

458 791 614 825 novitiatu
634 791 820 825 Sublacensi
848 793 993 836 (usque¹
1020 793 1060 826 ad
1088 803 1201 827 nume-

457 855 542 885 rum,
561 845 617 889 qui
636 856 672 878 ex
688 845 820 878 illorum
840 846 1111 880 monasteriorum
1130 847 1202 881 red-

460 898 580 931 ditibus
600 898 642 931 ali
663 903 694 932 et
718 899 889 932 sustentari
915 900 1049 944 possint,
1077 901 1201 934 reducti

458 952 607 995 suerint),
628 952 888 997 quibuscumque
905 964 970 987 non
988 954 1201 996 obstantibus,

462 1006 681 1051 recipiantur;

504 1062 520 1103 ἓ
545 1060 598 1094 98.
622 1061 789 1105 Quodque,
814 1062 939 1106 quoties
960 1063 1129 1105 contigerit
1149 1063 1203 1096 ab·

459 1115 565 1148 batem
582 1115 657 1148 dicti
673 1116 858 1149 monasterii
873 1116 974 1149 sancti
989 1117 1077 1149 Pauli
1093 1117 1204 1150 oriun-

460 1168 535 1201 dum
558 1168 605 1201 vel
634 1168 814 1212 professum
844 1180 911 1203 esse
938 1181 975 1203 ex
1000 1171 1203 1204 monasteriis

460 1222 685 1264 Lombardiae,
706 1224 844 1257 Venetae
863 1230 893 1257 et
911 1224 1057 1267 Liguriae
1076 1225 1204 1269 provin-

461 1275 583 1309 ciarum
605 1276 779 1320 praedictis
793 1276 814 1318 ²,
841 1282 916 1310 tunc
936 1284 1131 1322 procurator
1150 1290 1204 1322 ge-

459 1330 576 1363 neralis
597 1330 757 1364 dictorum
777 1330 906 1365 Ordinis
927 1338 956 1365 et
976 1333 1201 1375 Congregatio-

459 1384 507 1417 nis
528 1384 686 1418 oriundus
707 1385 755 1418 vel
775 1385 889 1418 saltem
910 1388 1073 1430 professus
1091 1398 1127 1421 ex
1148 1388 1205 1421 ali-

460 1449 524 1482 quo
550 1439 746 1472 monasterio
772 1439 946 1481 Romanae,
967 1441 1137 1474 Hetruriae
1156 1443 1201 1475 vel

458 1493 688 1537 Neapolitanae
699 1493 940 1537 provinciarum
953 1495 1204 1538 praedictarum,

460 1551 490 1579 et
515 1546 686 1587 vieeverszt,
716 1547 829 1580 existat
851 1553 882 1580 et
902 1558 969 1581 esse
995 1548 1121 1589 debeat,
1145 1560 1202 1582 nee

460 1599 556 1633 ambo
582 1599 647 1632 ullo
671 1610 826 1644 umquam
853 1607 997 1644 tempore
1023 1613 1058 1634 ex
1085 1613 1199 1636 mona-

461 1653 565 1687 steriis
586 1654 793 1694 earumdem,
828 1655 883 1687 sed
909 1655 1107 1688 diversarum
1131 1668 1202 1700 pro-

461 1707 640 1740 vinciarum
663 1708 901 1750 praedictarum
928 1720 996 1742 esse
1022 1710 1176 1751 debeat³3

300 1772 367 1792 inmo
385 1779 445 1797 ,w-
507 1762 524 1802 ξ
545 1760 597 1793 029.
621 1761 775 1794 Similiter
800 1768 959 1806 perpetuo
979 1763 1148 1797 statuimus
1174 1771 1203 1798 et

260 1800 445 1845 sll'.“*²'''''⁴⁰¹‘*²¹¹¹‘
462 1814 721 1848 01¹dinamusz⁴ac
737 1815 780 1848 ita
793 1816 832 1848 ab
848 1816 998 1849 omnibus
1012 1822 1038 1850 et
1059 1817 1202 1859 singulis,

461 1878 543 1912 quos
560 1869 737 1913 praemissa
751 1875 950 1903 concernunt
964 1876 994 1903 et
1008 1878 1203 1905 concernent

460 1922 707 1965 quomodolibet
724 1922 755 1955 in
773 1923 930 1964 futurum,
947 1923 1006 1957 suh
1020 1927 1125 1967 poena
1142 1925 1203 1969 pri-

459 1975 595 2009 vationis
622 1976 711 2010 vocis
735 1977 858 2010 activae
886 1982 917 2010 et
945 1978 1107 2022 passivae,
1132 1978 1201 2022 ipso

460 2029 544 2062 sacto
566 2029 796 2071 incurrendis5,
829 2030 1058 2065 inviolabiliter
1085 2033 1197 2066 obser-

459 2083 525 2116 vari
547 2083 664 2117 debere
687 2084 834 2117 volumus
855 2090 884 2118 ct
909 2086 1110 2119 mandamus.

504 2138 520 2179 ξ
542 2134 594 2169 30.
618 2137 673 2178 Ac,
692 2147 752 2181 pro
777 2138 1030 2181 praemissorum
1052 2140 1197 2184 comple-

263 264 311 288 An.
332 262 359 288 C.
381 263 444 290 tttst7

274 594 296 614 Et
308 594 343 614 alii
353 600 379 619 qu
389 595 444 613 mm

260 629 279 641 m
295 621 444 651 nuntiatuSu-

261 650 363 668 blut-cn«.

306 1078 377 1098 Abbas
392 1077 443 1098 ‹licti

259 1105 381 1125 monasterii
397 1111 443 1125 sanv

258 1134 286 1151 eti
296 1131 355 1152 Pauli
367 1133 387 1151 ot
397 1137 443 1157 pre-

259 1161 345 1179 curatur
360 1158 444 1178 lll'tltllls

259 1191 300 1205 nun
315 1185 357 1205 sint
372 1185 397 1205 de
409 1191 443 1205 ea·

260 1212 307 1231 ilem
336 1212 445 1236 provincia

259 1238 350 1262 oriundi,
359 1239 390 1258 vel
399 1244 445 1264 pro-

260 1265 315 1285 sessi.

310 2145 419 2166 Contirmat
426 2146 444 2165 lo

496 2236 507 2260 1
531 2233 594 2260 Heic
610 2233 747 2260 videretur
771 2235 920 2270 supplenda
945 2236 1104 2271 particulam
1132 2238 1200 2264 dum

457 2279 495 2313 (a.
512 2279 561 2314 r).
746 2305 759 2323 Δ

493 2324 508 2350 2
528 2323 621 2358 Aptius
636 2324 774 2359 legeretur
787 2325 1009 2359 praedictarum
1025 2327 1061 2361 (n.
1073 2331 1120 2357 T.).

493 2369 509 2395 3
529 2368 673 2396 Videretur
690 2368 832 2404 legendum
848 2370 981 2405 debeant,
1008 2375 1054 2398 aut
1070 2372 1139 2400 atter
1159 2380 1201 2400 eo-

458 2422 526 2441 rum
546 2422 603 2441 esse
620 2414 720 2441 debeat
736 2414 774 2448 (u.
785 2418 832 2447 T.).

493 2458 508 2484 t
529 2457 595 2485 Hinc
611 2458 700 2494 aptius
716 2466 785 2485 nova
800 2458 813 2494 §
829 2458 994 2503 iikciperetur
1007 2462 1044 2495 (n.
1066 2461 1115 2495 'r.).

1036 259 1219 289 ttt'LLAlttUM
1247 265 1399 291 ROMANUM

1236 320 1354 358 mento,
1377 316 1484 348 omnia
1506 322 1536 349 et
1552 316 1678 359 singula
1696 318 1862 361 privilegia
1880 319 1976 353 lilier-
1992 333 2178 359 pin-timoratum

1237 372 1326 408 tates,
1355 367 1574 402 immunitates
1589 396 1596 410 ,

1235 430 1302 460 nes,
1326 421 1467 465 aliasque
1481 423 1598 465 gratias
1611 428 1673 456 tam
1687 423 1869 467 spirituales
1880 436 1976 469 quam

1238 474 1429 517 temporales
1446 485 1504 518 per
1522 475 1623 508 felicis
1644 476 1859 510 reordationis
1876 477 1978 520 Euge-

1235 526 1325 560 nium
1338 527 1456 571 Papam
1475 526 1542 569 lV¹‚
1559 534 1590 561 et
1602 528 1794 571 Gregorium
1805 529 1894 563 X111³
1909 540 1978 564 nec-

1236 590 1300 613 non
1318 580 1512 614 Clementem
1527 581 1612 615 vnl³
1631 582 1794 616 Romanos
1807 582 1978 617 Pontifices

1237 634 1500 677 praedecessores
1526 640 1672 677 nostros,
1694 635 1753 669 sub
1774 647 1978 681 quacumque

1237 688 1408 721 verborum
1433 689 1535 722 forma
1549 695 1579 722 et
1593 690 1808 734 expressione,
1823 702 1923 735 super
1937 692 1979 725 di-

1237 743 1359 772 ctoium
1387 740 1593 774 definitorum
1615 741 1790 783 electione,
1811 741 1979 786 dictaeque

1237 792 1501 836 Congregationis
1522 794 1606 827 felici
1630 800 1714 828 statu
1731 805 1768 828 ac
1788 794 1975 836 directione,

1237 851 1268 879 et
1295 846 1372 880 alias
1400 857 1498 891 super
1521 848 1706 891 praemissis
1734 848 1980 892 quomodolibet

1237 910 1404 941 concessa,
1432 911 1558 934 necnon
1587 901 1728 944 singulas
1752 901 1875 935 litteras
1894 912 1976 947 apo—

1237 953 1365 986 stolicas
1379 954 1517 998 desuper
1531 955 1705 999 expeditas,
1722 966 1758 989 ac
1776 955 1903 989 illarum
1916 955 1980 989 sor—

1238 1016 1305 1040 mas
1325 1012 1356 1040 et
1375 1007 1620 1050 continentiam,
1640 1014 1768 1042 tenores
1789 1014 1820 1042 et
1838 1009 1980 1051 effectus,

1238 1060 1370 1104 perinde
1388 1071 1425 1094 ac
1445 1061 1470 1094 si
1495 1062 1534 1095 de
1551 1063 1650 1096 verbo
1671 1063 1711 1096 ad
1729 1063 1862 1096 verbum
1883 1074 1979 1107 prae—

1238 1114 1382 1148 sentibus
1407 1116 1525 1150 inserta
1546 1122 1661 1159 essent,
1683 1117 1861 1151 dummodo
1888 1128 1980 1161 prae-

1240 1168 1342 1202 missis
1374 1170 1535 1203 contraria
1567 1180 1631 1203 non
1663 1171 1799 1204 existant
1818 1198 1825 1211 ,
1861 1171 1981 1215 pariter

1238 1226 1395 1266 perpetuo
1417 1223 1634 1266 approbamus
1666 1229 1695 1257 et
1724 1223 1954 1258 confirmamus
1970 1252 1977 1265 ‚

1240 1276 1376 1320 illisque,
1394 1287 1430 1310 ac
1445 1287 1555 1310 earum
1581 1277 1732 1320 singulis,
1748 1283 1924 1322 perpetuae
1945 1290 1981 1312 ac

1240 1330 1433 1363 inviolabilis
1464 1330 1626 1364 firmitatis
1657 1331 1758 1364 robur
1789 1331 1977 1374 adiicimus,
2012 1353 2017 1356 -

1239 1395 1364 1417 necnon
1402 1395 1514 1418 omnes
1545 1391 1575 1418 et
1605 1385 1771 1428 singulos,
1806 1392 1868 1420 tam
1902 1386 1981 1421 iuris

1239 1448 1334 1481 quam
1357 1438 1441 1478 sacti,
1467 1450 1502 1472 ac
1522 1439 1764 1472 solemnitatum
1783 1439 1814 1472 in
1835 1440 1884 1473 his
1901 1451 1981 1484 quo-

1240 1492 1417 1525 modolibet
1453 1492 1681 1536 requisitarum
1710 1503 1747 1526 ac
1778 1493 1978 1528 necessaria--

1239 1557 1328 1586 mim,
1354 1546 1514 1586 desectus,
1542 1546 1737 1589 excogitatos
1763 1547 1809 1580 vel
1836 1557 1900 1580 non
1926 1558 1980 1581 co-

1238 1601 1364 1642 gitatus,
1380 1600 1404 1633 si
1419 1601 1472 1644 qui
1491 1600 1713 1644 principaliter
1728 1601 1775 1635 vel
1793 1597 1982 1643 accessorio,

1238 1660 1292 1687 aut
1312 1654 1389 1687 alifis
1415 1654 1662 1697 quomodolibet
1693 1655 1924 1689 intervenerint
1950 1656 1981 1689 in

1239 1708 1371 1748 eisdem,
1389 1708 1446 1741 etsi
1460 1708 1498 1741 de
1511 1708 1584 1748 illis,
1602 1709 1641 1741 ad
1661 1709 1722 1741 hoc
1740 1714 1774 1742 ut
1794 1709 1937 1753 suppleri
1952 1715 1983 1743 et

1237 1761 1343 1795 sanari
1364 1761 1506 1805 possint,
1535 1762 1693 1805 specialis,
1717 1762 1868 1806 specifica
1885 1768 1917 1796 et
1931 1774 1982 1797 ex-

1239 1825 1346 1858 pressa
1362 1815 1482 1848 mentio
1503 1815 1648 1849 facienda
1662 1821 1755 1856 esset,
1770 1817 1978 1860 supplemus;

1283 1871 1298 1911 5
1329 1869 1381 1902 31.
1410 1870 1625 1903 Decernentes
1656 1869 1838 1914 praedictas
1868 1881 1979 1904 eorum

1238 1923 1521 1966 praedecessorum
1544 1923 1666 1956 litteras
1688 1923 1807 1957 validas
1828 1929 1859 1958 et
1879 1924 1982 1958 effica-

1238 1987 1288 2009 ces
1305 1976 1372 2009 fore
1391 1982 1419 2009 et
1441 1987 1520 2017 esse,
1545 1987 1684 2020 suosque
1702 1977 1864 2021 plenarios
1885 1984 1916 2011 et
1932 1978 1980 2011 in-

1239 2037 1344 2073 [egros
1369 2030 1499 2064 effectus
1526 2030 1656 2063 sortiri⁴
1681 2031 1720 2064 ab
1747 2031 1810 2071 eis,
1839 2031 1878 2065 ad
1899 2042 1980 2076 quos

1237 2094 1322 2117 nunc
1339 2089 1461 2127 spectat
1481 2090 1512 2117 et
1528 2095 1587 2128 pro
1609 2090 1754 2128 tempore
1775 2085 1980 2129 quomodoli-

1236 2138 1291 2171 bet
1315 2138 1482 2181 spectabit,
1503 2138 1640 2171 firmiter
1659 2138 1822 2172 observari
1848 2139 1977 2180 debere,

1275 2236 1280 2261 l
1308 2234 1417 2270 Eugenii
1440 2234 1473 2261 IV
1491 2243 1601 2270 prorsus
1625 2235 1739 2271 legenda
1762 2238 1804 2262 est
1831 2236 1942 2263 Constit.
1954 2244 1980 2263 vi

1237 2280 1263 2306 in
1285 2283 1348 2306 tom.
1366 2287 1382 2305 v
1406 2288 1469 2314 pag.
1488 2281 1529 2311 tt,
1547 2280 1593 2307 sed
1610 2280 1669 2307 vide
1686 2279 1766 2307 etiam
1789 2280 1902 2307 Constit.
1920 2287 1978 2315 xm,

1236 2323 1272 2350 il).
1288 2332 1348 2358 pag.
1364 2324 1394 2350 2¹1
1413 2327 1512 2359 etseq.
1529 2327 1569 2358 (u.
1586 2325 1636 2359 T.).

1270 2369 1286 2395 2
1302 2368 1367 2396 Tres
1382 2368 1408 2395 iu
1423 2369 1558 2396 Bullario
1570 2369 1698 2405 leguntur
1709 2369 1832 2404 Gregorii
1843 2369 1900 2397 Xlll
1915 2370 1979 2397 Con-

1236 2413 1390 2440 stitutioues
1400 2413 1433 2440 de
1442 2413 1493 2440 hoc
1502 2413 1613 2447 Ordine3
1624 2422 1721 2449 nempe
1735 2420 1808 2447 xxvi,
1821 2413 1847 2440 in
1859 2417 1922 2441 tom.
1931 2422 1980 2442 vnt

1237 2467 1297 2495 pag.
1310 2458 1354 2491 663
1371 2465 1430 2490 va,
1444 2457 1509 2484 ibid.
1522 2466 1582 2494 pag.
1593 2458 1659 2492 1653
1672 2461 1698 2485 et
1708 2465 1776 2492 xctv,
1789 2458 1825 2485 ib.
1839 2466 1898 2494 pag.
1911 2458 1979 2492 269;

493 2502 510 2529 5
530 2502 685 2538 Legendum
705 2503 897 2537 incurrenda,
916 2503 964 2530 nisi
979 2504 1068 2531 desint
1085 2505 1166 2532 verba
1177 2508 1203 2534 et
1218 2511 1220 2526 ·
1236 2511 1267 2529 ex
1286 2502 1359 2529 hisce
1385 2501 1472 2529 trihus
1488 2502 1573 2529 altera
1588 2501 1756 2538 potissimum
1783 2501 1816 2529 ad
1837 2511 1893 2529 rem
1915 2502 1980 2529 facit

458 2547 537 2581 aliis,
548 2555 655 2583 nempe,
666 2547 776 2582 poenis,
788 2551 834 2574 aut
848 2551 928 2574 antea
943 2549 1087 2582 legendum
1103 2549 1200 2577 fuerat:
1236 2548 1274 2582 (R.
1290 2547 1338 2581 T.).

457 2592 509 2618 sub
524 2593 626 2626 poenis
641 2592 923 2620 eaecomunz'catz'onis
942 2593 1067 2620 maioris
1091 2598 1118 2622 et
1134 2595 1202 2629 pri-

1271 2594 1288 2618 3
1305 2591 1370 2619 Vide
1389 2591 1534 2619 Clementis
1551 2591 1606 2618 Vlll
1622 2591 1734 2619 Constit.
1751 2598 1806 2619 Lvn
1821 2591 1848 2619 in
1869 2596 1933 2620 tom.
1951 2602 1978 2627 x,

459 2635 597 2670 vaticanis,
607 2639 659 2664 etc.
671 2640 752 2671 prout
766 2644 798 2663 ex
812 2637 824 2671 ἓ
840 2637 873 2664 31
891 2643 948 2672 seq.
965 2636 1102 2665 videretur
1124 2646 1203 2674 posse
1238 2637 1342 2673 pag.⁰28
1362 2638 1400 2670 (a.
1421 2637 1470 2671 τ.).

460 2680 537 2715 argui
551 2681 588 2715 (a.
607 2680 656 2714 T.).

1272 2683 1286 2709 t
1307 2682 1450 2710 Videretur
1464 2682 1610 2718 legendum
1624 2682 1736 2715 sortiri,
1753 2685 1779 2711 el
1790 2683 1825 2710 ab
1841 2683 1881 2711 eis
1892 2684 1928 2717 (a.
1941 2682 1977 2717 τ).

1627 369 1750 403 favores
1764 397 1772 411 ,
1803 372 1972 405 antelatio-
1991 386 2150 417 romaneium
2206 402 2213 410 ,,

1992 418 2046 439 quae
2057 414 2179 444 praemissis
2194 421 2198 438 ς
2211 414 2213 441 !

1992 445 2031 460 nuu
2047 442 2176 461 coutrartau-
2191 461 2193 465 ,

2173 0 2177 5 ’

2211 110 2213 169 l

2212 186 2213 199 l

2183 252 2200 267 μ
2212 246 2213 262 l

1993 272 2044 299 An.
2057 273 2088 299 o.
2111 270 2213 311 160754}

2181 306 2213 382 ἑὲ

2180 214 2196 250 4
2211 213 2213 223 .

2005 360 2161 382 ordinationum

1993 467 2031 487 tur.

2009 1886 2118 1913 Appositio
2125 1887 2184 1908 clau·
2213 1887 2215 1893 ¹

1995 1914 2088 1935 sularum
2117 1919 2178 1940 prae-
2209 1935 2211 1938 Α

1994 1941 2154 1962 servativarum.
2201 1947 2203 1950 ·
