2227 3241
287 297 336 326 An.
352 299 381 325 (2.
406 300 471 328 1604

316 1648 455 1670 Prooemium.

360 2233 478 2260 Episcopus

295 2260 435 2281 virdunensis
447 2267 478 2281 re-

295 2286 440 2307 formationem
459 2288 477 2307 in

294 2313 349 2341 lianc
360 2313 478 2339 Congu-ega-

294 2341 373 2360 tionern
392 2341 478 2361 inducit.

517 292 559 325 64

489 350 707 394 transumptis,
736 349 831 382 etiam
850 348 1024 393 impressis,
1049 359 1145 383 manu
1166 360 1222 393 ge-

488 402 605 435 neralis
622 408 649 435 et
672 402 776 444 sigillo
796 401 939 435 eiusdem
954 403 1222 445 congregationis,

488 460 543 487 aut
567 455 702 488 alicuius
727 465 883 498 personae
901 455 932 488 in
954 455 1108 498 dignitate
1126 457 1227 490 eccle-

487 507 612 541 siastica
630 507 820 541 constitutae
839 508 970 542 munitis
985 534 992 548 ,
1017 509 1128 542 eadem
1148 510 1226 544 fides

488 559 607 603 ubique
626 559 793 601 habeatur,
810 571 893 604 quae
911 561 987 604 ipsis
1005 563 1226 605 praesentibus

489 612 674 646 haberetur,

531 666 643 698 Datum
666 667 787 700 Romae
807 667 893 711 apud
913 673 1060 701 sanctum
1082 669 1222 711 Petrum,

487 719 545 751 sub
577 720 697 753 annulo
733 720 902 755 piscatoris
936 721 988 755 die
1022 732 1086 756 xvii
1119 724 1225 757 martii

486 781 595 812 mcciv,
623 772 828 816 pontificatus
848 774 950 808 nostri
972 786 1057 809 anno
1078 786 1144 810 xm.
1177 783 1185 792 '

521 833 578 861 Dat.
600 833 644 862 die
665 835 696 861 17
712 835 800 862 martii
821 836 899 870 1604,
921 837 1016 872 pontif.
1038 846 1108 866 anno
1129 846 1185 866 xm.

739 1040 937 1075 cccxxxix
950 1041 968 1075 ¹.

486 1146 771 1188 (Jonffleyan'onent
789 1154 974 1181 sanctorum
997 1149 1103 1183 Vitom'
1119 1155 1147 1183 ct
1164 1150 1228 1192 Hy-

530 1198 655 1241 clulphi,
672 1200 806 1232 (ti-dinis
819 1202 924 1234 sancti
935 1203 1101 1235 Benedicti
1105 1230 1111 1239 ,
1121 1204 1226 1246 eriye't,

531 1252 575 1285 αιί
599 1253 707 1285 instar
725 1253 986 1297 Cungsrcyale'onz's
1012 1256 1227 1296 cassinensis,

532 1306 619 1349 eique
643 1306 781 1339 eiusdem
818 1307 1082 1351 Conqsregycctc'om's
1114 1309 1224 1343 Cassi-

532 1362 640 1394 nensss
661 1362 838 1404 privileyia
863 1363 1109 1398 commtmicaffl.

668 1479 822 1511 Clemens
843 1481 936 1522 Papa
957 1482 1053 1519 VIII,

609 1534 644 1562 ad
664 1537 839 1569 perpetuam
863 1536 908 1563 rei
927 1536 1107 1565 memoriam.

535 1634 697 1673 Quantum
720 1644 755 1667 ex
782 1635 985 1668 monasteriis
1005 1636 1056 1679 pie
1078 1636 1230 1671 institutis

491 1695 521 1721 et
551 1693 639 1721 recte
674 1686 905 1721 administratis
938 1688 969 1721 in
1001 1689 1141 1723 Ecclesia
1174 1691 1228 1724 Dei

489 1740 670 1785 splendoris
682 1746 777 1784 atque
794 1741 940 1774 utilitatis
953 1742 1076 1775 oriatur
1092 1754 1229 1787 perpen-

490 1795 613 1835 dentes,
638 1795 669 1828 id
689 1805 789 1828 unum
812 1805 848 1828 ex
872 1796 980 1829 debito
1001 1797 1170 1840 pastoralis
1187 1798 1230 1831 of-

490 1848 554 1882 ficii
574 1853 739 1892 praestare
764 1848 932 1892 cupimus,
963 1855 997 1882 ut
1021 1856 1109 1883 vetus
1130 1856 1160 1884 et
1181 1862 1227 1884 re·

490 1902 611 1944 gularis
631 1901 812 1945 disciplina,
838 1902 891 1935 ubi
916 1902 1057 1946 collapsa
1082 1910 1149 1945 est,
1178 1914 1229 1937 re-

490 1961 664 1996 stauretur,
685 1961 716 1989 et
735 1955 944 1996 constantius,
968 1956 1023 1989 ubi
1044 1963 1230 1991 conservata

491 2015 548 2050 est,
572 2014 765 2053 perseveret;
782 2020 818 2041 ac
834 2009 998 2051 regulares
1015 2019 1173 2053 personae
1190 2011 1230 2044 ad

492 2063 633 2105 regulae,
653 2073 749 2106 quam
771 2062 935 2106 professae
954 2068 1045 2102 sunt,
1074 2063 1232 2107 praescri·

492 2121 582 2160 ptum
604 2115 699 2149 vitam
720 2126 809 2148 suam
838 2115 1006 2149 instituant
1033 2121 1064 2149 et
1092 2126 1228 2160 compe«

493 2176 580 2203 nant.

538 2224 553 2267 g
574 2223 603 2256 l.
627 2222 684 2257 Cui
706 2222 751 2256 rei
779 2222 879 2262 alias,
908 2222 999 2256 sicuti
1030 2223 1229 2267 accepimus,

494 2287 567 2310 cum
589 2275 781 2309 venerabilis
812 2277 909 2309 frater
937 2281 1048 2309 noster
1077 2276 1233 2310 Henricus

494 2329 665 2373 episcopus
677 2328 896 2361 Verdunensis
914 2327 1086 2370 diligenter
1103 2328 1230 2362 incum-

494 2383 586 2416 beret
605 2381 827 2426 superioribus
849 2381 952 2422 annis,
969 2381 1067 2415 divini
1088 2382 1234 2415 Numinis

495 2435 697 2480 providentia
724 2445 760 2468 ac
789 2437 865 2468 cura
897 2440 928 2467 et
960 2434 1124 2476 diligentia
1158 2434 1233 2469 dicti

495 2489 623 2523 Henrici
642 2488 796 2533 episcopi,
817 2488 849 2521 in
870 2487 970 2521 sancti
993 2488 1095 2521 Vitoni
1115 2488 1230 2521 Virdu-

496 2542 603 2576 nensis
623 2541 723 2586 (quod
748 2540 873 2574 unitum
894 2546 941 2574 est
962 2550 1090 2574 mensae
1105 2540 1231 2584 episco-

534 2627 543 2652 1
568 2625 604 2652 Ex
625 2625 733 2660 Regest.
755 2624 782 2652 in
801 2625 900 2651 secret.
917 2624 998 2652 Brev.

532 2669 546 2694 “2
568 2669 638 2696 Haec
654 2669 811 2696 Constitutio
827 2668 943 2696 refertur
963 2668 1042 2696 etiam
1057 2676 1072 2696 a
1087 2668 1236 2704 Margarino

498 2713 525 2741 in
546 2714 679 2742 Bullarz'o
700 2713 866 2742 C'assinensi
886 2717 948 2741 tom.
966 2719 998 2747 11,
1020 2721 1079 2749 pag.
1102 2713 1164 2741 644.

1112 303 1147 326 131·
1153 303 1205 326 LLA
1212 303 1285 327 Rtt'nt
1311 304 1460 330 ROMAM'M

1260 351 1323 395 pali
1348 352 1553 395 virdunensi)
1575 359 1603 386 et
1629 354 1728 386 sancti
1746 354 1913 399 'Hydulph‘i
1934 355 1995 388 loci

1261 405 1411 445 mediani,
1426 407 1609 439 monasterii
1623 407 1789 447 Tullensis,
1807 418 1861 441 seu
1877 408 1997 442 nullius

1260 457 1414 491 dioecesis
1433 459 1532 502 (quod
1551 459 1617 503 ipse
1638 459 1794 492 Heni-icus
1814 460 1994 504 episcopus,

1260 521 1297 544 ex
1320 511 1527 544 concessione
1551 518 1578 544 et
1606 512 1845 555 dispensatione
1869 519 1998 556 aposto-

1261 564 1331 602 lica,
1346 565 1376 597 in
1391 566 1614 599 commendam
1629 566 1667 598 ad
1681 565 1728 598 sui
1742 565 1835 599 vitam
1851 566 1999 609 obtinet),

1260 617 1387 652 Ordinis
1397 620 1497 652 sancti
1510 620 1672 653 Benedicti
1687 620 1890 653 monasteriis
1904 620 2000 654 refor-

1261 672 1358 705 matio
1379 673 1601 706 observantiae
1623 672 1793 715 regularis,
1808 673 1895 706 iuxta
1909 672 2000 706 insti-

1262 731 1327 758 tuta
1338 732 1366 759 et
1377 726 1622 760 constitutiones
1636 727 1899 769 Congregationis
1911 726 2001 761 Mon-

1262 778 1299 812 tis
1312 780 1516 821 Cassinensis,
1530 781 1711 815 introducta
1726 781 1793 819 fuit,
1805 791 1841 814 ac
1852 780 2000 814 monachi

1261 833 1436 878 utriusque
1463 835 1648 868 monasterii
1683 834 1870 867 huiusmodi
1903 833 1999 867 etiam

1260 892 1374 930 sponte
1405 893 1664 932 acceptaverunt,
1688 887 1906 931 omnibusque
1934 886 1997 920 hu-

1260 940 1398 973 iusmodi
1418 940 1568 974 institutis
1587 946 1617 974 et
1630 940 1913 974 constitutionibus
1925 939 2001 973 hac-

1261 1001 1353 1027 tenus
1380 1005 1448 1028 sese
1477 999 1583 1028 exacte
1604 994 1889 1028 conformaverunt
1912 997 1944 1026 et
1967 992 2000 1025 in

1262 1047 1406 1079 futurum
1425 1047 1628 1080 conformare
1649 1046 1830 1080 intendunt.
1854 1046 1932 1079 (lum
1945 1055 2001 1078 au-

1262 1104 1325 1132 tem
1346 1100 1500 1133 credibile
1520 1111 1583 1133 non
1605 1100 1661 1141 sit,
1683 1099 1867 1133 huiusmodi
1892 1099 1997 1132 refor-

1262 1152 1436 1185 mationem
1462 1153 1530 1186 fore
1554 1153 1761 1193 diuturnam,
1797 1151 1856 1185 nisi
1885 1150 2000 1184 annuis

1261 1204 1498 1238 visitationibus
1510 1205 1685 1251 excolatur,
1702 1215 1785 1249 quae
1804 1211 1910 1238 tamen
1930 1203 2000 1238 fieri

1262 1267 1326 1290 non
1347 1264 1491 1301 possunt,
1515 1258 1574 1290 nisi
1596 1258 1680 1291 inter
1700 1258 1771 1291 illos
1791 1257 1899 1301 aliqua
1918 1257 2000 1291 Con-

1262 1310 1419 1353 gregatio,
1445 1310 1476 1343 in
1497 1321 1560 1355 qua
1580 1311 1763 1355 superiores
1783 1311 1998 1355 deputentur,

1262 1364 1317 1408 qui
1338 1364 1523 1398 huiusmodi
1545 1375 1682 1398 munera
1701 1370 1732 1398 et
1752 1364 1813 1398 alia
1833 1364 1873 1397 ad
1893 1363 2003 1397 obser-

1263 1418 1400 1452 vantiam
1437 1424 1468 1452 et
1500 1418 1764 1452 reformationem
1805 1428 2000 1452 conservan-

1263 1471 1335 1504 dam
1357 1471 1537 1505 necessaria
1553 1472 1698 1511 subeant,
1721 1471 2001 1516 instituatur3pro

1263 1533 1352 1571 parte
1374 1526 1502 1560 ilenrici
1523 1525 1666 1570 episcopi
1687 1536 1723 1559 ac
1745 1525 1999 1559 dilectorumfi-

1263 1581 1381 1615 liorum
1396 1580 1539 1624 priorum
1562 1585 1593 1613 et
1606 1586 1820 1613 conventuum
1842 1580 2001 1614 dictorum

1264 1635 1534 1669 monasteriorum
1555 1635 1648 1668 nobis
1669 1635 1727 1668 fuit
1746 1635 1912 1669 humiliter
1928 1646 2003 1679 sup-

1263 1690 1428 1734 plicatum,
1454 1695 1612 1733 quatenus
1640 1688 1930 1731 Congregationem
1955 1689 2003 1723 di-

1264 1749 1388 1788 ctorum
1407 1743 1547 1776 duorum
1572 1741 1841 1775 monasteriorum
1864 1742 1999 1785 erigere,

1264 1796 1442 1837 instituere,
1463 1796 1606 1839 aliasque
1624 1795 1655 1828 in
1673 1795 1856 1839 praemissis
1877 1805 1999 1839 oppor-

1265 1855 1341 1883 tune
1358 1849 1528 1894 providere
1547 1849 1586 1882 de
1603 1848 1801 1891 benignitate
1825 1847 2001 1892 apostolica

1264 1902 1482 1945 dignaremur.

1309 1957 1323 2000 ἓ
1341 1956 1370 1988 2.
1392 1957 1455 1989 Nos
1469 1955 1575 1997 igitur,
1587 1955 1674 1999 pium
1687 1966 1723 1988 ac
1734 1965 1912 1998 numquam
1926 1954 2002 1989 satis

1264 2009 1461 2043 laudandum
1484 2008 1684 2052 propositum
1711 2007 1839 2041 Henrici
1857 2007 2002 2053 episcopi

1265 2074 1301 2097 ac
1325 2063 1469 2107 priorum
1484 2068 1514 2096 et
1528 2067 1745 2095 conventuum
1759 2061 2004 2105 praedictorum

1265 2116 1442 2160 plurimum
1464 2115 1494 2148 in
1520 2114 1656 2148 Domino
1670 2115 1947 2156 commendantes,
1968 2124 2005 2147 ac

1266 2180 1321 2203 eos
1342 2175 1372 2203 et
1393 2179 1506 2202 eorum
1529 2168 1708 2212 quemlibet
1727 2179 1744 2201 a
1764 2167 1928 2212 quibusvis
1946 2178 2001 2201 ex-

1267 2222 1581 2269 communicationis,
1611 2221 1830 2265 suspensionis
1849 2226 1880 2254 et
1899 2221 2002 2254 inter-

1268 2276 1364 2316 dicti,
1398 2275 1533 2318 aliisque
1564 2274 1788 2308 ecclesiasticis
1818 2273 2004 2313 sententiis,

1268 2329 1411 2363 censuris
1426 2328 1592 2372 etpoenis‚
1609 2338 1627 2361 a
1641 2328 1721 2368 iure,
1746 2327 1793 2360 vel
1814 2327 1853 2359 ab
1874 2326 2007 2360 homine

1268 2383 1378 2428 quavis
1403 2382 1583 2421 occasione,
1611 2381 1659 2414 vel
1683 2383 1777 2415 causa
1797 2380 1879 2421 latis,
1896 2380 1922 2414 si
1937 2380 2006 2424 qui-

1268 2437 1328 2470 bus
1345 2435 1593 2480 quomodolibet
1617 2433 1939 2475 innodatiexistunt,
1966 2434 2006 2468 ad

1268 2490 1419 2524 effectum
1445 2487 1662 2533 praesentium
1696 2488 1862 2520 dumtaxat
1893 2497 2006 2521 conse-

1269 2544 1446 2588 quendum,
1464 2543 1577 2575 barum
1591 2541 1673 2575 serie
1686 2540 1888 2574 absolventes
1905 2545 1937 2574 et
1953 2540 2007 2574 ab·

1269 2597 1390 2630 solutos
1407 2596 1473 2629 fore
1493 2599 1672 2635 censentes,
1685 2593 1869 2627 huiusmodi
1887 2593 2009 2638 suppli-

1270 2649 1451 2684 cationibus
1464 2647 1619 2689 inclinati,
1630 2657 1667 2680 ex
1681 2646 1839 2681 sententia
1854 2647 2008 2681 reforma-

1272 2703 1348 2738 tioni
1363 2703 1610 2748 praefectorum,
1623 2701 1810 2745 quibushoc
1822 2700 2007 2735 universum

2015 305 2106 334 Amo.
2127 306 2194 335 1604

2059 368 2141 389 Causae
2164 370 2195 390 ef·

2012 394 2113 424 formandi
2142 395 2195 417 Con-

2013 424 2155 446 (gi-aganonem
2170 428 2194 444 ex

2012 448 2094 468 (luobus
2135 447 2195 470 hisco

2013 476 2115 496 monastei
2121 474 2153 496 iis.

2048 1962 2134 1984 Erectio
2150 1950 2210 1983 Con-⁷
2222 1955 2227 1982 'i

2019 1989 2161 2016 gregationis,
2176 1989 2203 2010 de
2220 1994 2227 2009 v!

2019 2022 2061 2043 qua
2076 2016 2096 2037 iu
2112 2015 2202 2041 rubrica.
2220 2015 2227 2063 f

2220 2067 2227 2093 l

2204 2101 2227 2168 t
