<?xml version="1.0" encoding="UTF-8"?>
<!DOCTYPE html PUBLIC "-//W3C//DTD XHTML 1.0 Transitional//EN"
    "http://www.w3.org/TR/xhtml1/DTD/xhtml1-transitional.dtd">
<html xmlns="http://www.w3.org/1999/xhtml" xml:lang="en" lang="en">
 <head>
  <title>
</title>
<meta http-equiv="Content-Type" content="text/html;charset=utf-8" />
  <meta name='ocr-system' content='tesseract 3.04.00' />
  <meta name='ocr-capabilities' content='ocr_page ocr_carea ocr_par ocr_line ocrx_word'/>
</head>
<body>
  <div class='ocr_page' id='page_1' title='image "./bullarumdiplomat11cath_0496.png"; bbox 0 0 2227 3241; ppageno 0'>
   <div class='ocr_carea' id='block_1_1' title="bbox 253 266 547 302">
    <p class='ocr_par' dir='ltr' id='par_1_1' title="bbox 253 266 547 302">
     <span class='ocr_line' id='line_1_1' title="bbox 253 266 547 302; baseline -0.003 -3"><span class='ocrx_word' id='word_1_1' title='bbox 253 274 300 300; x_wconf 78' lang='grc' dir='ltr'>Αη,</span> <span class='ocrx_word' id='word_1_2' title='bbox 320 274 346 301; x_wconf 79' lang='lat' dir='ltr'>c.</span> <span class='ocrx_word' id='word_1_3' title='bbox 370 274 436 302; x_wconf 75' lang='lat'>1607</span> <span class='ocrx_word' id='word_1_4' title='bbox 484 266 547 299; x_wconf 69' lang='lat'>458</span> 
     </span>
    </p>
   </div>
   <div class='ocr_carea' id='block_1_2' title="bbox 251 440 435 519">
    <p class='ocr_par' dir='ltr' id='par_1_2' title="bbox 251 440 435 519">
     <span class='ocr_line' id='line_1_2' title="bbox 287 440 435 461; baseline -0.014 0"><span class='ocrx_word' id='word_1_5' title='bbox 287 440 355 461; x_wconf 69' lang='lat' dir='ltr'>Vetuit</span> <span class='ocrx_word' id='word_1_6' title='bbox 373 444 435 461; x_wconf 76' lang='lat' dir='ltr'>etiam</span> 
     </span>
     <span class='ocr_line' id='line_1_3' title="bbox 252 467 435 487; baseline 0 -1"><span class='ocrx_word' id='word_1_7' title='bbox 252 467 351 487; x_wconf 60' lang='lat' dir='ltr'>tratribus</span> <span class='ocrx_word' id='word_1_8' title='bbox 363 474 386 487; x_wconf 69' lang='lat' dir='ltr'>us</span> <span class='ocrx_word' id='word_1_9' title='bbox 398 473 435 486; x_wconf 68' lang='lat' dir='ltr'>iiis</span> 
     </span>
     <span class='ocr_line' id='line_1_4' title="bbox 251 494 426 519; baseline -0.006 -5"><span class='ocrx_word' id='word_1_10' title='bbox 251 494 331 519; x_wconf 63' lang='lat' dir='ltr'>aliquid</span> <span class='ocrx_word' id='word_1_11' title='bbox 342 495 380 513; x_wconf 70' lang='lat' dir='ltr'>sibi</span> <span class='ocrx_word' id='word_1_12' title='bbox 391 499 426 519; x_wconf 78' lang='lat' dir='ltr'>pro</span> 
     </span>
    </p>
   </div>
   <div class='ocr_carea' id='block_1_3' title="bbox 250 532 331 547">
    <p class='ocr_par' dir='ltr' id='par_1_3' title="bbox 250 532 331 547">
     <span class='ocr_line' id='line_1_5' title="bbox 250 532 331 547; baseline 0.037 -3"><span class='ocrx_word' id='word_1_13' title='bbox 250 532 331 547; x_wconf 64' lang='lat' dir='ltr'>rttrurss,</span> 
     </span>
    </p>
   </div>
   <div class='ocr_carea' id='block_1_4' title="bbox 250 869 433 949">
    <p class='ocr_par' dir='ltr' id='par_1_4' title="bbox 250 869 433 949">
     <span class='ocr_line' id='line_1_6' title="bbox 277 869 433 891; baseline -0.013 0"><span class='ocrx_word' id='word_1_14' title='bbox 277 871 371 891; x_wconf 78' lang='lat' dir='ltr'>Clemens</span> <span class='ocrx_word' id='word_1_15' title='bbox 388 869 433 890; x_wconf 62' lang='lat' dir='ltr'>Vttt</span> 
     </span>
     <span class='ocr_line' id='line_1_7' title="bbox 251 896 433 922; baseline 0 -5"><span class='ocrx_word' id='word_1_16' title='bbox 251 897 300 917; x_wconf 74' lang='lat' dir='ltr'>dicti</span> <span class='ocrx_word' id='word_1_17' title='bbox 309 896 433 922; x_wconf 57' lang='lat' dir='ltr'>prohibitio«.</span> 
     </span>
     <span class='ocr_line' id='line_1_8' title="bbox 250 923 425 949; baseline 0.006 -6"><span class='ocrx_word' id='word_1_18' title='bbox 250 929 296 944; x_wconf 80' lang='lat' dir='ltr'>neni</span> <span class='ocrx_word' id='word_1_19' title='bbox 311 923 425 949; x_wconf 71' lang='lat' dir='ltr'>ampliavit.</span> 
     </span>
    </p>
   </div>
   <div class='ocr_carea' id='block_1_5' title="bbox 430 322 1190 2502">
    <p class='ocr_par' dir='ltr' id='par_1_5' title="bbox 451 322 1189 413">
     <span class='ocr_line' id='line_1_9' title="bbox 451 322 1189 366; baseline 0.004 -13"><span class='ocrx_word' id='word_1_20' title='bbox 451 325 576 362; x_wconf 61' lang='lat' dir='ltr'>cedere,</span> <span class='ocrx_word' id='word_1_21' title='bbox 601 323 646 354; x_wconf 86' lang='lat' dir='ltr'>vel</span> <span class='ocrx_word' id='word_1_22' title='bbox 670 332 787 365; x_wconf 80' lang='lat' dir='ltr'>poenas</span> <span class='ocrx_word' id='word_1_23' title='bbox 809 322 931 366; x_wconf 84' lang='lat' dir='ltr'>aliquas</span> <span class='ocrx_word' id='word_1_24' title='bbox 953 323 1114 356; x_wconf 72' lang='lat' dir='ltr'>remittere</span> <span class='ocrx_word' id='word_1_25' title='bbox 1135 333 1189 356; x_wconf 89' lang='lat' dir='ltr'>au-</span> 
     </span>
     <span class='ocr_line' id='line_1_10' title="bbox 451 374 601 413; baseline -0.007 -5"><span class='ocrx_word' id='word_1_26' title='bbox 451 376 563 408; x_wconf 79' lang='lat' dir='ltr'>derent</span> <span class='ocrx_word' id='word_1_27' title='bbox 577 374 601 413; x_wconf 74' lang='lat'>¹3</span> 
     </span>
    </p>

    <p class='ocr_par' dir='ltr' id='par_1_6' title="bbox 430 427 1189 840">
     <span class='ocr_line' id='line_1_11' title="bbox 496 427 1189 472; baseline 0.006 -13"><span class='ocrx_word' id='word_1_28' title='bbox 496 428 556 470; x_wconf 57' lang='lat'>{⁹2-</span> <span class='ocrx_word' id='word_1_29' title='bbox 574 427 725 466; x_wconf 84' lang='lat' dir='ltr'>Quinimo</span> <span class='ocrx_word' id='word_1_30' title='bbox 739 437 961 472; x_wconf 88' lang='lat' dir='ltr'>quoscumque</span> <span class='ocrx_word' id='word_1_31' title='bbox 976 428 1050 462; x_wconf 89' lang='lat' dir='ltr'>dicti</span> <span class='ocrx_word' id='word_1_32' title='bbox 1063 428 1189 463; x_wconf 80' lang='lat' dir='ltr'>Ordinis</span> 
     </span>
     <span class='ocr_line' id='line_1_12' title="bbox 430 473 1188 525; baseline 0.003 -12"><span class='ocrx_word' id='word_1_33' title='bbox 430 473 561 514; x_wconf 64' lang='lat' dir='ltr'>Jsratres</span> <span class='ocrx_word' id='word_1_34' title='bbox 576 487 615 523; x_wconf 50' lang='lat' dir='ltr'>‚et</span> <span class='ocrx_word' id='word_1_35' title='bbox 644 480 821 523; x_wconf 85' lang='lat' dir='ltr'>religiosos,</span> <span class='ocrx_word' id='word_1_36' title='bbox 845 481 911 525; x_wconf 89' lang='lat' dir='ltr'>qui,</span> <span class='ocrx_word' id='word_1_37' title='bbox 928 486 1040 515; x_wconf 88' lang='lat' dir='ltr'>contra</span> <span class='ocrx_word' id='word_1_38' title='bbox 1060 482 1188 516; x_wconf 87' lang='lat' dir='ltr'>decreta</span> 
     </span>
     <span class='ocr_line' id='line_1_13' title="bbox 450 529 1188 575; baseline 0.003 -9"><span class='ocrx_word' id='word_1_39' title='bbox 450 544 580 567; x_wconf 79' lang='lat' dir='ltr'>suarum</span> <span class='ocrx_word' id='word_1_40' title='bbox 603 534 869 567; x_wconf 68' lang='lat' dir='ltr'><strong>constitutionum</strong></span> <span class='ocrx_word' id='word_1_41' title='bbox 885 561 892 575; x_wconf 87' lang='lat'>,</span> <span class='ocrx_word' id='word_1_42' title='bbox 922 529 1004 567; x_wconf 70' lang='lat' dir='ltr'>hac²</span> <span class='ocrx_word' id='word_1_43' title='bbox 1020 534 1068 568; x_wconf 81' lang='lat' dir='ltr'>via</span> <span class='ocrx_word' id='word_1_44' title='bbox 1094 539 1124 568; x_wconf 89' lang='lat' dir='ltr'>et</span> <span class='ocrx_word' id='word_1_45' title='bbox 1152 535 1188 569; x_wconf 91' lang='lat' dir='ltr'>iis</span> 
     </span>
     <span class='ocr_line' id='line_1_14' title="bbox 451 588 1187 631; baseline 0.004 -12"><span class='ocrx_word' id='word_1_46' title='bbox 451 588 564 621; x_wconf 85' lang='lat' dir='ltr'>mediis</span> <span class='ocrx_word' id='word_1_47' title='bbox 584 598 642 631; x_wconf 91' lang='lat' dir='ltr'>per</span> <span class='ocrx_word' id='word_1_48' title='bbox 662 588 860 631; x_wconf 82' lang='lat' dir='ltr'>conquisitos</span> <span class='ocrx_word' id='word_1_49' title='bbox 881 588 1004 622; x_wconf 76' lang='lat' dir='ltr'>favores</span> <span class='ocrx_word' id='word_1_50' title='bbox 1024 594 1052 622; x_wconf 89' lang='lat' dir='ltr'>et</span> <span class='ocrx_word' id='word_1_51' title='bbox 1073 588 1187 622; x_wconf 77' lang='lat' dir='ltr'>suffra-</span> 
     </span>
     <span class='ocr_line' id='line_1_15' title="bbox 449 640 1188 684; baseline 0.003 -12"><span class='ocrx_word' id='word_1_52' title='bbox 449 640 499 682; x_wconf 80' lang='lat' dir='ltr'>gia</span> <span class='ocrx_word' id='word_1_53' title='bbox 520 640 642 683; x_wconf 82' lang='lat' dir='ltr'>aliquid</span> <span class='ocrx_word' id='word_1_54' title='bbox 666 640 726 672; x_wconf 89' lang='lat' dir='ltr'>sibi</span> <span class='ocrx_word' id='word_1_55' title='bbox 755 641 1018 684; x_wconf 75' lang='lat' dir='ltr'>procuraverint,</span> <span class='ocrx_word' id='word_1_56' title='bbox 1054 641 1093 674; x_wconf 85' lang='lat' dir='ltr'>ad</span> <span class='ocrx_word' id='word_1_57' title='bbox 1114 641 1188 674; x_wconf 82' lang='lat' dir='ltr'>talia</span> 
     </span>
     <span class='ocr_line' id='line_1_16' title="bbox 450 693 1186 734; baseline 0.004 -10"><span class='ocrx_word' id='word_1_58' title='bbox 450 699 480 725; x_wconf 75' lang='lat' dir='ltr'>et</span> <span class='ocrx_word' id='word_1_59' title='bbox 508 693 637 733; x_wconf 80' lang='lat' dir='ltr'>similia,</span> <span class='ocrx_word' id='word_1_60' title='bbox 665 703 701 725; x_wconf 89' lang='lat' dir='ltr'>ac</span> <span class='ocrx_word' id='word_1_61' title='bbox 730 693 825 726; x_wconf 87' lang='lat' dir='ltr'>etiam</span> <span class='ocrx_word' id='word_1_62' title='bbox 856 693 996 734; x_wconf 87' lang='lat' dir='ltr'>maiora,</span> <span class='ocrx_word' id='word_1_63' title='bbox 1016 693 1047 726; x_wconf 95' lang='lat' dir='ltr'>in</span> <span class='ocrx_word' id='word_1_64' title='bbox 1074 694 1186 727; x_wconf 88' lang='lat' dir='ltr'>eodem</span> 
     </span>
     <span class='ocr_line' id='line_1_17' title="bbox 448 741 1189 792; baseline -0.001 -12"><span class='ocrx_word' id='word_1_65' title='bbox 448 746 565 780; x_wconf 87' lang='lat' dir='ltr'>Ordine</span> <span class='ocrx_word' id='word_1_66' title='bbox 586 747 824 791; x_wconf 87' lang='lat' dir='ltr'>consequenda,</span> <span class='ocrx_word' id='word_1_67' title='bbox 848 753 1004 792; x_wconf 89' lang='lat' dir='ltr'>perpetuo</span> <span class='ocrx_word' id='word_1_68' title='bbox 1032 741 1189 780; x_wconf 86' lang='lat' dir='ltr'>inhabiles</span> 
     </span>
     <span class='ocr_line' id='line_1_18' title="bbox 448 799 748 840; baseline -0.003 -7"><span class='ocrx_word' id='word_1_69' title='bbox 448 799 542 833; x_wconf 89' lang='lat' dir='ltr'>ctiam</span> <span class='ocrx_word' id='word_1_70' title='bbox 565 800 748 840; x_wconf 75' lang='lat' dir='ltr'>declaravit;</span> 
     </span>
    </p>

    <p class='ocr_par' dir='ltr' id='par_1_7' title="bbox 449 853 1190 2502">
     <span class='ocr_line' id='line_1_19' title="bbox 494 853 1189 896; baseline 0.001 -11"><span class='ocrx_word' id='word_1_71' title='bbox 494 856 510 896; x_wconf 66' lang='lat' dir='ltr'>g</span> <span class='ocrx_word' id='word_1_72' title='bbox 531 853 561 886; x_wconf 77' lang='lat'>3.</span> <span class='ocrx_word' id='word_1_73' title='bbox 590 854 626 887; x_wconf 86' lang='lat' dir='ltr'>Et</span> <span class='ocrx_word' id='word_1_74' title='bbox 646 854 792 894; x_wconf 81' lang='lat' dir='ltr'>subinde,</span> <span class='ocrx_word' id='word_1_75' title='bbox 814 864 885 887; x_wconf 89' lang='lat' dir='ltr'>cum</span> <span class='ocrx_word' id='word_1_76' title='bbox 905 864 922 886; x_wconf 87' lang='lat' dir='ltr'>a</span> <span class='ocrx_word' id='word_1_77' title='bbox 939 853 1102 887; x_wconf 88' lang='lat' dir='ltr'>nonnullis</span> <span class='ocrx_word' id='word_1_78' title='bbox 1122 864 1189 887; x_wconf 90' lang='lat' dir='ltr'>am-</span> 
     </span>
     <span class='ocr_line' id='line_1_20' title="bbox 449 906 1189 950; baseline 0 -10"><span class='ocrx_word' id='word_1_79' title='bbox 449 906 632 949; x_wconf 83' lang='lat' dir='ltr'>bigeretur,</span> <span class='ocrx_word' id='word_1_80' title='bbox 668 917 706 939; x_wconf 90' lang='lat' dir='ltr'>an</span> <span class='ocrx_word' id='word_1_81' title='bbox 743 907 801 939; x_wconf 87' lang='lat' dir='ltr'>sub</span> <span class='ocrx_word' id='word_1_82' title='bbox 829 906 1003 950; x_wconf 85' lang='lat' dir='ltr'>gratiarum</span> <span class='ocrx_word' id='word_1_83' title='bbox 1033 907 1189 940; x_wconf 85' lang='lat' dir='ltr'>vocabulo</span> 
     </span>
     <span class='ocr_line' id='line_1_21' title="bbox 449 959 1190 1002; baseline 0 -9"><span class='ocrx_word' id='word_1_84' title='bbox 449 961 590 1002; x_wconf 85' lang='lat' dir='ltr'>gradus,</span> <span class='ocrx_word' id='word_1_85' title='bbox 620 960 779 999; x_wconf 76' lang='lat' dir='ltr'>honores,</span> <span class='ocrx_word' id='word_1_86' title='bbox 808 959 1000 1002; x_wconf 81' lang='lat' dir='ltr'>dignitates,</span> <span class='ocrx_word' id='word_1_87' title='bbox 1028 959 1133 993; x_wconf 82' lang='lat' dir='ltr'>officia</span> <span class='ocrx_word' id='word_1_88' title='bbox 1160 966 1190 993; x_wconf 90' lang='lat' dir='ltr'>et</span> 
     </span>
     <span class='ocr_line' id='line_1_22' title="bbox 451 1013 1189 1057; baseline 0 -11"><span class='ocrx_word' id='word_1_89' title='bbox 451 1013 559 1047; x_wconf 88' lang='lat' dir='ltr'>munia</span> <span class='ocrx_word' id='word_1_90' title='bbox 572 1013 699 1047; x_wconf 77' lang='lat' dir='ltr'>Ordinis</span> <span class='ocrx_word' id='word_1_91' title='bbox 714 1013 868 1057; x_wconf 81' lang='lat' dir='ltr'>praedicti</span> <span class='ocrx_word' id='word_1_92' title='bbox 881 1013 1189 1056; x_wconf 80' lang='lat' dir='ltr'>comprehenderen-</span> 
     </span>
     <span class='ocr_line' id='line_1_23' title="bbox 451 1066 1188 1110; baseline 0 -10"><span class='ocrx_word' id='word_1_93' title='bbox 451 1074 511 1109; x_wconf 88' lang='lat' dir='ltr'>tur,</span> <span class='ocrx_word' id='word_1_94' title='bbox 532 1067 644 1100; x_wconf 88' lang='lat' dir='ltr'>similis</span> <span class='ocrx_word' id='word_1_95' title='bbox 670 1067 845 1100; x_wconf 74' lang='lat' dir='ltr'>memoriae</span> <span class='ocrx_word' id='word_1_96' title='bbox 863 1066 1009 1100; x_wconf 80' lang='lat' dir='ltr'>Clemens</span> <span class='ocrx_word' id='word_1_97' title='bbox 1027 1067 1111 1110; x_wconf 86' lang='lat' dir='ltr'>Papa</span> <span class='ocrx_word' id='word_1_98' title='bbox 1125 1067 1188 1100; x_wconf 79' lang='lat' dir='ltr'>VIII</span> 
     </span>
     <span class='ocr_line' id='line_1_24' title="bbox 450 1120 1185 1165; baseline -0.003 -11"><span class='ocrx_word' id='word_1_99' title='bbox 450 1122 546 1155; x_wconf 87' lang='lat' dir='ltr'>etiam</span> <span class='ocrx_word' id='word_1_100' title='bbox 576 1122 806 1165; x_wconf 84' lang='lat' dir='ltr'>praedecessor</span> <span class='ocrx_word' id='word_1_101' title='bbox 826 1126 935 1154; x_wconf 89' lang='lat' dir='ltr'>noster</span> <span class='ocrx_word' id='word_1_102' title='bbox 960 1130 1017 1164; x_wconf 89' lang='lat' dir='ltr'>per</span> <span class='ocrx_word' id='word_1_103' title='bbox 1042 1120 1119 1153; x_wconf 88' lang='lat' dir='ltr'>alias</span> <span class='ocrx_word' id='word_1_104' title='bbox 1141 1120 1185 1154; x_wconf 86' lang='lat' dir='ltr'>si-</span> 
     </span>
     <span class='ocr_line' id='line_1_25' title="bbox 450 1174 1187 1217; baseline 0 -10"><span class='ocrx_word' id='word_1_105' title='bbox 450 1175 542 1208; x_wconf 86' lang='lat' dir='ltr'>miles</span> <span class='ocrx_word' id='word_1_106' title='bbox 559 1175 680 1208; x_wconf 85' lang='lat' dir='ltr'>litteras</span> <span class='ocrx_word' id='word_1_107' title='bbox 697 1175 748 1208; x_wconf 81' lang='lat' dir='ltr'>(lie</span> <span class='ocrx_word' id='word_1_108' title='bbox 774 1184 849 1208; x_wconf 80' lang='lat' dir='ltr'>xxm</span> <span class='ocrx_word' id='word_1_109' title='bbox 872 1174 946 1206; x_wconf 90' lang='lat' dir='ltr'>maii</span> <span class='ocrx_word' id='word_1_110' title='bbox 971 1183 1187 1217; x_wconf 58' lang='lat' dir='ltr'>unxfflnpon-</span> 
     </span>
     <span class='ocr_line' id='line_1_26' title="bbox 451 1227 1185 1272; baseline -0.004 -10"><span class='ocrx_word' id='word_1_111' title='bbox 451 1229 587 1262; x_wconf 83' lang='lat' dir='ltr'>tificatus</span> <span class='ocrx_word' id='word_1_112' title='bbox 617 1229 664 1262; x_wconf 79' lang='lat' dir='ltr'>sui</span> <span class='ocrx_word' id='word_1_113' title='bbox 686 1238 770 1261; x_wconf 87' lang='lat' dir='ltr'>anno</span> <span class='ocrx_word' id='word_1_114' title='bbox 792 1239 800 1262; x_wconf 92' lang='lat'>1</span> <span class='ocrx_word' id='word_1_115' title='bbox 827 1228 925 1268; x_wconf 87' lang='lat' dir='ltr'>datas,</span> <span class='ocrx_word' id='word_1_116' title='bbox 950 1227 1074 1272; x_wconf 87' lang='lat' dir='ltr'>priores</span> <span class='ocrx_word' id='word_1_117' title='bbox 1100 1227 1185 1260; x_wconf 91' lang='lat' dir='ltr'>litte-</span> 
     </span>
     <span class='ocr_line' id='line_1_27' title="bbox 450 1281 1188 1327; baseline -0.003 -11"><span class='ocrx_word' id='word_1_118' title='bbox 450 1294 501 1316; x_wconf 85' lang='lat' dir='ltr'>ras</span> <span class='ocrx_word' id='word_1_119' title='bbox 539 1283 717 1327; x_wconf 86' lang='lat' dir='ltr'>praedictas</span> <span class='ocrx_word' id='word_1_120' title='bbox 750 1287 780 1315; x_wconf 92' lang='lat' dir='ltr'>et</span> <span class='ocrx_word' id='word_1_121' title='bbox 805 1281 836 1314; x_wconf 93' lang='lat' dir='ltr'>in</span> <span class='ocrx_word' id='word_1_122' title='bbox 857 1281 901 1315; x_wconf 91' lang='lat' dir='ltr'>eis</span> <span class='ocrx_word' id='word_1_123' title='bbox 922 1286 1072 1314; x_wconf 86' lang='lat' dir='ltr'>contenta</span> <span class='ocrx_word' id='word_1_124' title='bbox 1093 1291 1188 1325; x_wconf 88' lang='lat' dir='ltr'>quae-</span> 
     </span>
     <span class='ocr_line' id='line_1_28' title="bbox 450 1335 1189 1381; baseline -0.001 -11"><span class='ocrx_word' id='word_1_125' title='bbox 450 1348 588 1381; x_wconf 84' lang='lat' dir='ltr'>cumque</span> <span class='ocrx_word' id='word_1_126' title='bbox 617 1336 807 1380; x_wconf 70' lang='lat' dir='ltr'>approbavit</span> <span class='ocrx_word' id='word_1_127' title='bbox 838 1341 867 1369; x_wconf 87' lang='lat' dir='ltr'>et</span> <span class='ocrx_word' id='word_1_128' title='bbox 899 1335 1122 1376; x_wconf 87' lang='lat' dir='ltr'>confirmavit,</span> <span class='ocrx_word' id='word_1_129' title='bbox 1153 1346 1189 1369; x_wconf 87' lang='lat' dir='ltr'>ac</span> 
     </span>
     <span class='ocr_line' id='line_1_29' title="bbox 449 1389 1188 1435; baseline 0 -12"><span class='ocrx_word' id='word_1_130' title='bbox 449 1390 647 1435; x_wconf 70' lang='lat' dir='ltr'>praedictam</span> <span class='ocrx_word' id='word_1_131' title='bbox 669 1389 814 1432; x_wconf 76' lang='lat' dir='ltr'>Gregorii</span> <span class='ocrx_word' id='word_1_132' title='bbox 836 1389 875 1422; x_wconf 87' lang='lat' dir='ltr'>de</span> <span class='ocrx_word' id='word_1_133' title='bbox 897 1389 1018 1432; x_wconf 82' lang='lat' dir='ltr'>gratiis,</span> <span class='ocrx_word' id='word_1_134' title='bbox 1042 1395 1075 1422; x_wconf 88' lang='lat' dir='ltr'>ut</span> <span class='ocrx_word' id='word_1_135' title='bbox 1096 1399 1188 1433; x_wconf 87' lang='lat' dir='ltr'>prae—</span> 
     </span>
     <span class='ocr_line' id='line_1_30' title="bbox 450 1442 1189 1488; baseline 0 -11"><span class='ocrx_word' id='word_1_136' title='bbox 450 1444 587 1485; x_wconf 84' lang='lat' dir='ltr'>dicitur,</span> <span class='ocrx_word' id='word_1_137' title='bbox 608 1454 665 1488; x_wconf 88' lang='lat' dir='ltr'>per</span> <span class='ocrx_word' id='word_1_138' title='bbox 686 1442 884 1476; x_wconf 89' lang='lat' dir='ltr'>mendicatos</span> <span class='ocrx_word' id='word_1_139' title='bbox 913 1443 1036 1476; x_wconf 69' lang='lat' dir='ltr'>favores</span> <span class='ocrx_word' id='word_1_140' title='bbox 1057 1443 1189 1477; x_wconf 90' lang='lat' dir='ltr'>minime</span> 
     </span>
     <span class='ocr_line' id='line_1_31' title="bbox 450 1496 1186 1540; baseline -0.003 -10"><span class='ocrx_word' id='word_1_141' title='bbox 450 1496 665 1531; x_wconf 84' lang='lat' dir='ltr'>concedendis</span> <span class='ocrx_word' id='word_1_142' title='bbox 681 1496 931 1540; x_wconf 85' lang='lat' dir='ltr'>prohibitionem</span> <span class='ocrx_word' id='word_1_143' title='bbox 950 1496 989 1528; x_wconf 91' lang='lat' dir='ltr'>ad</span> <span class='ocrx_word' id='word_1_144' title='bbox 1011 1507 1186 1540; x_wconf 86' lang='lat' dir='ltr'>quoscum-</span> 
     </span>
     <span class='ocr_line' id='line_1_32' title="bbox 450 1549 1186 1595; baseline -0.001 -11"><span class='ocrx_word' id='word_1_145' title='bbox 450 1562 511 1595; x_wconf 87' lang='lat' dir='ltr'>que</span> <span class='ocrx_word' id='word_1_146' title='bbox 533 1551 662 1593; x_wconf 76' lang='lat' dir='ltr'>gradus,</span> <span class='ocrx_word' id='word_1_147' title='bbox 686 1549 838 1590; x_wconf 83' lang='lat' dir='ltr'>honores,</span> <span class='ocrx_word' id='word_1_148' title='bbox 863 1549 1044 1592; x_wconf 80' lang='lat' dir='ltr'>dignitates,</span> <span class='ocrx_word' id='word_1_149' title='bbox 1068 1549 1186 1591; x_wconf 81' lang='lat' dir='ltr'>officia,</span> 
     </span>
     <span class='ocr_line' id='line_1_33' title="bbox 450 1603 1190 1646; baseline -0.003 -9"><span class='ocrx_word' id='word_1_150' title='bbox 450 1603 757 1642; x_wconf 70' lang='lat' dir='ltr'>administrationes,</span> <span class='ocrx_word' id='word_1_151' title='bbox 782 1603 974 1643; x_wconf 85' lang='lat' dir='ltr'>functiones,</span> <span class='ocrx_word' id='word_1_152' title='bbox 990 1603 1190 1646; x_wconf 88' lang='lat' dir='ltr'>praelaturas</span> 
     </span>
     <span class='ocr_line' id='line_1_34' title="bbox 450 1656 1188 1700; baseline -0.001 -11"><span class='ocrx_word' id='word_1_153' title='bbox 450 1657 592 1690; x_wconf 86' lang='lat' dir='ltr'>eiusdem</span> <span class='ocrx_word' id='word_1_154' title='bbox 614 1656 742 1690; x_wconf 86' lang='lat' dir='ltr'>Ordinis</span> <span class='ocrx_word' id='word_1_155' title='bbox 756 1662 913 1700; x_wconf 87' lang='lat' dir='ltr'>perpetuo</span> <span class='ocrx_word' id='word_1_156' title='bbox 929 1656 1069 1689; x_wconf 78' lang='lat' dir='ltr'>extendit</span> <span class='ocrx_word' id='word_1_157' title='bbox 1090 1661 1119 1689; x_wconf 90' lang='lat' dir='ltr'>et</span> <span class='ocrx_word' id='word_1_158' title='bbox 1137 1666 1188 1688; x_wconf 86' lang='lat' dir='ltr'>ex-</span> 
     </span>
     <span class='ocr_line' id='line_1_35' title="bbox 450 1708 1189 1753; baseline -0.003 -10"><span class='ocrx_word' id='word_1_159' title='bbox 450 1710 536 1743; x_wconf 88' lang='lat' dir='ltr'>tendi</span> <span class='ocrx_word' id='word_1_160' title='bbox 559 1710 676 1743; x_wconf 86' lang='lat' dir='ltr'>debere</span> <span class='ocrx_word' id='word_1_161' title='bbox 697 1709 846 1749; x_wconf 86' lang='lat' dir='ltr'>decrevit,</span> <span class='ocrx_word' id='word_1_162' title='bbox 871 1714 901 1742; x_wconf 90' lang='lat' dir='ltr'>et</span> <span class='ocrx_word' id='word_1_163' title='bbox 925 1714 1091 1753; x_wconf 87' lang='lat' dir='ltr'>praeterea</span> <span class='ocrx_word' id='word_1_164' title='bbox 1112 1708 1189 1741; x_wconf 90' lang='lat' dir='ltr'>dile-</span> 
     </span>
     <span class='ocr_line' id='line_1_36' title="bbox 450 1762 1189 1806; baseline -0.003 -9"><span class='ocrx_word' id='word_1_165' title='bbox 450 1764 509 1797; x_wconf 87' lang='lat' dir='ltr'>ctis</span> <span class='ocrx_word' id='word_1_166' title='bbox 522 1763 596 1796; x_wconf 84' lang='lat' dir='ltr'>siliis</span> <span class='ocrx_word' id='word_1_167' title='bbox 610 1763 762 1805; x_wconf 83' lang='lat' dir='ltr'>magistro</span> <span class='ocrx_word' id='word_1_168' title='bbox 777 1762 929 1806; x_wconf 83' lang='lat' dir='ltr'>generali,</span> <span class='ocrx_word' id='word_1_169' title='bbox 940 1762 1189 1806; x_wconf 85' lang='lat' dir='ltr'>provincialibus</span> 
     </span>
     <span class='ocr_line' id='line_1_37' title="bbox 450 1816 1187 1860; baseline -0.004 -10"><span class='ocrx_word' id='word_1_170' title='bbox 450 1823 481 1850; x_wconf 86' lang='lat' dir='ltr'>et</span> <span class='ocrx_word' id='word_1_171' title='bbox 505 1817 574 1849; x_wconf 90' lang='lat' dir='ltr'>aliis</span> <span class='ocrx_word' id='word_1_172' title='bbox 602 1816 771 1860; x_wconf 85' lang='lat' dir='ltr'>praelatis,</span> <span class='ocrx_word' id='word_1_173' title='bbox 799 1816 1020 1860; x_wconf 82' lang='lat' dir='ltr'>superioribus</span> <span class='ocrx_word' id='word_1_174' title='bbox 1046 1816 1187 1849; x_wconf 91' lang='lat' dir='ltr'>eiusdem</span> 
     </span>
     <span class='ocr_line' id='line_1_38' title="bbox 450 1870 1186 1914; baseline -0.004 -9"><span class='ocrx_word' id='word_1_175' title='bbox 450 1870 592 1910; x_wconf 86' lang='lat' dir='ltr'>Ordinis,</span> <span class='ocrx_word' id='word_1_176' title='bbox 616 1880 656 1903; x_wconf 90' lang='lat' dir='ltr'>ne</span> <span class='ocrx_word' id='word_1_177' title='bbox 684 1870 897 1914; x_wconf 88' lang='lat' dir='ltr'>imposterum</span> <span class='ocrx_word' id='word_1_178' title='bbox 927 1870 1059 1913; x_wconf 81' lang='lat' dir='ltr'>aliquod</span> <span class='ocrx_word' id='word_1_179' title='bbox 1091 1880 1186 1913; x_wconf 88' lang='lat' dir='ltr'>prae-</span> 
     </span>
     <span class='ocr_line' id='line_1_39' title="bbox 450 1923 1188 1967; baseline -0.001 -11"><span class='ocrx_word' id='word_1_180' title='bbox 450 1924 620 1958; x_wconf 88' lang='lat' dir='ltr'>missorum</span> <span class='ocrx_word' id='word_1_181' title='bbox 654 1924 803 1967; x_wconf 84' lang='lat' dir='ltr'>cuiquam</span> <span class='ocrx_word' id='word_1_182' title='bbox 821 1951 828 1964; x_wconf 88' lang='lat'>‚</span> <span class='ocrx_word' id='word_1_183' title='bbox 856 1923 895 1956; x_wconf 86' lang='lat' dir='ltr'>ad</span> <span class='ocrx_word' id='word_1_184' title='bbox 925 1923 1107 1956; x_wconf 72' lang='lat' dir='ltr'>instantiam</span> <span class='ocrx_word' id='word_1_185' title='bbox 1134 1934 1188 1956; x_wconf 88' lang='lat' dir='ltr'>seu</span> 
     </span>
     <span class='ocr_line' id='line_1_40' title="bbox 450 1977 1188 2022; baseline -0.003 -11"><span class='ocrx_word' id='word_1_186' title='bbox 450 1978 693 2022; x_wconf 82' lang='lat' dir='ltr'>requisitionem</span> <span class='ocrx_word' id='word_1_187' title='bbox 717 1978 764 2010; x_wconf 82' lang='lat' dir='ltr'>vel</span> <span class='ocrx_word' id='word_1_188' title='bbox 790 1977 1094 2020; x_wconf 81' lang='lat' dir='ltr'>contemplationem</span> <span class='ocrx_word' id='word_1_189' title='bbox 1115 1987 1188 2020; x_wconf 80' lang='lat' dir='ltr'>per-</span> 
     </span>
     <span class='ocr_line' id='line_1_41' title="bbox 450 2031 1186 2075; baseline -0.004 -10"><span class='ocrx_word' id='word_1_190' title='bbox 450 2042 602 2065; x_wconf 89' lang='lat' dir='ltr'>sonarum</span> <span class='ocrx_word' id='word_1_191' title='bbox 621 2031 768 2075; x_wconf 86' lang='lat' dir='ltr'>superius</span> <span class='ocrx_word' id='word_1_192' title='bbox 789 2041 1009 2074; x_wconf 78' lang='lat' dir='ltr'>expressarum</span> <span class='ocrx_word' id='word_1_193' title='bbox 1029 2041 1186 2074; x_wconf 85' lang='lat' dir='ltr'>quarum-</span> 
     </span>
     <span class='ocr_line' id='line_1_42' title="bbox 450 2084 1186 2129; baseline -0.004 -10"><span class='ocrx_word' id='word_1_194' title='bbox 450 2095 601 2129; x_wconf 81' lang='lat' dir='ltr'>cumque,</span> <span class='ocrx_word' id='word_1_195' title='bbox 625 2084 737 2128; x_wconf 82' lang='lat' dir='ltr'>quovis</span> <span class='ocrx_word' id='word_1_196' title='bbox 762 2085 859 2117; x_wconf 87' lang='lat' dir='ltr'>modo</span> <span class='ocrx_word' id='word_1_197' title='bbox 885 2085 1084 2125; x_wconf 80' lang='lat' dir='ltr'>concedere,</span> <span class='ocrx_word' id='word_1_198' title='bbox 1109 2084 1186 2117; x_wconf 79' lang='lat' dir='ltr'>reli—</span> 
     </span>
     <span class='ocr_line' id='line_1_43' title="bbox 450 2137 1190 2182; baseline -0.003 -10"><span class='ocrx_word' id='word_1_199' title='bbox 450 2139 547 2182; x_wconf 80' lang='lat' dir='ltr'>giosis</span> <span class='ocrx_word' id='word_1_200' title='bbox 566 2149 640 2171; x_wconf 83' lang='lat' dir='ltr'>vero</span> <span class='ocrx_word' id='word_1_201' title='bbox 666 2149 702 2171; x_wconf 89' lang='lat' dir='ltr'>ac</span> <span class='ocrx_word' id='word_1_202' title='bbox 728 2138 879 2170; x_wconf 83' lang='lat' dir='ltr'>fratribus</span> <span class='ocrx_word' id='word_1_203' title='bbox 898 2138 1041 2171; x_wconf 88' lang='lat' dir='ltr'>eiusdem</span> <span class='ocrx_word' id='word_1_204' title='bbox 1063 2137 1190 2172; x_wconf 90' lang='lat' dir='ltr'>Ordinis</span> 
     </span>
     <span class='ocr_line' id='line_1_44' title="bbox 450 2191 1190 2236; baseline 0 -11"><span class='ocrx_word' id='word_1_205' title='bbox 450 2192 706 2236; x_wconf 85' lang='lat' dir='ltr'>quibuscumque</span> <span class='ocrx_word' id='word_1_206' title='bbox 733 2201 797 2224; x_wconf 92' lang='lat' dir='ltr'>non</span> <span class='ocrx_word' id='word_1_207' title='bbox 818 2192 921 2224; x_wconf 88' lang='lat' dir='ltr'>solum</span> <span class='ocrx_word' id='word_1_208' title='bbox 947 2191 979 2224; x_wconf 92' lang='lat' dir='ltr'>in</span> <span class='ocrx_word' id='word_1_209' title='bbox 1006 2191 1190 2235; x_wconf 84' lang='lat' dir='ltr'>praemissis</span> 
     </span>
     <span class='ocr_line' id='line_1_45' title="bbox 450 2244 1189 2278; baseline -0.001 0"><span class='ocrx_word' id='word_1_210' title='bbox 450 2245 599 2278; x_wconf 84' lang='lat' dir='ltr'>omnibus</span> <span class='ocrx_word' id='word_1_211' title='bbox 634 2244 847 2278; x_wconf 87' lang='lat' dir='ltr'>saecularium</span> <span class='ocrx_word' id='word_1_212' title='bbox 884 2245 1022 2277; x_wconf 82' lang='lat' dir='ltr'>favorem</span> <span class='ocrx_word' id='word_1_213' title='bbox 1057 2244 1189 2277; x_wconf 87' lang='lat' dir='ltr'>minime</span> 
     </span>
     <span class='ocr_line' id='line_1_46' title="bbox 449 2298 1187 2342; baseline -0.003 -11"><span class='ocrx_word' id='word_1_214' title='bbox 449 2308 635 2342; x_wconf 84' lang='lat' dir='ltr'>procurare,</span> <span class='ocrx_word' id='word_1_215' title='bbox 652 2298 706 2331; x_wconf 88' lang='lat' dir='ltr'>sed</span> <span class='ocrx_word' id='word_1_216' title='bbox 725 2308 783 2330; x_wconf 84' lang='lat' dir='ltr'>nec</span> <span class='ocrx_word' id='word_1_217' title='bbox 804 2298 898 2330; x_wconf 87' lang='lat' dir='ltr'>etiam</span> <span class='ocrx_word' id='word_1_218' title='bbox 916 2304 1030 2342; x_wconf 87' lang='lat' dir='ltr'>sponte</span> <span class='ocrx_word' id='word_1_219' title='bbox 1044 2298 1187 2332; x_wconf 86' lang='lat' dir='ltr'>oblatum</span> 
     </span>
     <span class='ocr_line' id='line_1_47' title="bbox 450 2350 1185 2395; baseline -0.001 -10"><span class='ocrx_word' id='word_1_220' title='bbox 450 2357 504 2385; x_wconf 81' lang='lat' dir='ltr'>aut</span> <span class='ocrx_word' id='word_1_221' title='bbox 525 2351 563 2384; x_wconf 87' lang='lat' dir='ltr'>ab</span> <span class='ocrx_word' id='word_1_222' title='bbox 585 2350 629 2384; x_wconf 91' lang='lat' dir='ltr'>eis</span> <span class='ocrx_word' id='word_1_223' title='bbox 650 2350 783 2384; x_wconf 88' lang='lat' dir='ltr'>minime</span> <span class='ocrx_word' id='word_1_224' title='bbox 801 2357 1011 2395; x_wconf 82' lang='lat' dir='ltr'>procuratum</span> <span class='ocrx_word' id='word_1_225' title='bbox 1032 2351 1185 2395; x_wconf 87' lang='lat' dir='ltr'>recipere,</span> 
     </span>
     <span class='ocr_line' id='line_1_48' title="bbox 450 2405 1189 2445; baseline -0.001 -7"><span class='ocrx_word' id='word_1_226' title='bbox 450 2411 481 2438; x_wconf 88' lang='lat' dir='ltr'>et</span> <span class='ocrx_word' id='word_1_227' title='bbox 500 2405 650 2445; x_wconf 77' lang='lat' dir='ltr'>similiter</span> <span class='ocrx_word' id='word_1_228' title='bbox 670 2415 708 2437; x_wconf 91' lang='lat' dir='ltr'>ne</span> <span class='ocrx_word' id='word_1_229' title='bbox 730 2405 770 2437; x_wconf 89' lang='lat' dir='ltr'>ad</span> <span class='ocrx_word' id='word_1_230' title='bbox 790 2405 875 2437; x_wconf 88' lang='lat' dir='ltr'>hunc</span> <span class='ocrx_word' id='word_1_231' title='bbox 890 2405 1037 2438; x_wconf 78' lang='lat' dir='ltr'>effectum</span> <span class='ocrx_word' id='word_1_232' title='bbox 1056 2415 1189 2438; x_wconf 90' lang='lat' dir='ltr'>munera</span> 
     </span>
     <span class='ocr_line' id='line_1_49' title="bbox 450 2458 1188 2502; baseline 0 -11"><span class='ocrx_word' id='word_1_233' title='bbox 450 2458 558 2502; x_wconf 83' lang='lat' dir='ltr'>aliqua</span> <span class='ocrx_word' id='word_1_234' title='bbox 582 2458 800 2491; x_wconf 83' lang='lat' dir='ltr'>saecularibus</span> <span class='ocrx_word' id='word_1_235' title='bbox 826 2458 1012 2502; x_wconf 87' lang='lat' dir='ltr'>impendere</span> <span class='ocrx_word' id='word_1_236' title='bbox 1033 2459 1079 2491; x_wconf 82' lang='lat' dir='ltr'>vel</span> <span class='ocrx_word' id='word_1_237' title='bbox 1100 2458 1188 2491; x_wconf 84' lang='lat' dir='ltr'>exhi-</span> 
     </span>
    </p>
   </div>
   <div class='ocr_carea' id='block_1_6' title="bbox 487 2545 1207 2591">
    <p class='ocr_par' dir='ltr' id='par_1_8' title="bbox 487 2545 1207 2591">
     <span class='ocr_line' id='line_1_50' title="bbox 487 2545 1207 2591; baseline 0.001 -18"><span class='ocrx_word' id='word_1_238' title='bbox 487 2549 496 2573; x_wconf 88' lang='grc'>1</span> <span class='ocrx_word' id='word_1_239' title='bbox 516 2547 583 2573; x_wconf 83' lang='lat' dir='ltr'>Vide</span> <span class='ocrx_word' id='word_1_240' title='bbox 597 2547 683 2581; x_wconf 82' lang='lat' dir='ltr'>ipsius</span> <span class='ocrx_word' id='word_1_241' title='bbox 699 2547 780 2581; x_wconf 78' lang='lat' dir='ltr'>Greg.</span> <span class='ocrx_word' id='word_1_242' title='bbox 795 2546 851 2573; x_wconf 80' lang='lat' dir='ltr'>xltt</span> <span class='ocrx_word' id='word_1_243' title='bbox 869 2545 981 2573; x_wconf 89' lang='lat' dir='ltr'>Constit.</span> <span class='ocrx_word' id='word_1_244' title='bbox 995 2553 1054 2574; x_wconf 82' lang='lat' dir='ltr'>cxvt</span> <span class='ocrx_word' id='word_1_245' title='bbox 1065 2549 1130 2574; x_wconf 83' lang='lat' dir='ltr'>tom.</span> <span class='ocrx_word' id='word_1_246' title='bbox 1144 2553 1188 2574; x_wconf 70' lang='lat' dir='ltr'>vttt</span> <span class='ocrx_word' id='word_1_247' title='bbox 1206 2575 1207 2591; x_wconf 25' lang='grc' dir='ltr'>ἢ</span> 
     </span>
    </p>
   </div>
   <div class='ocr_carea' id='block_1_7' title="bbox 450 2591 1190 2716">
    <p class='ocr_par' dir='ltr' id='par_1_9' title="bbox 450 2591 1190 2716">
     <span class='ocr_line' id='line_1_51' title="bbox 450 2591 707 2627; baseline -0.004 -9"><span class='ocrx_word' id='word_1_248' title='bbox 450 2599 511 2627; x_wconf 80' lang='lat' dir='ltr'>pag.</span> <span class='ocrx_word' id='word_1_249' title='bbox 532 2591 584 2619; x_wconf 87' lang='lat'>335</span> <span class='ocrx_word' id='word_1_250' title='bbox 599 2594 638 2624; x_wconf 79' lang='lat' dir='ltr'>(n.</span> <span class='ocrx_word' id='word_1_251' title='bbox 657 2593 707 2626; x_wconf 56' lang='lat' dir='ltr'>aa).</span> 
     </span>
     <span class='ocr_line' id='line_1_52' title="bbox 485 2634 1190 2672; baseline 0.001 -10"><span class='ocrx_word' id='word_1_252' title='bbox 485 2635 501 2662; x_wconf 70' lang='lat'>2</span> <span class='ocrx_word' id='word_1_253' title='bbox 521 2635 592 2662; x_wconf 84' lang='lat' dir='ltr'>Edit.</span> <span class='ocrx_word' id='word_1_254' title='bbox 609 2634 689 2662; x_wconf 77' lang='lat' dir='ltr'>IlIain.</span> <span class='ocrx_word' id='word_1_255' title='bbox 706 2635 847 2670; x_wconf 42' lang='lat' dir='ltr'>legium&amp;</span> <span class='ocrx_word' id='word_1_256' title='bbox 864 2637 891 2663; x_wconf 76' lang='lat' dir='ltr'>ut</span> <span class='ocrx_word' id='word_1_257' title='bbox 910 2635 1101 2663; x_wconf 82' lang='lat' dir='ltr'>emendatione</span> <span class='ocrx_word' id='word_1_258' title='bbox 1121 2644 1190 2672; x_wconf 87' lang='lat' dir='ltr'>opus</span> 
     </span>
     <span class='ocr_line' id='line_1_53' title="bbox 453 2681 807 2716; baseline 0.006 -10"><span class='ocrx_word' id='word_1_259' title='bbox 453 2688 512 2707; x_wconf 86' lang='lat' dir='ltr'>esse</span> <span class='ocrx_word' id='word_1_260' title='bbox 531 2681 689 2709; x_wconf 72' lang='lat' dir='ltr'>censuimus</span> <span class='ocrx_word' id='word_1_261' title='bbox 703 2682 742 2715; x_wconf 81' lang='lat' dir='ltr'>(R.</span> <span class='ocrx_word' id='word_1_262' title='bbox 757 2681 807 2716; x_wconf 80' lang='grc' dir='ltr'>Τ.).</span> 
     </span>
    </p>
   </div>
   <div class='ocr_carea' id='block_1_8' title="bbox 1023 275 1381 300">
    <p class='ocr_par' dir='ltr' id='par_1_10' title="bbox 1023 275 1381 300">
     <span class='ocr_line' id='line_1_54' title="bbox 1023 275 1381 300; baseline 0.003 -1"><span class='ocrx_word' id='word_1_263' title='bbox 1023 275 1204 300; x_wconf 75' lang='lat' dir='ltr'>BL&#39;LLARIUM</span> <span class='ocrx_word' id='word_1_264' title='bbox 1229 275 1381 300; x_wconf 72' lang='lat' dir='ltr'><strong>ROMANUM</strong></span> 
     </span>
    </p>
   </div>
   <div class='ocr_carea' id='block_1_9' title="bbox 1204 701 1209 2704">
    <p class='ocr_par' dir='ltr' id='par_1_11' title="bbox 1204 701 1209 2704">
     <span class='ocr_line' id='line_1_55' title="bbox 1204 701 1209 2704; baseline 0 0"><span class='ocrx_word' id='word_1_265' title='bbox 1204 701 1209 2704; x_wconf 95' lang='lat' dir='ltr'> </span> 
     </span>
    </p>
   </div>
   <div class='ocr_carea' id='block_1_10' title="bbox 1223 280 2221 369">
    <p class='ocr_par' dir='ltr' id='par_1_12' title="bbox 1223 280 2221 369">
     <span class='ocr_line' id='line_1_56' title="bbox 1972 280 2221 319; baseline 0.02 -12"><span class='ocrx_word' id='word_1_266' title='bbox 1972 280 2066 308; x_wconf 65' lang='lat' dir='ltr'>Amo.</span> <span class='ocrx_word' id='word_1_267' title='bbox 2087 280 2156 310; x_wconf 73' lang='lat'><strong>1507</strong></span> <span class='ocrx_word' id='word_1_268' title='bbox 2184 292 2187 294; x_wconf 34' lang='lat' dir='ltr'>v</span> <span class='ocrx_word' id='word_1_269' title='bbox 2219 308 2221 319; x_wconf 91' lang='grc'>,</span> 
     </span>
     <span class='ocr_line' id='line_1_57' title="bbox 1223 323 1958 369; baseline 0.005 -12"><span class='ocrx_word' id='word_1_270' title='bbox 1223 323 1298 357; x_wconf 86' lang='lat' dir='ltr'>bere</span> <span class='ocrx_word' id='word_1_271' title='bbox 1319 324 1472 357; x_wconf 81' lang='lat' dir='ltr'>auderent</span> <span class='ocrx_word' id='word_1_272' title='bbox 1496 325 1541 358; x_wconf 84' lang='lat' dir='ltr'>vel</span> <span class='ocrx_word' id='word_1_273' title='bbox 1563 333 1815 369; x_wconf 85' lang='lat' dir='ltr'>praesumerent,</span> <span class='ocrx_word' id='word_1_274' title='bbox 1838 328 1870 360; x_wconf 92' lang='lat' dir='ltr'>in</span> <span class='ocrx_word' id='word_1_275' title='bbox 1897 328 1958 361; x_wconf 83' lang='lat' dir='ltr'>vir-</span> 
     </span>
    </p>
   </div>
   <div class='ocr_carea' id='block_1_11' title="bbox 1221 377 2227 1754">
    <p class='ocr_par' dir='ltr' id='par_1_13' title="bbox 1221 377 2227 1754">
     <span class='ocr_line' id='line_1_58' title="bbox 1225 377 1959 424; baseline 0.007 -15"><span class='ocrx_word' id='word_1_276' title='bbox 1225 382 1289 409; x_wconf 89' lang='lat' dir='ltr'>tute</span> <span class='ocrx_word' id='word_1_277' title='bbox 1317 382 1444 410; x_wconf 89' lang='lat' dir='ltr'>sanctae</span> <span class='ocrx_word' id='word_1_278' title='bbox 1469 377 1683 419; x_wconf 83' lang='lat' dir='ltr'>obedientiae,</span> <span class='ocrx_word' id='word_1_279' title='bbox 1711 384 1741 412; x_wconf 91' lang='lat' dir='ltr'>et</span> <span class='ocrx_word' id='word_1_280' title='bbox 1765 380 1823 412; x_wconf 90' lang='lat' dir='ltr'>sub</span> <span class='ocrx_word' id='word_1_281' title='bbox 1848 381 1959 424; x_wconf 90' lang='lat' dir='ltr'>poenis</span> 
     </span>
     <span class='ocr_line' id='line_1_59' title="bbox 1223 429 1959 475; baseline 0.007 -14"><span class='ocrx_word' id='word_1_282' title='bbox 1223 429 1253 461; x_wconf 89' lang='lat' dir='ltr'>in</span> <span class='ocrx_word' id='word_1_283' title='bbox 1275 429 1368 463; x_wconf 89' lang='lat' dir='ltr'>dictis</span> <span class='ocrx_word' id='word_1_284' title='bbox 1394 430 1539 473; x_wconf 82' lang='lat' dir='ltr'>Gregorii</span> <span class='ocrx_word' id='word_1_285' title='bbox 1567 432 1824 475; x_wconf 85' lang='lat' dir='ltr'>praedecessoris</span> <span class='ocrx_word' id='word_1_286' title='bbox 1847 432 1959 467; x_wconf 88' lang='lat' dir='ltr'>litteris</span> 
     </span>
     <span class='ocr_line' id='line_1_60' title="bbox 1223 482 1961 528; baseline 0.005 -13"><span class='ocrx_word' id='word_1_287' title='bbox 1223 482 1382 516; x_wconf 86' lang='lat' dir='ltr'>contentis</span> <span class='ocrx_word' id='word_1_288' title='bbox 1402 483 1564 528; x_wconf 88' lang='lat' dir='ltr'>praecepit</span> <span class='ocrx_word' id='word_1_289' title='bbox 1582 489 1612 517; x_wconf 89' lang='lat' dir='ltr'>et</span> <span class='ocrx_word' id='word_1_290' title='bbox 1631 494 1778 528; x_wconf 84' lang='lat' dir='ltr'>expresse</span> <span class='ocrx_word' id='word_1_291' title='bbox 1798 485 1961 519; x_wconf 85' lang='lat' dir='ltr'>interdixit</span> 
     </span>
     <span class='ocr_line' id='line_1_61' title="bbox 1222 535 1960 580; baseline 0.005 -12"><span class='ocrx_word' id='word_1_292' title='bbox 1222 546 1258 569; x_wconf 88' lang='lat' dir='ltr'>ac</span> <span class='ocrx_word' id='word_1_293' title='bbox 1278 535 1478 579; x_wconf 70' lang='lat' dir='ltr'>prohibuw,</span> <span class='ocrx_word' id='word_1_294' title='bbox 1496 543 1591 580; x_wconf 88' lang='lat' dir='ltr'>prout</span> <span class='ocrx_word' id='word_1_295' title='bbox 1622 537 1652 569; x_wconf 93' lang='lat' dir='ltr'>in</span> <span class='ocrx_word' id='word_1_296' title='bbox 1685 537 1817 580; x_wconf 88' lang='lat' dir='ltr'>singulis</span> <span class='ocrx_word' id='word_1_297' title='bbox 1848 538 1960 573; x_wconf 84' lang='lat' dir='ltr'>litteris</span> 
     </span>
     <span class='ocr_line' id='line_1_62' title="bbox 1222 589 2227 633; baseline 0.003 -12"><span class='ocrx_word' id='word_1_298' title='bbox 1222 589 1393 633; x_wconf 88' lang='lat' dir='ltr'>praedictis</span> <span class='ocrx_word' id='word_1_299' title='bbox 1412 589 1538 632; x_wconf 88' lang='lat' dir='ltr'>plenius</span> <span class='ocrx_word' id='word_1_300' title='bbox 1559 590 1750 623; x_wconf 89' lang='lat' dir='ltr'>continetur.</span> <span class='ocrx_word' id='word_1_301' title='bbox 2219 625 2227 629; x_wconf 64' lang='grc'>,</span> 
     </span>
     <span class='ocr_line' id='line_1_63' title="bbox 1267 641 2227 687; baseline 0.005 -13"><span class='ocrx_word' id='word_1_302' title='bbox 1267 643 1282 684; x_wconf 66' lang='grc' dir='ltr'>ξ</span> <span class='ocrx_word' id='word_1_303' title='bbox 1303 641 1333 674; x_wconf 66' lang='lat' dir='ltr'>li.</span> <span class='ocrx_word' id='word_1_304' title='bbox 1357 641 1433 675; x_wconf 89' lang='lat' dir='ltr'>Cum</span> <span class='ocrx_word' id='word_1_305' title='bbox 1460 648 1578 683; x_wconf 84' lang='lat' dir='ltr'>autem,</span> <span class='ocrx_word' id='word_1_306' title='bbox 1602 642 1683 676; x_wconf 85' lang='lat' dir='ltr'>sicut</span> <span class='ocrx_word' id='word_1_307' title='bbox 1704 643 1896 687; x_wconf 87' lang='lat' dir='ltr'>accepimus,</span> <span class='ocrx_word' id='word_1_308' title='bbox 1919 645 1959 679; x_wconf 91' lang='lat' dir='ltr'>ad</span> <span class='ocrx_word' id='word_1_309' title='bbox 2008 662 2158 686; x_wconf 59' lang='lat' dir='ltr'>memus„</span> <span class='ocrx_word' id='word_1_310' title='bbox 2180 661 2187 665; x_wconf 84' lang='lat'><strong>·</strong></span> <span class='ocrx_word' id='word_1_311' title='bbox 2226 643 2227 647; x_wconf 70' lang='grc'>’</span> 
     </span>
     <span class='ocr_line' id='line_1_64' title="bbox 1222 690 2221 739; baseline 0.004 -11"><span class='ocrx_word' id='word_1_312' title='bbox 1222 695 1410 729; x_wconf 88' lang='lat' dir='ltr'>electionem</span> <span class='ocrx_word' id='word_1_313' title='bbox 1437 695 1509 729; x_wconf 91' lang='lat' dir='ltr'>novi</span> <span class='ocrx_word' id='word_1_314' title='bbox 1533 696 1674 739; x_wconf 75' lang='lat' dir='ltr'>magistri</span> <span class='ocrx_word' id='word_1_315' title='bbox 1703 697 1862 739; x_wconf 80' lang='lat' dir='ltr'>generaIIS</span> <span class='ocrx_word' id='word_1_316' title='bbox 1882 697 1958 731; x_wconf 90' lang='lat' dir='ltr'>dicti</span> <span class='ocrx_word' id='word_1_317' title='bbox 1974 694 2047 710; x_wconf 69' lang='lat'>‘&#39;⁰¹⁰¹&#39;&#39;</span> <span class='ocrx_word' id='word_1_318' title='bbox 2058 690 2159 712; x_wconf 57' lang='lat' dir='ltr'>mmm·</span> <span class='ocrx_word' id='word_1_319' title='bbox 2220 700 2221 707; x_wconf 62' lang='lat'>¹</span> 
     </span>
     <span class='ocr_line' id='line_1_65' title="bbox 1221 748 1961 794; baseline 0.004 -13"><span class='ocrx_word' id='word_1_320' title='bbox 1221 748 1347 782; x_wconf 88' lang='lat' dir='ltr'>Ordinis</span> <span class='ocrx_word' id='word_1_321' title='bbox 1360 748 1448 782; x_wconf 87' lang='lat' dir='ltr'>brevi</span> <span class='ocrx_word' id='word_1_322' title='bbox 1462 748 1695 782; x_wconf 83' lang='lat' dir='ltr'>deveniendum</span> <span class='ocrx_word' id='word_1_323' title='bbox 1710 749 1761 790; x_wconf 86' lang='lat' dir='ltr'>sit,</span> <span class='ocrx_word' id='word_1_324' title='bbox 1776 759 1845 791; x_wconf 89' lang='lat' dir='ltr'>nos,</span> <span class='ocrx_word' id='word_1_325' title='bbox 1862 760 1961 794; x_wconf 87' lang='lat' dir='ltr'>quan-</span> 
     </span>
     <span class='ocr_line' id='line_1_66' title="bbox 1224 801 1957 844; baseline 0.004 -11"><span class='ocrx_word' id='word_1_326' title='bbox 1224 807 1290 834; x_wconf 90' lang='lat' dir='ltr'>tum</span> <span class='ocrx_word' id='word_1_327' title='bbox 1312 801 1457 843; x_wconf 89' lang='lat' dir='ltr'>intersit,</span> <span class='ocrx_word' id='word_1_328' title='bbox 1484 808 1518 835; x_wconf 89' lang='lat' dir='ltr'>ut</span> <span class='ocrx_word' id='word_1_329' title='bbox 1543 802 1657 835; x_wconf 89' lang='lat' dir='ltr'>electio</span> <span class='ocrx_word' id='word_1_330' title='bbox 1679 802 1874 844; x_wconf 87' lang='lat' dir='ltr'>huiusmodi,</span> <span class='ocrx_word' id='word_1_331' title='bbox 1897 803 1957 836; x_wconf 90' lang='lat' dir='ltr'>eli-</span> 
     </span>
     <span class='ocr_line' id='line_1_67' title="bbox 1223 853 1964 898; baseline 0.004 -12"><span class='ocrx_word' id='word_1_332' title='bbox 1223 853 1350 887; x_wconf 89' lang='lat' dir='ltr'>minatis</span> <span class='ocrx_word' id='word_1_333' title='bbox 1367 854 1479 898; x_wconf 82' lang='lat' dir='ltr'>procul</span> <span class='ocrx_word' id='word_1_334' title='bbox 1505 854 1676 896; x_wconf 68' lang='lat' dir='ltr'>favoribus,</span> <span class='ocrx_word' id='word_1_335' title='bbox 1696 855 1728 888; x_wconf 93' lang='lat' dir='ltr'>in</span> <span class='ocrx_word' id='word_1_336' title='bbox 1748 855 1915 889; x_wconf 85' lang='lat' dir='ltr'>sanctitate</span> <span class='ocrx_word' id='word_1_337' title='bbox 1932 861 1964 889; x_wconf 89' lang='lat' dir='ltr'>et</span> 
     </span>
     <span class='ocr_line' id='line_1_68' title="bbox 1224 907 1960 952; baseline 0.003 -12"><span class='ocrx_word' id='word_1_338' title='bbox 1224 907 1343 940; x_wconf 82' lang='lat' dir='ltr'>iustitia</span> <span class='ocrx_word' id='word_1_339' title='bbox 1368 908 1570 948; x_wconf 87' lang='lat' dir='ltr'>celebretur,</span> <span class='ocrx_word' id='word_1_340' title='bbox 1594 908 1695 952; x_wconf 87' lang='lat' dir='ltr'>probe</span> <span class='ocrx_word' id='word_1_341' title='bbox 1721 913 1960 951; x_wconf 86' lang='lat' dir='ltr'>cognoscentes,</span> 
     </span>
     <span class='ocr_line' id='line_1_69' title="bbox 1224 961 1963 995; baseline 0.001 -1"><span class='ocrx_word' id='word_1_342' title='bbox 1224 966 1254 994; x_wconf 88' lang='lat' dir='ltr'>et</span> <span class='ocrx_word' id='word_1_343' title='bbox 1275 961 1347 994; x_wconf 87' lang='lat' dir='ltr'>ideo</span> <span class='ocrx_word' id='word_1_344' title='bbox 1373 961 1449 995; x_wconf 87' lang='lat' dir='ltr'>dicti</span> <span class='ocrx_word' id='word_1_345' title='bbox 1479 961 1608 995; x_wconf 87' lang='lat' dir='ltr'>Ordinis</span> <span class='ocrx_word' id='word_1_346' title='bbox 1633 961 1746 995; x_wconf 81' lang='lat' dir='ltr'>fratres</span> <span class='ocrx_word' id='word_1_347' title='bbox 1774 971 1839 994; x_wconf 91' lang='lat' dir='ltr'>non</span> <span class='ocrx_word' id='word_1_348' title='bbox 1859 961 1963 995; x_wconf 90' lang='lat' dir='ltr'>solum</span> 
     </span>
     <span class='ocr_line' id='line_1_70' title="bbox 1223 1014 1963 1057; baseline 0.001 -10"><span class='ocrx_word' id='word_1_349' title='bbox 1223 1024 1402 1057; x_wconf 85' lang='lat' dir='ltr'>poenarum</span> <span class='ocrx_word' id='word_1_350' title='bbox 1424 1014 1455 1047; x_wconf 90' lang='lat' dir='ltr'>in</span> <span class='ocrx_word' id='word_1_351' title='bbox 1476 1014 1569 1048; x_wconf 90' lang='lat' dir='ltr'>dictis</span> <span class='ocrx_word' id='word_1_352' title='bbox 1598 1014 1712 1048; x_wconf 85' lang='lat' dir='ltr'>litteris</span> <span class='ocrx_word' id='word_1_353' title='bbox 1739 1020 1963 1048; x_wconf 88' lang='lat' dir='ltr'>contentarum</span> 
     </span>
     <span class='ocr_line' id='line_1_71' title="bbox 1223 1068 1963 1102; baseline 0.003 -2"><span class='ocrx_word' id='word_1_354' title='bbox 1223 1068 1278 1101; x_wconf 91' lang='lat' dir='ltr'>sed</span> <span class='ocrx_word' id='word_1_355' title='bbox 1309 1068 1402 1101; x_wconf 85' lang='lat' dir='ltr'>etiam</span> <span class='ocrx_word' id='word_1_356' title='bbox 1433 1078 1642 1102; x_wconf 90' lang='lat' dir='ltr'>censurarum</span> <span class='ocrx_word' id='word_1_357' title='bbox 1673 1068 1963 1102; x_wconf 86' lang='lat' dir='ltr'>ecclesiasticarum</span> 
     </span>
     <span class='ocr_line' id='line_1_72' title="bbox 1223 1121 2010 1164; baseline 0.003 -10"><span class='ocrx_word' id='word_1_358' title='bbox 1223 1127 1310 1155; x_wconf 86' lang='lat' dir='ltr'>metu</span> <span class='ocrx_word' id='word_1_359' title='bbox 1331 1122 1361 1155; x_wconf 90' lang='lat' dir='ltr'>in</span> <span class='ocrx_word' id='word_1_360' title='bbox 1382 1121 1490 1155; x_wconf 81' lang='lat' dir='ltr'>officio</span> <span class='ocrx_word' id='word_1_361' title='bbox 1508 1122 1616 1155; x_wconf 86' lang='lat' dir='ltr'>debito</span> <span class='ocrx_word' id='word_1_362' title='bbox 1631 1122 1795 1155; x_wconf 87' lang='lat' dir='ltr'>continere</span> <span class='ocrx_word' id='word_1_363' title='bbox 1808 1122 1960 1164; x_wconf 84' lang='lat' dir='ltr'>volentes,</span> <span class='ocrx_word' id='word_1_364' title='bbox 2007 1158 2010 1161; x_wconf 71' lang='grc'>,</span> 
     </span>
     <span class='ocr_line' id='line_1_73' title="bbox 1224 1175 1963 1219; baseline 0.003 -11"><span class='ocrx_word' id='word_1_365' title='bbox 1224 1182 1311 1209; x_wconf 87' lang='lat' dir='ltr'>motu</span> <span class='ocrx_word' id='word_1_366' title='bbox 1329 1175 1461 1219; x_wconf 91' lang='lat' dir='ltr'>proprio</span> <span class='ocrx_word' id='word_1_367' title='bbox 1484 1180 1514 1208; x_wconf 89' lang='lat' dir='ltr'>et</span> <span class='ocrx_word' id='word_1_368' title='bbox 1535 1186 1571 1208; x_wconf 83' lang='lat' dir='ltr'>ex</span> <span class='ocrx_word' id='word_1_369' title='bbox 1593 1177 1677 1208; x_wconf 76' lang='lat' dir='ltr'>certa</span> <span class='ocrx_word' id='word_1_370' title='bbox 1700 1175 1844 1217; x_wconf 76' lang='lat' dir='ltr'>scientia,</span> <span class='ocrx_word' id='word_1_371' title='bbox 1867 1186 1904 1210; x_wconf 86' lang='lat' dir='ltr'>ac</span> <span class='ocrx_word' id='word_1_372' title='bbox 1924 1177 1963 1210; x_wconf 89' lang='lat' dir='ltr'>de</span> 
     </span>
     <span class='ocr_line' id='line_1_74' title="bbox 1223 1229 1962 1274; baseline 0 -11"><span class='ocrx_word' id='word_1_373' title='bbox 1223 1229 1418 1274; x_wconf 85' lang='lat' dir='ltr'>apostolicae</span> <span class='ocrx_word' id='word_1_374' title='bbox 1435 1229 1601 1273; x_wconf 85' lang='lat' dir='ltr'>potestatis</span> <span class='ocrx_word' id='word_1_375' title='bbox 1623 1229 1837 1274; x_wconf 89' lang='lat' dir='ltr'>plenitudine,</span> <span class='ocrx_word' id='word_1_376' title='bbox 1860 1230 1962 1264; x_wconf 88' lang='lat' dir='ltr'>dicto-</span> 
     </span>
     <span class='ocr_line' id='line_1_75' title="bbox 1223 1283 1958 1327; baseline 0.001 -11"><span class='ocrx_word' id='word_1_377' title='bbox 1223 1293 1292 1316; x_wconf 88' lang='lat' dir='ltr'>rum</span> <span class='ocrx_word' id='word_1_378' title='bbox 1315 1283 1462 1326; x_wconf 76' lang='lat' dir='ltr'>Gregorii</span> <span class='ocrx_word' id='word_1_379' title='bbox 1483 1288 1513 1316; x_wconf 89' lang='lat' dir='ltr'>et</span> <span class='ocrx_word' id='word_1_380' title='bbox 1534 1283 1704 1316; x_wconf 86' lang='lat' dir='ltr'>Clementis</span> <span class='ocrx_word' id='word_1_381' title='bbox 1731 1283 1958 1327; x_wconf 85' lang='lat' dir='ltr'>praedeeesso-</span> 
     </span>
     <span class='ocr_line' id='line_1_76' title="bbox 1224 1336 1963 1381; baseline 0.003 -12"><span class='ocrx_word' id='word_1_382' title='bbox 1224 1348 1294 1370; x_wconf 88' lang='lat' dir='ltr'>rum</span> <span class='ocrx_word' id='word_1_383' title='bbox 1316 1337 1496 1381; x_wconf 88' lang='lat' dir='ltr'>praedictas</span> <span class='ocrx_word' id='word_1_384' title='bbox 1516 1336 1649 1378; x_wconf 82' lang='lat' dir='ltr'>litteras,</span> <span class='ocrx_word' id='word_1_385' title='bbox 1665 1337 1740 1370; x_wconf 91' lang='lat' dir='ltr'>etin</span> <span class='ocrx_word' id='word_1_386' title='bbox 1756 1337 1800 1370; x_wconf 91' lang='lat' dir='ltr'>eis</span> <span class='ocrx_word' id='word_1_387' title='bbox 1814 1342 1963 1371; x_wconf 88' lang='lat' dir='ltr'>contenta</span> 
     </span>
     <span class='ocr_line' id='line_1_77' title="bbox 1223 1390 1964 1435; baseline 0.001 -11"><span class='ocrx_word' id='word_1_388' title='bbox 1223 1401 1468 1434; x_wconf 86' lang='lat' dir='ltr'>quaecumque,</span> <span class='ocrx_word' id='word_1_389' title='bbox 1497 1401 1607 1424; x_wconf 89' lang='lat' dir='ltr'>eorum</span> <span class='ocrx_word' id='word_1_390' title='bbox 1632 1390 1714 1424; x_wconf 89' lang='lat' dir='ltr'>serie</span> <span class='ocrx_word' id='word_1_391' title='bbox 1743 1390 1964 1435; x_wconf 87' lang='lat' dir='ltr'>praesentibus</span> 
     </span>
     <span class='ocr_line' id='line_1_78' title="bbox 1223 1441 1960 1488; baseline 0.003 -12"><span class='ocrx_word' id='word_1_392' title='bbox 1223 1454 1281 1488; x_wconf 89' lang='lat' dir='ltr'>pro</span> <span class='ocrx_word' id='word_1_393' title='bbox 1307 1443 1485 1487; x_wconf 72' lang='lat' dir='ltr'>expressis²</span> <span class='ocrx_word' id='word_1_394' title='bbox 1510 1443 1680 1485; x_wconf 86' lang='lat' dir='ltr'>habentes,</span> <span class='ocrx_word' id='word_1_395' title='bbox 1703 1441 1876 1487; x_wconf 70' lang='lat' dir='ltr'>apostolica</span> <span class='ocrx_word' id='word_1_396' title='bbox 1902 1454 1960 1478; x_wconf 88' lang='lat' dir='ltr'>au-</span> 
     </span>
     <span class='ocr_line' id='line_1_79' title="bbox 1224 1497 1964 1542; baseline 0.001 -12"><span class='ocrx_word' id='word_1_397' title='bbox 1224 1497 1391 1538; x_wconf 88' lang='lat' dir='ltr'>ctoritate,</span> <span class='ocrx_word' id='word_1_398' title='bbox 1413 1502 1521 1530; x_wconf 87' lang='lat' dir='ltr'>tenore</span> <span class='ocrx_word' id='word_1_399' title='bbox 1551 1497 1779 1541; x_wconf 84' lang='lat' dir='ltr'>praesentium,</span> <span class='ocrx_word' id='word_1_400' title='bbox 1807 1502 1964 1542; x_wconf 90' lang='lat' dir='ltr'>perpetuo</span> 
     </span>
     <span class='ocr_line' id='line_1_80' title="bbox 1224 1550 1965 1595; baseline 0.001 -12"><span class='ocrx_word' id='word_1_401' title='bbox 1224 1550 1455 1584; x_wconf 85' lang='lat' dir='ltr'>confirmamus</span> <span class='ocrx_word' id='word_1_402' title='bbox 1468 1556 1498 1583; x_wconf 91' lang='lat' dir='ltr'>et</span> <span class='ocrx_word' id='word_1_403' title='bbox 1518 1551 1746 1595; x_wconf 85' lang='lat' dir='ltr'>approbamus,</span> <span class='ocrx_word' id='word_1_404' title='bbox 1764 1562 1800 1585; x_wconf 86' lang='lat' dir='ltr'>ac</span> <span class='ocrx_word' id='word_1_405' title='bbox 1814 1551 1875 1584; x_wconf 93' lang='lat' dir='ltr'>illis</span> <span class='ocrx_word' id='word_1_406' title='bbox 1891 1561 1965 1595; x_wconf 89' lang='lat' dir='ltr'>per-</span> 
     </span>
     <span class='ocr_line' id='line_1_81' title="bbox 1224 1603 1964 1648; baseline 0.001 -11"><span class='ocrx_word' id='word_1_407' title='bbox 1224 1610 1339 1648; x_wconf 85' lang='lat' dir='ltr'>petuae</span> <span class='ocrx_word' id='word_1_408' title='bbox 1374 1609 1405 1637; x_wconf 88' lang='lat' dir='ltr'>et</span> <span class='ocrx_word' id='word_1_409' title='bbox 1436 1603 1628 1637; x_wconf 90' lang='lat' dir='ltr'>inviolabilis</span> <span class='ocrx_word' id='word_1_410' title='bbox 1666 1603 1826 1638; x_wconf 83' lang='lat' dir='ltr'>firmitatis</span> <span class='ocrx_word' id='word_1_411' title='bbox 1865 1604 1964 1638; x_wconf 90' lang='lat' dir='ltr'>robur</span> 
     </span>
     <span class='ocr_line' id='line_1_82' title="bbox 1224 1657 1403 1691; baseline 0.006 -2"><span class='ocrx_word' id='word_1_412' title='bbox 1224 1657 1403 1691; x_wconf 88' lang='lat' dir='ltr'>adiicimus.</span> 
     </span>
     <span class='ocr_line' id='line_1_83' title="bbox 1269 1709 2161 1754; baseline 0.002 -11"><span class='ocrx_word' id='word_1_413' title='bbox 1269 1713 1284 1753; x_wconf 65' lang='grc' dir='ltr'>ξ</span> <span class='ocrx_word' id='word_1_414' title='bbox 1306 1709 1335 1743; x_wconf 83' lang='lat'>5.</span> <span class='ocrx_word' id='word_1_415' title='bbox 1357 1711 1393 1744; x_wconf 90' lang='lat' dir='ltr'>Et</span> <span class='ocrx_word' id='word_1_416' title='bbox 1407 1710 1538 1754; x_wconf 89' lang='lat' dir='ltr'>insuper</span> <span class='ocrx_word' id='word_1_417' title='bbox 1558 1710 1708 1744; x_wconf 86' lang='lat' dir='ltr'>omnibus</span> <span class='ocrx_word' id='word_1_418' title='bbox 1726 1716 1756 1744; x_wconf 90' lang='lat' dir='ltr'>et</span> <span class='ocrx_word' id='word_1_419' title='bbox 1769 1710 1903 1754; x_wconf 84' lang='lat' dir='ltr'>singulis</span> <span class='ocrx_word' id='word_1_420' title='bbox 1916 1710 1963 1744; x_wconf 91' lang='lat' dir='ltr'>di·</span> <span class='ocrx_word' id='word_1_421' title='bbox 1997 1722 2161 1745; x_wconf 67' lang='lat' dir='ltr'>Coninmien-</span> 
     </span>
    </p>
   </div>
   <div class='ocr_carea' id='block_1_12' title="bbox 1224 1749 2160 1808">
    <p class='ocr_par' dir='ltr' id='par_1_14' title="bbox 1224 1749 2160 1808">
     <span class='ocr_line' id='line_1_84' title="bbox 1224 1749 2160 1808; baseline 0.001 -11"><span class='ocrx_word' id='word_1_422' title='bbox 1224 1764 1263 1797; x_wconf 85' lang='lat' dir='ltr'>cti</span> <span class='ocrx_word' id='word_1_423' title='bbox 1285 1763 1413 1797; x_wconf 89' lang='lat' dir='ltr'>Ordinis</span> <span class='ocrx_word' id='word_1_424' title='bbox 1439 1763 1600 1805; x_wconf 83' lang='lat' dir='ltr'>fratribus,</span> <span class='ocrx_word' id='word_1_425' title='bbox 1624 1763 1854 1808; x_wconf 85' lang='lat' dir='ltr'>cuiuscumque</span> <span class='ocrx_word' id='word_1_426' title='bbox 1879 1774 1959 1798; x_wconf 87' lang='lat' dir='ltr'>con·</span> <span class='ocrx_word' id='word_1_427' title='bbox 1977 1749 2160 1798; x_wconf 50' lang='lat' dir='ltr'>‘lissssml&#39;l’ffi‘f</span> 
     </span>
    </p>
   </div>
   <div class='ocr_carea' id='block_1_13' title="bbox 1923 1803 2152 1825">
    <p class='ocr_par' dir='ltr' id='par_1_15' title="bbox 1923 1803 2152 1825">
     <span class='ocr_line' id='line_1_85' title="bbox 1923 1803 2152 1825; baseline 0.009 -2"><span class='ocrx_word' id='word_1_428' title='bbox 1923 1817 1929 1824; x_wconf 85' lang='lat'>.</span> <span class='ocrx_word' id='word_1_429' title='bbox 1978 1803 2040 1824; x_wconf 82' lang='lat' dir='ltr'>tionis</span> <span class='ocrx_word' id='word_1_430' title='bbox 2051 1803 2106 1824; x_wconf 76' lang='lat' dir='ltr'>latae</span> <span class='ocrx_word' id='word_1_431' title='bbox 2114 1808 2152 1825; x_wconf 74' lang='lat' dir='ltr'>son</span> 
     </span>
    </p>
   </div>
   <div class='ocr_carea' id='block_1_14' title="bbox 1972 716 2159 764">
    <p class='ocr_par' dir='ltr' id='par_1_16' title="bbox 1972 716 2159 764">
     <span class='ocr_line' id='line_1_86' title="bbox 1974 716 2159 744; baseline 0.011 -8"><span class='ocrx_word' id='word_1_432' title='bbox 1974 716 2052 738; x_wconf 77' lang='lat' dir='ltr'>tionem</span> <span class='ocrx_word' id='word_1_433' title='bbox 2079 721 2159 744; x_wconf 75' lang='lat' dir='ltr'>appro-</span> 
     </span>
     <span class='ocr_line' id='line_1_87' title="bbox 1972 743 2017 764; baseline -0.022 0"><span class='ocrx_word' id='word_1_434' title='bbox 1972 743 2017 764; x_wconf 75' lang='lat' dir='ltr'>bat.</span> 
     </span>
    </p>
   </div>
   <div class='ocr_carea' id='block_1_15' title="bbox 1206 1813 2162 1861">
    <p class='ocr_par' dir='ltr' id='par_1_17' title="bbox 1206 1813 2162 1861">
     <span class='ocr_line' id='line_1_88' title="bbox 1206 1813 2162 1861; baseline 0.001 -12"><span class='ocrx_word' id='word_1_435' title='bbox 1206 1816 1365 1858; x_wconf 73' lang='lat' dir='ltr'>ditionis,</span> <span class='ocrx_word' id='word_1_436' title='bbox 1389 1817 1506 1859; x_wconf 88' lang='lat' dir='ltr'>gradus</span> <span class='ocrx_word' id='word_1_437' title='bbox 1536 1823 1566 1850; x_wconf 90' lang='lat' dir='ltr'>et</span> <span class='ocrx_word' id='word_1_438' title='bbox 1590 1817 1863 1861; x_wconf 86' lang='lat' dir='ltr'>praeeminentiae</span> <span class='ocrx_word' id='word_1_439' title='bbox 1883 1813 2162 1854; x_wconf 63' lang='lat' dir='ltr'>exis-tenitaeaddmi</span> 
     </span>
    </p>
   </div>
   <div class='ocr_carea' id='block_1_16' title="bbox 1226 1855 2161 1935">
    <p class='ocr_par' dir='ltr' id='par_1_18' title="bbox 1226 1855 2161 1935">
     <span class='ocr_line' id='line_1_89' title="bbox 1226 1855 2161 1935; baseline 0 -32"><span class='ocrx_word' id='word_1_440' title='bbox 1226 1870 1375 1910; x_wconf 88' lang='lat' dir='ltr'>tentibus,</span> <span class='ocrx_word' id='word_1_441' title='bbox 1403 1870 1435 1903; x_wconf 91' lang='lat' dir='ltr'>in</span> <span class='ocrx_word' id='word_1_442' title='bbox 1463 1870 1580 1904; x_wconf 85' lang='lat' dir='ltr'>virtute</span> <span class='ocrx_word' id='word_1_443' title='bbox 1607 1876 1735 1904; x_wconf 85' lang='lat' dir='ltr'>sanctae</span> <span class='ocrx_word' id='word_1_444' title='bbox 1760 1870 1962 1904; x_wconf 88' lang='lat' dir='ltr'>obedientiae</span> <span class='ocrx_word' id='word_1_445' title='bbox 1975 1855 2161 1935; x_wconf 51' lang='grc' dir='ltr'>Ξὲῖῑέἒιξξέῗὲ</span> 
     </span>
    </p>
   </div>
   <div class='ocr_carea' id='block_1_17' title="bbox 1206 1923 2161 1968">
    <p class='ocr_par' dir='ltr' id='par_1_19' title="bbox 1206 1923 2161 1968">
     <span class='ocr_line' id='line_1_90' title="bbox 1206 1923 2161 1968; baseline 0 -12"><span class='ocrx_word' id='word_1_446' title='bbox 1206 1953 1207 1956; x_wconf 75' lang='grc'>,</span> <span class='ocrx_word' id='word_1_447' title='bbox 1225 1924 1367 1957; x_wconf 88' lang='lat' dir='ltr'>districte</span> <span class='ocrx_word' id='word_1_448' title='bbox 1388 1923 1616 1968; x_wconf 86' lang='lat' dir='ltr'>praecipiendo</span> <span class='ocrx_word' id='word_1_449' title='bbox 1638 1924 1838 1964; x_wconf 89' lang='lat' dir='ltr'>mandamus,</span> <span class='ocrx_word' id='word_1_450' title='bbox 1861 1934 1901 1957; x_wconf 92' lang='lat' dir='ltr'>ne</span> <span class='ocrx_word' id='word_1_451' title='bbox 1921 1924 1961 1958; x_wconf 85' lang='lat' dir='ltr'>ad</span> <span class='ocrx_word' id='word_1_452' title='bbox 1976 1936 2009 1957; x_wconf 71' lang='lat' dir='ltr'>voi</span> <span class='ocrx_word' id='word_1_453' title='bbox 2022 1935 2076 1960; x_wconf 69' lang='lat' dir='ltr'>ains,</span> <span class='ocrx_word' id='word_1_454' title='bbox 2089 1934 2118 1956; x_wconf 71' lang='lat' dir='ltr'>aci</span> <span class='ocrx_word' id='word_1_455' title='bbox 2130 1934 2161 1956; x_wconf 75' lang='grc' dir='ltr'>τι·</span> 
     </span>
    </p>
   </div>
   <div class='ocr_carea' id='block_1_18' title="bbox 1977 1961 2160 1983">
    <p class='ocr_par' dir='ltr' id='par_1_20' title="bbox 1977 1961 2160 1983">
     <span class='ocr_line' id='line_1_91' title="bbox 1977 1961 2160 1983; baseline -0.005 0"><span class='ocrx_word' id='word_1_456' title='bbox 1977 1967 2039 1983; x_wconf 75' lang='lat' dir='ltr'>vores</span> <span class='ocrx_word' id='word_1_457' title='bbox 2052 1961 2160 1983; x_wconf 79' lang='lat' dir='ltr'>huiusmo-</span> 
     </span>
    </p>
   </div>
   <div class='ocr_carea' id='block_1_19' title="bbox 1225 1977 2224 2022">
    <p class='ocr_par' dir='ltr' id='par_1_21' title="bbox 1225 1977 2224 2022">
     <span class='ocr_line' id='line_1_92' title="bbox 1225 1977 2224 2022; baseline -0.001 -12"><span class='ocrx_word' id='word_1_458' title='bbox 1225 1987 1504 2022; x_wconf 87' lang='lat' dir='ltr'>quarumcumque</span> <span class='ocrx_word' id='word_1_459' title='bbox 1524 1987 1756 2021; x_wconf 88' lang='lat' dir='ltr'>personarum,</span> <span class='ocrx_word' id='word_1_460' title='bbox 1781 1983 1842 2010; x_wconf 89' lang='lat' dir='ltr'>tam</span> <span class='ocrx_word' id='word_1_461' title='bbox 1863 1977 1961 2011; x_wconf 89' lang='lat' dir='ltr'>laica·</span> <span class='ocrx_word' id='word_1_462' title='bbox 1977 1989 2129 2010; x_wconf 64' lang='lat' dir='ltr'>dirce-imm.</span> <span class='ocrx_word' id='word_1_463' title='bbox 2169 2019 2171 2022; x_wconf 16' lang='grc' dir='ltr'><em>Α</em></span> <span class='ocrx_word' id='word_1_464' title='bbox 2222 1988 2224 1990; x_wconf 94' lang='grc'><em>·</em></span> 
     </span>
    </p>
   </div>
   <div class='ocr_carea' id='block_1_20' title="bbox 1225 2031 1964 2182">
    <p class='ocr_par' dir='ltr' id='par_1_22' title="bbox 1225 2031 1964 2182">
     <span class='ocr_line' id='line_1_93' title="bbox 1225 2031 1963 2076; baseline 0 -12"><span class='ocrx_word' id='word_1_465' title='bbox 1225 2043 1294 2065; x_wconf 87' lang='lat' dir='ltr'>rum</span> <span class='ocrx_word' id='word_1_466' title='bbox 1317 2043 1414 2076; x_wconf 89' lang='lat' dir='ltr'>quam</span> <span class='ocrx_word' id='word_1_467' title='bbox 1435 2031 1733 2072; x_wconf 82' lang='lat' dir='ltr'>ecclesiasticarum,</span> <span class='ocrx_word' id='word_1_468' title='bbox 1748 2036 1835 2064; x_wconf 83' lang='lat' dir='ltr'>extra</span> <span class='ocrx_word' id='word_1_469' title='bbox 1852 2041 1963 2075; x_wconf 87' lang='lat' dir='ltr'>supra-</span> 
     </span>
     <span class='ocr_line' id='line_1_94' title="bbox 1225 2085 1962 2126; baseline -0.003 -7"><span class='ocrx_word' id='word_1_470' title='bbox 1225 2086 1344 2119; x_wconf 88' lang='lat' dir='ltr'>dictum</span> <span class='ocrx_word' id='word_1_471' title='bbox 1378 2085 1530 2120; x_wconf 89' lang='lat' dir='ltr'>Ordinem</span> <span class='ocrx_word' id='word_1_472' title='bbox 1564 2085 1809 2119; x_wconf 85' lang='lat' dir='ltr'>constitutarum</span> <span class='ocrx_word' id='word_1_473' title='bbox 1825 2112 1832 2126; x_wconf 93' lang='lat'><em>‚</em></span> <span class='ocrx_word' id='word_1_474' title='bbox 1867 2085 1962 2118; x_wconf 88' lang='lat' dir='ltr'>etiam</span> 
     </span>
     <span class='ocr_line' id='line_1_95' title="bbox 1225 2139 1964 2182; baseline -0.003 -9"><span class='ocrx_word' id='word_1_475' title='bbox 1225 2139 1441 2173; x_wconf 88' lang='lat' dir='ltr'>cardinalatus</span> <span class='ocrx_word' id='word_1_476' title='bbox 1458 2139 1582 2172; x_wconf 88' lang='lat' dir='ltr'>honore</span> <span class='ocrx_word' id='word_1_477' title='bbox 1606 2149 1642 2172; x_wconf 85' lang='lat' dir='ltr'>ac</span> <span class='ocrx_word' id='word_1_478' title='bbox 1672 2148 1876 2182; x_wconf 87' lang='lat' dir='ltr'>quacumque</span> <span class='ocrx_word' id='word_1_479' title='bbox 1895 2149 1964 2172; x_wconf 88' lang='lat' dir='ltr'>sae-</span> 
     </span>
    </p>
   </div>
   <div class='ocr_carea' id='block_1_21' title="bbox 1206 2192 1964 2243">
    <p class='ocr_par' dir='ltr' id='par_1_23' title="bbox 1206 2192 1964 2243">
     <span class='ocr_line' id='line_1_96' title="bbox 1206 2192 1964 2243; baseline 0 -17"><span class='ocrx_word' id='word_1_480' title='bbox 1206 2193 1325 2243; x_wconf 50' lang='lat' dir='ltr'>¹culari</span> <span class='ocrx_word' id='word_1_481' title='bbox 1352 2193 1505 2235; x_wconf 79' lang='lat' dir='ltr'>dignitate</span> <span class='ocrx_word' id='word_1_482' title='bbox 1530 2199 1560 2226; x_wconf 89' lang='lat' dir='ltr'>et</span> <span class='ocrx_word' id='word_1_483' title='bbox 1585 2192 1771 2226; x_wconf 73' lang='lat' dir='ltr'>excellentia</span> <span class='ocrx_word' id='word_1_484' title='bbox 1789 2192 1884 2226; x_wconf 86' lang='lat' dir='ltr'>etiam</span> <span class='ocrx_word' id='word_1_485' title='bbox 1906 2192 1964 2226; x_wconf 89' lang='lat' dir='ltr'>du-</span> 
     </span>
    </p>
   </div>
   <div class='ocr_carea' id='block_1_22' title="bbox 1225 2245 1960 2290">
    <p class='ocr_par' dir='ltr' id='par_1_24' title="bbox 1225 2245 1960 2290">
     <span class='ocr_line' id='line_1_97' title="bbox 1225 2245 1960 2290; baseline -0.001 -10"><span class='ocrx_word' id='word_1_486' title='bbox 1225 2247 1296 2287; x_wconf 80' lang='lat' dir='ltr'>cali,</span> <span class='ocrx_word' id='word_1_487' title='bbox 1325 2246 1425 2289; x_wconf 81' lang='lat' dir='ltr'>regali</span> <span class='ocrx_word' id='word_1_488' title='bbox 1453 2252 1483 2279; x_wconf 90' lang='lat' dir='ltr'>et</span> <span class='ocrx_word' id='word_1_489' title='bbox 1512 2245 1668 2290; x_wconf 87' lang='lat' dir='ltr'>imperiali</span> <span class='ocrx_word' id='word_1_490' title='bbox 1694 2245 1884 2288; x_wconf 78' lang='lat' dir='ltr'>fulgentium</span> <span class='ocrx_word' id='word_1_491' title='bbox 1912 2245 1960 2279; x_wconf 86' lang='lat' dir='ltr'>sa-</span> 
     </span>
    </p>
   </div>
   <div class='ocr_carea' id='block_1_23' title="bbox 1206 2297 1962 2346">
    <p class='ocr_par' dir='ltr' id='par_1_25' title="bbox 1206 2297 1962 2346">
     <span class='ocr_line' id='line_1_98' title="bbox 1206 2297 1962 2346; baseline -0.003 -14"><span class='ocrx_word' id='word_1_492' title='bbox 1206 2335 1207 2346; x_wconf 25' lang='lat'>,</span> <span class='ocrx_word' id='word_1_493' title='bbox 1225 2309 1325 2340; x_wconf 72' lang='lat' dir='ltr'>rores,</span> <span class='ocrx_word' id='word_1_494' title='bbox 1341 2299 1380 2333; x_wconf 91' lang='lat' dir='ltr'>ad</span> <span class='ocrx_word' id='word_1_495' title='bbox 1394 2299 1541 2332; x_wconf 79' lang='lat' dir='ltr'>effectum</span> <span class='ocrx_word' id='word_1_496' title='bbox 1557 2298 1774 2342; x_wconf 87' lang='lat' dir='ltr'>consequendi</span> <span class='ocrx_word' id='word_1_497' title='bbox 1789 2297 1907 2331; x_wconf 88' lang='lat' dir='ltr'>dictum</span> <span class='ocrx_word' id='word_1_498' title='bbox 1921 2298 1962 2331; x_wconf 88' lang='lat' dir='ltr'>os-</span> 
     </span>
    </p>
   </div>
   <div class='ocr_carea' id='block_1_24' title="bbox 1224 2350 1962 2446">
    <p class='ocr_par' dir='ltr' id='par_1_26' title="bbox 1224 2350 1962 2446">
     <span class='ocr_line' id='line_1_99' title="bbox 1226 2350 1962 2395; baseline -0.001 -11"><span class='ocrx_word' id='word_1_499' title='bbox 1226 2352 1333 2386; x_wconf 81' lang='lat' dir='ltr'>ficium</span> <span class='ocrx_word' id='word_1_500' title='bbox 1349 2351 1491 2394; x_wconf 83' lang='lat' dir='ltr'>magistri</span> <span class='ocrx_word' id='word_1_501' title='bbox 1510 2351 1678 2395; x_wconf 85' lang='lat' dir='ltr'>generalis,</span> <span class='ocrx_word' id='word_1_502' title='bbox 1688 2361 1747 2395; x_wconf 86' lang='lat' dir='ltr'>pro</span> <span class='ocrx_word' id='word_1_503' title='bbox 1762 2361 1794 2384; x_wconf 90' lang='lat' dir='ltr'>se</span> <span class='ocrx_word' id='word_1_504' title='bbox 1812 2351 1859 2383; x_wconf 83' lang='lat' dir='ltr'>vel</span> <span class='ocrx_word' id='word_1_505' title='bbox 1882 2350 1962 2391; x_wconf 89' lang='lat' dir='ltr'>aliis,</span> 
     </span>
     <span class='ocr_line' id='line_1_100' title="bbox 1224 2402 1962 2446; baseline -0.005 -7"><span class='ocrx_word' id='word_1_506' title='bbox 1224 2411 1408 2445; x_wconf 87' lang='lat' dir='ltr'>recurrant,</span> <span class='ocrx_word' id='word_1_507' title='bbox 1432 2405 1479 2439; x_wconf 82' lang='lat' dir='ltr'>vel</span> <span class='ocrx_word' id='word_1_508' title='bbox 1506 2404 1574 2438; x_wconf 86' lang='lat' dir='ltr'>aliis</span> <span class='ocrx_word' id='word_1_509' title='bbox 1600 2404 1704 2437; x_wconf 91' lang='lat' dir='ltr'>minus</span> <span class='ocrx_word' id='word_1_510' title='bbox 1730 2402 1880 2446; x_wconf 87' lang='lat' dir='ltr'>legitimis</span> <span class='ocrx_word' id='word_1_511' title='bbox 1905 2403 1962 2436; x_wconf 78' lang='lat' dir='ltr'>viis</span> 
     </span>
    </p>
   </div>
   <div class='ocr_carea' id='block_1_25' title="bbox 1206 2450 1961 2502">
    <p class='ocr_par' dir='ltr' id='par_1_27' title="bbox 1206 2450 1961 2502">
     <span class='ocr_line' id='line_1_101' title="bbox 1206 2450 1961 2502; baseline -0.005 -9"><span class='ocrx_word' id='word_1_512' title='bbox 1206 2450 1207 2459; x_wconf 44' lang='lat'>¹</span> <span class='ocrx_word' id='word_1_513' title='bbox 1225 2466 1254 2493; x_wconf 92' lang='lat' dir='ltr'>et</span> <span class='ocrx_word' id='word_1_514' title='bbox 1273 2459 1376 2493; x_wconf 91' lang='lat' dir='ltr'>modis</span> <span class='ocrx_word' id='word_1_515' title='bbox 1391 2458 1468 2492; x_wconf 91' lang='lat' dir='ltr'>illud</span> <span class='ocrx_word' id='word_1_516' title='bbox 1482 2458 1628 2492; x_wconf 90' lang='lat' dir='ltr'>obtinere</span> <span class='ocrx_word' id='word_1_517' title='bbox 1643 2456 1792 2502; x_wconf 79' lang='lat' dir='ltr'>queant⁸3</span> <span class='ocrx_word' id='word_1_518' title='bbox 1808 2456 1888 2497; x_wconf 87' lang='lat' dir='ltr'>hos⁴‚</span> <span class='ocrx_word' id='word_1_519' title='bbox 1906 2457 1961 2502; x_wconf 90' lang='lat' dir='ltr'>qui</span> 
     </span>
    </p>
   </div>
   <div class='ocr_carea' id='block_1_26' title="bbox 1258 2546 1960 2627">
    <p class='ocr_par' dir='ltr' id='par_1_28' title="bbox 1258 2546 1960 2627">
     <span class='ocr_line' id='line_1_102' title="bbox 1260 2546 1960 2582; baseline -0.001 -8"><span class='ocrx_word' id='word_1_520' title='bbox 1260 2549 1270 2575; x_wconf 87' lang='grc'>1</span> <span class='ocrx_word' id='word_1_521' title='bbox 1296 2547 1451 2574; x_wconf 87' lang='lat' dir='ltr'>VideClem.</span> <span class='ocrx_word' id='word_1_522' title='bbox 1465 2547 1525 2574; x_wconf 92' lang='lat' dir='ltr'>Vlll</span> <span class='ocrx_word' id='word_1_523' title='bbox 1537 2547 1650 2574; x_wconf 83' lang='lat' dir='ltr'>Constit.</span> <span class='ocrx_word' id='word_1_524' title='bbox 1662 2553 1697 2573; x_wconf 87' lang='lat' dir='ltr'>xx</span> <span class='ocrx_word' id='word_1_525' title='bbox 1714 2549 1732 2573; x_wconf 88' lang='lat' dir='ltr'>t.</span> <span class='ocrx_word' id='word_1_526' title='bbox 1744 2553 1770 2573; x_wconf 81' lang='lat' dir='ltr'>ix</span> <span class='ocrx_word' id='word_1_527' title='bbox 1786 2554 1811 2581; x_wconf 87' lang='lat' dir='ltr'>p.</span> <span class='ocrx_word' id='word_1_528' title='bbox 1822 2546 1869 2574; x_wconf 86' lang='grc'>561</span> <span class='ocrx_word' id='word_1_529' title='bbox 1881 2547 1960 2582; x_wconf 62' lang='lat' dir='ltr'>(ns).</span> 
     </span>
     <span class='ocr_line' id='line_1_103' title="bbox 1258 2591 1959 2627; baseline -0.003 -8"><span class='ocrx_word' id='word_1_530' title='bbox 1258 2592 1275 2619; x_wconf 68' lang='lat'>2</span> <span class='ocrx_word' id='word_1_531' title='bbox 1294 2592 1393 2627; x_wconf 84' lang='lat' dir='ltr'>Aptius</span> <span class='ocrx_word' id='word_1_532' title='bbox 1413 2591 1636 2625; x_wconf 36' lang='lat' dir='ltr'>tege-seriem...</span> <span class='ocrx_word' id='word_1_533' title='bbox 1655 2598 1710 2624; x_wconf 82' lang='lat' dir='ltr'>pro</span> <span class='ocrx_word' id='word_1_534' title='bbox 1725 2591 1959 2625; x_wconf 52' lang='lat' dir='ltr'>eoepresscifflsr.)</span> 
     </span>
    </p>
   </div>
   <div class='ocr_carea' id='block_1_27' title="bbox 1206 2631 1863 2671">
    <p class='ocr_par' dir='ltr' id='par_1_29' title="bbox 1206 2631 1863 2671">
     <span class='ocr_line' id='line_1_104' title="bbox 1206 2631 1863 2671; baseline -0.003 -7"><span class='ocrx_word' id='word_1_535' title='bbox 1206 2631 1207 2646; x_wconf 63' lang='lat'>¹</span> <span class='ocrx_word' id='word_1_536' title='bbox 1260 2637 1275 2664; x_wconf 88' lang='lat'>3</span> <span class='ocrx_word' id='word_1_537' title='bbox 1296 2636 1420 2664; x_wconf 85' lang='lat' dir='ltr'>Fortasse</span> <span class='ocrx_word' id='word_1_538' title='bbox 1439 2634 1582 2671; x_wconf 83' lang='lat' dir='ltr'>legendum</span> <span class='ocrx_word' id='word_1_539' title='bbox 1602 2637 1745 2670; x_wconf 76' lang='lat' dir='ltr'>quaerant</span> <span class='ocrx_word' id='word_1_540' title='bbox 1760 2634 1802 2670; x_wconf 77' lang='lat' dir='ltr'>(R.</span> <span class='ocrx_word' id='word_1_541' title='bbox 1814 2635 1863 2670; x_wconf 79' lang='lat' dir='ltr'>T.).</span> 
     </span>
    </p>
   </div>
   <div class='ocr_carea' id='block_1_28' title="bbox 1260 2678 1771 2717">
    <p class='ocr_par' dir='ltr' id='par_1_30' title="bbox 1260 2678 1771 2717">
     <span class='ocr_line' id='line_1_105' title="bbox 1260 2678 1771 2717; baseline -0.002 -10"><span class='ocrx_word' id='word_1_542' title='bbox 1260 2681 1276 2707; x_wconf 78' lang='lat'>4</span> <span class='ocrx_word' id='word_1_543' title='bbox 1294 2681 1393 2717; x_wconf 75' lang='lat' dir='ltr'>AptIus</span> <span class='ocrx_word' id='word_1_544' title='bbox 1412 2680 1553 2715; x_wconf 82' lang='lat' dir='ltr'>legeretur</span> <span class='ocrx_word' id='word_1_545' title='bbox 1567 2683 1592 2709; x_wconf 78' lang='lat' dir='ltr'>et</span> <span class='ocrx_word' id='word_1_546' title='bbox 1607 2687 1652 2707; x_wconf 74' lang='lat' dir='ltr'>eos</span> <span class='ocrx_word' id='word_1_547' title='bbox 1666 2679 1706 2714; x_wconf 76' lang='lat' dir='ltr'>(n.</span> <span class='ocrx_word' id='word_1_548' title='bbox 1722 2678 1771 2713; x_wconf 87' lang='grc' dir='ltr'>τ.).</span> 
     </span>
    </p>
   </div>
   <div class='ocr_carea' id='block_1_29' title="bbox 2161 0 2227 3241">
    <p class='ocr_par' dir='ltr' id='par_1_31' title="bbox 2161 0 2227 3241">
     <span class='ocr_line' id='line_1_106' title="bbox 2161 0 2227 3241; baseline 0 0"><span class='ocrx_word' id='word_1_549' title='bbox 2161 0 2227 3241; x_wconf 95' lang='lat' dir='ltr'> </span> 
     </span>
    </p>
   </div>
  </div>
 </body>
</html>
