2227 3241
484 301 547 335 714
1014 302 1197 328 3311113133
1223 301 1374 327 sommum

442 358 547 394 XCIII.
574 356 824 400 Archiepiseopo
849 351 1039 388 Granatensi
1058 360 1174 385 conce·
1301 355 1456 394 perpetuo
1469 353 1592 393 spectet
1611 350 1650 383 ad
1670 349 1840 384 monachos
1855 349 1946 384 dum-

529 412 614 446 ditur
639 409 771 444 facultas
792 406 931 451 cogendi
954 406 1048 440 etiam
1071 404 1177 448 Regu·
1302 406 1388 437 taxat
1411 402 1676 447 Congregationis
1700 402 1814 437 beatae
1832 402 1949 437 Mariae

528 465 612 499 lares
637 464 801 506 exemptos
818 460 858 495 ad
875 457 1177 494 servandadecreta
1302 457 1459 491 Fuliensis
1483 458 1514 490 in
1539 455 1623 490 Urbe
1648 456 1868 490 Cisterciensis
1890 454 1950 491 Or-

529 526 585 552 sua
610 516 650 550 de
675 516 789 559 tapetis
814 517 845 548 et
869 511 1090 558 pulvinaribus
1121 521 1178 555 pro
1302 511 1385 545 dinis
1405 511 1506 544 533011
1522 509 1698 552 Benedicti,
1714 510 1787 544 473.

531 567 718 605 mulieribus
742 569 774 602 13
799 566 945 601 ecclesiis
969 575 1031 600 non
1055 574 1178 610 301103-
1213 566 1244 602 C.
1262 565 1432 600 Revocatio
1450 565 1642 608 provisionis
1663 564 1764 598 factae
1781 563 1821 598 de
1837 562 1952 597 baiuli-

529 623 593 666 dis,
618 631 678 656 nec
707 620 840 656 sedibus
864 621 989 665 quoties
1021 620 1181 654 sanctissi-
1303 619 1377 651 vatu
1408 616 1617 660 Turcopilerii
1649 626 1720 650 cum
1753 615 1834 650 nova
1866 615 1951 650 illius

529 686 616 711 mum
634 674 852 710 Eucharistiae
869 674 1108 707 Sacramentum
1125 682 1180 706 ex·
1303 672 1419 705 unione
1451 669 1635 714 magisterio
1663 670 1828 715 hospitalis
1852 672 1952 705 sancti
2002 662 2005 663 ⁷

530 731 668 776 positum
690 732 748 770 est,
774 728 847 762 459.
1304 724 1429 758 Ioannis
1454 723 1743 767 Hierosolymitani,
1768 723 1871 757 donec
1896 733 1953 757 re—

441 783 545 820 XCIV.
571 783 782 819 Committitur
799 781 961 815 collectori
975 779 1117 824 generali
1132 790 1182 814 re·
1304 788 1402 823 gnum
1416 777 1551 821 Angliae
1568 778 1607 812 ad
1625 777 1838 812 obedientiam
1861 777 1953 811 Sedis

529 839 584 882 gni
608 835 819 880 Portugalliae
851 838 882 868 et
901 832 1126 877 Algarbiorum
1150 836 1183 867 ut
1307 831 1507 875 Apostolicae
1524 835 1711 874 revertatur,
1729 831 1802 865 475.

532 893 728 926 visitatorem
752 889 935 924 Militiarum
960 889 1061 921 sancti
1076 885 1183 920 Iacchi
1217 886 1264 920 CI.
1290 885 1434 920 Facultas
1460 885 1724 919 christianissimo
1756 885 1824 928 regi
1859 884 1955 918 Fran-

531 945 614 980 etde
631 943 709 978 Avis
724 942 866 986 deputet,
881 950 897 975 a
912 942 1002 975 cuius
1016 941 1182 974 sententiis
1306 941 1385 981 ciae‚
1410 944 1565 983 perpetuo
1582 938 1826 973 administratori
1844 938 1956 972 1311113-

531 996 685 1043 appellari
699 1006 760 1030 non
778 996 886 1041 possit,
907 1003 968 1028 non
985 992 1184 1027 obstantibus
1305 995 1349 1027 ris
1374 991 1505 1028 Ordinis
1529 993 1635 1026 Sancti
1660 993 1816 1036 Spiritus,
1841 994 1956 1025 statuta

531 1054 655 1088 statutis
673 1051 828 1086 (1101311130
852 1049 1048 1090 Mindarum,
1074 1048 1147 1081 460.
1308 1058 1364 1091 pro
1388 1046 1474 1081 illius
1501 1056 1654 1090 prospero
1671 1046 1829 1090 regimme
1846 1054 1958 1079 neces-

443 1107 536 1144 XCV.
561 1107 688 1142 Gratiae
709 1108 740 1139 et
755 1103 876 1138 indulta
897 1103 1028 1136 fratrum
1053 1099 1184 1135 Ordinis
1307 1102 1391 1135 saria
1404 1106 1436 1134 et
1453 1099 1540 1134 utilia
1557 1099 1685 1141 edendi,
1710 1099 1957 1143 corrigendique

532 1160 753 1196 sanctissimae
770 1157 930 1191 Trinitatis
945 1154 1185 1197 Redemptionis
1307 1160 1339 1188 et
1354 1152 1554 1195 immutandi,
1574 1153 1647 1186 477.

533 1214 748 1258 Captivorum,
762 1210 801 1244 ad
814 1213 918 1254 partes
934 1207 1112 1242 infidelium
1129 1217 1186 1251 pro
1219 1208 1281 1243 CII.
1308 1207 1486 1242 Facultates
1512 1205 1666 1240 cardinali
1690 1205 1801 1239 Ioanni
1825 1203 1958 1238 Garziae

536 1266 620 1302 dicta
635 1265 856 1309 redemptione
867 1273 901 1297 se
915 1262 1184 1303 transferentium,
1307 1260 1427 1296 Millino
1453 1260 1544 1294 Sedis
1562 1258 1765 1302 Apostolicae
1782 1259 1814 1292 in
1828 1257 1958 1292 Germa-

534 1323 565 1355 in
582 1320 722 1354 favorem
738 1320 878 1362 ipsorum
893 1317 1186 1359 captivorum‚nec-
1308 1317 1393 1349 niam
1427 1319 1458 1347 et
1487 1313 1686 1356 Hungariam
1709 1312 1815 1356 legato
1839 1321 1958 1346 conce-

536 1384 597 1409 non
609 1373 740 1408 aliorum
751 1370 1007 1406 christifidelium
1019 1371 1114 1404 etiam
1124 1379 1185 1403 non
1309 1369 1436 1410 duntur,
1462 1367 1535 1401 477.

535 1430 734 1472 captivorum
751 1425 795 1460 ibi
813 1426 1030 1465 existendum,
1049 1424 1123 1457 461.
1221 1424 1316 1459 CII.bis
1341 1423 1511 1457 Concessio
1531 1420 1687 1455 ecclesiae
1708 1420 1824 1454 Beatae
1843 1420 1961 1454 Mariae

447 1481 552 1518 XCVI.
579 1480 672 1524 Quod
689 1489 747 1514 rex
767 1479 920 1513 Franciae
939 1480 1114 1522 perpetuus
1133 1476 1206 1510 ad—«
1309 1477 1349 1511 de
1373 1474 1509 1517 Catena,
1535 1475 1566 1507 in
1591 1475 1720 1508 civitate
1741 1473 1960 1508 Panormitam}

535 1537 730 1571 ministrator
754 1532 900 1568 Militaris
925 1530 1057 1566 Ordinis
1087 1531 1188 1565 sancti
1312 1533 1495 1572 existentis,
1522 1529 1673 1564 fratribus
1689 1527 1821 1564 Ordinis
1839 1528 1960 1564 Eremi-

536 1590 673 1634 Spiritus
699 1589 795 1623 etiam
813 1590 941 1621 exteros
958 1585 1132 1621 catholicos
1148 1585 1187 1619 ad
1312 1591 1413 1621 131331
1443 1586 1544 1619 533011
1576 1583 1746 1626 Augustini
1773 1581 1959 1616 Discalcea-

536 1645 682 1678 militiam
714 1642 882 1677 admittere
918 1641 1026 1683 possit.
1058 1638 1097 1673 Et
1126 1642 1188 1672 tam
1311 1643 1413 1674 torum
1431 1637 1695 1681 Congregationis
1712 1635 1851 1678 Siciliae,
1870 1635 1943 1669 487.

536 1700 616 1744 ipse,
634 1705 730 1742 quam
746 1695 800 1729 alii
821 1693 964 1728 eiusdem
983 1692 1114 1726 militiae
1130 1693 1189 1725 mi·
1355 1692 1505 1736 Sequitur
1521 1691 1614 1724 vivae
1631 1690 1717 1723 vocis
1730 1688 1895 1723 oraculum
1908 1688 1962 1723 da-

536 1750 608 1785 11105
619 1751 854 1783 sacramentum
869 1746 1089 1780 Eucharistiae
1107 1745 1208 1779 infra'
1312 1751 1376 1781 tum
1402 1743 1555 1779 cardinali
1579 1742 1686 1777 Saulio
1718 1744 1891 1786 protectori
1920 1742 1962 1777 ab

536 1808 681 1839 octavam
707 1806 780 1836 ante
804 1799 988 1845 generalem
1012 1808 1189 1842 congrega·
1312 1799 1425 1833 eodem
1448 1797 1546 1831 Paulo
1566 1796 1591 1830 V
1608 1805 1704 1840 super
1728 1797 1844 1830 unione
1867 1799 1963 1841 atque

536 1860 666 1899 tionem,
685 1860 717 1891 et
732 1857 781 1890 sui
803 1854 1034 1889 admissionem
1061 1861 1189 1886 sumere
1311 1852 1567 1896 incorporatione
1589 1850 1879 1894 Congregationum
1902 1848 1963 1884 Ita—

537 1911 686 1952 debeant,
711 1909 785 1944 463.
1206 1910 1211 1940 l
1313 1906 1374 1941 liae
1391 1909 1422 1939 et
1438 1904 1577 1945 Siciliae,
1601 1904 1675 1938 489.

447 1965 562 2003 XCVII.
575 1965 701 2000 Erectio
715 1962 846 1999 Ordinis
859 1961 1002 1996 Militaris
1016 1959 1075 1994 sub
1090 1959 1190 2002 111310,
1357 1959 1509 2004 Sequitur
1532 1957 1618 1992 aliud
1643 1958 1736 1992 vivae
1752 1957 1840 1991 vocis
1858 1965 1965 1991 oracu-

537 2018 648 2054 habitu
673 2020 704 2052 et
729 2015 841 2060 regula
858 2015 970 2049 beatae
986 2013 1104 2048 Mariae
1122 2012 1191 2047 Vir·
1313 2014 1379 2048 lum
1413 2021 1511 2057 super
1544 2012 1663 2044 unione
1694 2010 1964 2044 confirmatorium

537 2073 622 2118 ginis
647 2071 687 2105 de
711 2070 816 2104 Monte
841 2067 1004 2109 Carmelo,
1029 2068 1062 2101 in
1090 2064 1191 2101 Gallia
1314 2067 1410 2112 primi
1440 2075 1514 2100 cum
1551 2063 1777 2109 supplemento
1799 2072 1957 2108 quorum-

539 2126 579 2162 ab
603 2126 743 2161 Henrioo
767 2123 809 2158 IV
834 2123 1029 2158 Francorum
1047 2131 1126 2166 rege
1151 2130 1191 2155 ex
1314 2130 1451 2166 cumque
1477 2120 1676 2160 defectuum,
1701 2119 1728 2152 si
1752 2118 1807 2162 qui
1827 2117 1965 2162 desuper

537 2179 630 2216 bonis
654 2179 721 2214 suis
745 2187 834 2212 mere
855 2175 1021 2211 laicalibus
1038 2175 1190 2215 instituti;
1313 2174 1555 2216 intervenerint,
1581 2173 1654 2207 490.

539 2242 663 2269 necnon
674 2231 907 2267 ordinationum
917 2230 1191 2274 praescriptiopro
1221 2266 1231 2273 ,
1359 2227 1605 2273 Subsequuntur
1632 2226 1797 2260 decretum
1822 2234 1860 2260 ac
1883 2224 1965 2260 11110-

540 2288 673 2324 feliciori
697 2287 856 2330 regimine
881 2284 1025 2319 eiusdem
1050 2282 1191 2324 Ordinis,
1313 2292 1378 2325 rae,
1393 2280 1510 2327 quibus
1526 2279 1713 2314 conceditur
1728 2277 1861 2313 facultas
1871 2278 1965 2313 dictis

541 2342 615 2378 465.
1315 2335 1466 2371 fratribus
1490 2335 1522 2369 in
1547 2332 1695 2368 domibus
1720 2333 1821 2367 sancti
1845 2330 1967 2366 Nicolai

587 2395 771 2441 Sequuntur
805 2392 986 2437 pontificiae
1014 2390 1189 2426 ordinatio·
1316 2399 1352 2424 ac
1377 2389 1480 2424 sancti
1504 2386 1652 2431 Gregorii
1673 2386 1966 2420 Panormitauensis

541 2458 610 2491 nes,
627 2448 668 2483 de
684 2447 802 2494 quibus
822 2447 854 2480 in
872 2444 1010 2487 rubrica,
1032 2444 1104 2478 468.
1210 2440 1212 2464 ³
1316 2446 1389 2477 ante
1413 2442 1530 2477 dictam
1547 2442 1698 2475 unionem
1715 2440 1865 2484 professis
1884 2442 1966 2473 tran-

454 2502 587 2539 XCVIII.
620 2502 785 2536 Innovatio
818 2504 911 2534 131130
943 2498 991 2533 Ρ11
1021 2498 1125 2542 Papae
1154 2496 1194 2531 IV
1315 2495 1482 2531 seundiad
1502 2494 1580 2529 alias
1604 2493 1716 2528 domos
1740 2491 1967 2527 conventuales

543 2554 720 2591 servandae
754 2554 785 2588 in
825 2552 939 2587 officiis
976 2549 1195 2585 criminalibus
1317 2554 1406 2585 extra
1431 2549 1551 2584 dictum
1577 2557 1711 2592 regnum
1744 2555 1802 2591 per
1827 2546 1965 2590 priorem

544 2609 638 2644 Urbis
660 2618 731 2642 cum
750 2615 830 2641 nova
848 2605 1072 2646 declaratione,
1099 2604 1171 2638 470.
1317 2603 1500 2648 generalem
1532 2600 1743 2645 assignandas
1785 2600 1868 2633 infra
1908 2609 1965 2633 sex

457 2662 560 2698 xfflx.
587 2661 678 2704 Quod
703 2670 830 2696 sacrum
855 2669 953 2704 opus,
985 2656 1138 2702 aqnusclei
1162 2657 1195 2691 in
1317 2665 1444 2692 menses
1473 2665 1490 2689 a
1527 2653 1636 2689 notitia
1661 2654 1878 2698 praesentium
1902 2652 1965 2686 de-

547 2716 619 2751 ceta
629 2714 786 2761 signandi,
804 2717 835 2750 et
858 2714 990 2749 fractum
1008 2710 1194 2753 renovandi,
1317 2708 1504 2749 currendos,
1532 2707 1605 2743 491.
