2227 3241
34 273 85 300 An.
97 272 126 300 C.
148 271 217 300 1608

64 654 184 676 Exordium.

50 973 164 999 Gregorius
176 973 223 994 Xlll

37 1000 92 1021 hunc
119 1001 223 1021 luaint'ua-

37 1029 80 1047 tum
100 1027 222 1053 magisterio

36 1054 110 1074 univit.

50 1453 128 1473 Paulus
143 1453 157 1474 v
167 1453 222 1474 lianc

36 1480 135 1500 unionem
146 1480 221 1501 dissol-

38 1508 96 1533 verat
106 1514 110 1530 ;

91 1826 118 1846 Et
135 1825 223 1846 Franci-

38 1857 76 1873 seo
98 1853 178 1878 Spinay
193 1852 223 1872 di-

36 1881 93 1899 ctum
117 1879 223 1899 baiuliva-

38 1907 81 1926 tum
89 1906 215 1927 contulerat.

54 2306 82 2326 Ac
90 2305 166 2326 deinde
175 2312 223 2327 snas

39 2332 121 2353 litteras
136 2339 223 2359 suspen-

40 2358 108 2380 derat.

791 200 818 221 δ

882 273 1001 298 PAULUS
1020 273 1039 297 V
1059 274 1098 297 PP
1105 290 1110 296 .

278 320 585 364 Hierosolymitam·,
613 321 711 354 donec
740 330 878 365 requam
902 321 975 355 An-

279 373 367 417 yliae
379 373 422 407 ad
439 374 656 407 obedientiam
668 373 758 408 Sedis
771 375 798 407 A
802 374 978 418 postolicae

279 432 461 461 revertatur
471 427 490 461 ¹.

477 509 587 535 Paulus
608 508 687 542 Papa
706 508 738 539 V,

358 561 395 588 ad
414 565 590 596 perpetuam
609 561 654 588 rei
670 560 854 588 memoriam.

279 642 483 686 Apostolicae
503 641 593 675 Sedis
614 640 814 685 providentia
835 640 976 673 eircum-

235 701 353 738 specta‚
363 705 574 739 personarum
584 694 742 737 Religioni
753 693 978 727 adstrictarum

236 748 337 792 quieti
357 749 538 792 invigilans,
559 758 806 792 nonnumquam
825 747 980 791 disposita

237 808 350 843 mutat,
371 808 403 836 et
427 813 578 836 concessa
602 808 742 843 revocat,
764 807 860 845 prout
886 812 921 835 ex
946 811 980 834 re

237 856 304 901 ipsa
328 857 486 901 conspicit
510 857 683 891 salubriter
708 856 740 889 in
764 856 902 889 Domino
928 866 980 889 ex-

236 908 358 952 pedire.

282 963 298 1004 ξ
316 962 347 994 1..
371 962 456 995 Alias
476 962 635 1006 siquidem
660 962 760 996 selieis
780 962 979 996 reeordatio-

238 1014 287 1048 nis
306 1014 482 1057 Gregorius
502 1016 587 1059 Papa
602 1016 666 1049 Xlll
686 1015 980 1060 praedeeessorno-

237 1073 304 1102 ster
334 1068 542 1102 baiulivatum
568 1069 780 1113 Tureopilerii
814 1068 980 1112 hospitalis

237 1123 339 1156 saneti
359 1123 486 1156 Ioannis
499 1122 794 1167 Ilierosolymitanh
811 1123 866 1166 qui
885 1128 977 1166 eaput

236 1176 378 1219 Linguae
395 1177 590 1219 Anglicanae
615 1177 856 1220 existit‚quovis
883 1176 979 1210 modo

236 1236 401 1264 vacantem
426 1230 610 1272 magisterio
632 1230 706 1263 dieti
725 1230 902 1273 hospitalis,
924 1230 980 1262 do-

235 1294 295 1317 nec
306 1295 442 1327 regnum
461 1284 592 1326 Angliae
605 1284 645 1317 ad
658 1283 873 1317 obedientiam
890 1283 980 1316 Sedis

235 1337 437 1381 Apostolieae
459 1338 626 1371 reductum
649 1338 741 1377 soret,
762 1336 863 1370 univit
880 1343 908 1370 et
931 1336 979 1369 in-

236 1391 431 1435 corporavit.

282 1446 299 1486 g
320 1444 350 1477 Ξ).
368 1446 412 1478 Ae
427 1445 634 1489 postmodum
650 1454 718 1485 nos,
739 1444 833 1478 certis
850 1444 889 1477 de
903 1454 979 1477 eau-

236 1498 279 1532 sis
310 1498 454 1532 animum
486 1504 632 1532 nostrum
664 1505 738 1531 tune
764 1498 975 1535 moventibus,

238 1552 391 1585 unionem
417 1559 447 1586 et
472 1552 769 1596 incorporationem
792 1552 977 1585 huiusmodi

238 1605 445 1639 dissolventes
454 1605 879 1649 baiulivatumTurcopilerii
892 1616 979 1649 prae-

237 1659 359 1692 dictum
381 1669 452 1692 cum
480 1661 595 1701 magna
619 1659 720 1693 Cruee
735 1686 742 1697 ‚
766 1670 803 1691 ae
828 1659 978 1691 omnibus

238 1718 268 1745 et
281 1713 415 1755 singulis
427 1713 495 1747 eius
509 1713 686 1746 honoribus
713 1718 743 1746 et
755 1713 974 1753 dignitatibus,

238 1766 373 1810 aliisque
404 1767 606 1810 pertinentiis
637 1767 724 1805 suis,
757 1767 874 1799 dilecto
912 1766 977 1799 lilio

238 1820 408 1854 Franciseo
428 1821 468 1854 de
488 1821 616 1865 Spinay,
640 1821 717 1854 alias
738 1821 891 1854 Saulueas
910 1822 975 1853 l'ra-

239 1874 278 1907 tri
300 1874 391 1908 militi
410 1875 486 1908 dieti
508 1875 683 1918 hospitalis,
705 1876 848 1908 nondum
872 1881 976 1908 tamen

237 1928 382 1971 professo
411 1929 527 1972 (quem
561 1929 767 1962 charissimus
794 1929 824 1961 in
855 1929 978 1962 Christo

237 1981 322 2015 filius
340 1988 449 2016 noster
468 1983 624 2016 Henrieus
645 1983 842 2016 Francorum
870 1989 895 2016 et
920 1983 979 2016 Na-

237 2046 348 2069 varrae
361 2046 414 2069 rex
427 2036 710 2069 christianissimus
725 2036 817 2069 nobis
831 2048 888 2080 per
907 2047 979 2069 suas

238 2089 360 2123 litteras
388 2090 563 2133 plurimum
597 2091 904 2132 commendaverat)
942 2100 977 2123 ex

238 2148 332 2182 tune,
358 2149 454 2187 prout
489 2154 525 2177 ex
563 2154 600 2177 eo
634 2150 778 2187 tempore
809 2149 978 2187 postquam

238 2196 468 2239 professionem
496 2196 693 2239 praedictam
713 2196 882 2235 emisisset,
904 2206 979 2229 eon-

240 2249 371 2282 tulimus
391 2255 421 2282 et
441 2249 480 2281 de
502 2249 555 2281 illo
573 2249 781 2292 providimus.

283 2304 299 2343 ξ
320 2301 349 2334 3,
371 2302 490 2335 Deinde
517 2312 602 2341 vero,
617 2302 779 2336 nonnullis
806 2303 980 2336 rationabi-

239 2355 322 2388 libus
349 2355 452 2388 causis
481 2356 626 2389 animum
656 2362 800 2389 nostrum
833 2356 980 2389 similiter

239 2409 440 2442 moventibus
461 2409 603 2447 adducti,
628 2410 747 2442 litteras
773 2416 897 2443 nostras
925 2420 978 2443 ea-

237 2472 375 2506 rumque
397 2463 457 2495 vim
479 2469 510 2496 et
531 2463 677 2496 ess’eetum
707 2464 746 2496 ad
775 2470 919 2496 nostrum
949 2470 979 2497 et

238 2515 328 2549 Sedis
353 2516 555 2560 Apostolieae
582 2517 818 2560 beneplacitum
846 2528 978 2560 suspen-

239 2568 354 2602 dimus:
376 2575 470 2613 prout
492 2570 522 2602 in
540 2570 614 2603 dicti
628 2570 772 2612 Gregorii
791 2571 978 2613 praedeees-

279 2685 287 2709 l
312 2683 349 2710 Ex
370 2683 474 2718 aegest.
494 2685 519 2710 in
539 2686 638 2713 Secret-
660 2685 735 2712 h'rev.

1012 321 1103 362 soris,
1122 326 1152 354 et
1168 320 1285 354 nostris
1306 321 1444 365 desuper
1464 319 1616 354 confectis
1635 319 1752 354 litteris

1012 374 1138 417 plenius
1159 375 1342 407 continetur
1354 374 1374 407 ¹.

1056 427 1121 469 §4-
1143 428 1222 461 Cum
1244 434 1364 468 autern,
1393 428 1474 461 sicut
1497 427 1592 461 nobis
1617 427 1680 461 fide
1701 427 1752 461 di-

1012 491 1150 523 gnorum
1162 481 1316 515 relatione
1326 482 1476 522 constitit,
1492 482 1531 515 ad
1546 481 1755 525 tranquillum

1013 539 1132 567 statum
1153 540 1184 567 et
1205 534 1413 567 concordiam
1432 534 1609 577 Religionis
1627 534 1755 578 praedi-

1013 587 1054 619 eti
1068 587 1235 630 hospitalis
1247 587 1385 621 maxime
1403 588 1538 628 intersit,
1556 588 1755 632 praedictam

1013 647 1155 674 nostram
1178 641 1407 683 provisionem,
1429 648 1458 674 et
1475 642 1603 674 unionis
1621 642 1758 675 dissolu-

1015 694 1310 734 tionem,effeetum
1329 704 1495 738 nunquam
1514 694 1635 735 sortiri,
1655 695 1757 728 sedin

1014 747 1185 791 pristinum
1213 748 1333 793 omnia)
1349 748 1485 787 restitui,
1513 755 1544 781 et
1569 749 1704 782 dilectus
1725 759 1757 782 e-

1015 802 1091 834 tiam
1113 802 1198 834 tilius
1212 802 1395 845 Alplionsus
1408 802 1447 835 de
1466 801 1678 844 Wignacourt
1703 802 1753 836 di-

1014 856 1054 888 cti
1076 855 1243 899 hospitalis
1264 866 1399 896 magnus
1420 855 1572 897 magister
1591 856 1756 900 praedicto

1013 909 1183 942 Franciseo
1202 909 1286 951 (lieet
1308 909 1360 942 ille
1376 909 1607 952 professionem
1626 920 1683 953 per
1696 910 1757 942 fra-

1016 968 1078 996 tres
1096 962 1211 995 milites
1225 963 1300 995 dieti
1323 963 1490 1006 hospitalis
1510 962 1611 996 emitti
1629 964 1756 996 solitam

1014 1027 1078 1050 non
1099 1017 1251 1057 emiserit,
1277 1017 1448 1061 minusque
1469 1017 1608 1050 debitam
1629 1018 1660 1050 in
1682 1028 1757 1051 eon-

1015 1076 1109 1104 ventu
1130 1071 1273 1104 eiusdem
1301 1070 1466 1114 hospitalis
1495 1070 1700 1104 residentiam
1728 1078 1759 1104 et

1014 1125 1123 1158 solitas
1157 1134 1329 1157 caravanas
1363 1123 1492 1166 feeerit)
1531 1125 1756 1158 commendam

1014 1178 1133 1220 gratias
1154 1178 1208 1210 des
1229 1177 1369 1220 Expaulx
1394 1183 1613 1220 nuncupatam
1634 1177 1758 1221 priora-

1016 1238 1063 1264 tus
1084 1231 1275 1275 Aquitaniae
1296 1231 1439 1264 eiusdem
1458 1231 1625 1275 hospitalis
1650 1236 1759 1264 contu-

1015 1285 1100 1318 lerit:
1127 1292 1298 1329 propterea
1316 1295 1385 1326 nos,
1398 1295 1457 1328 pro
1469 1284 1570 1318 nostri
1588 1284 1758 1328 pastoralis

1014 1338 1112 1371 oslieii
1127 1349 1271 1379 munere,
1284 1349 1323 1372 ne
1339 1338 1421 1371 inter
1438 1348 1593 1382 personas
1611 1338 1758 1381 religioni

1014 1392 1191 1435 adscriptas
1224 1391 1460 1424 discordiarum
1491 1391 1612 1424 zizania
1639 1391 1760 1435 irrepat

1014 1445 1183 1489 providere
1208 1440 1362 1484 volentes,
1387 1445 1612 1490 dictarumque
1638 1445 1759 1479 littera-

1014 1510 1083 1532 rum
1104 1505 1232 1533 tenores
1250 1499 1471 1542 praesentibus
1489 1509 1547 1543 pro
1561 1499 1758 1532 sufficienter

1013 1554 1169 1597 expressis
1191 1554 1357 1593 habentes,
1382 1560 1472 1586 motu
1490 1553 1639 1598 proprio,
1666 1559 1695 1586 et
1721 1563 1758 1586 ex

1013 1609 1098 1639 corta
1118 1606 1251 1639 seientia
1276 1608 1404 1647 nostra,
1433 1617 1469 1640 ac
1495 1607 1533 1639 de
1558 1606 1754 1650 apostolicae

1012 1661 1177 1704 potestatis
1198 1660 1410 1704 plenitudine,
1435 1660 1651 1704 provisionem
1679 1660 1754 1694 dicti

1013 1715 1205 1748 baiulivatus
1224 1715 1437 1758 Turcopilerii
1463 1715 1629 1758 praedicto
1650 1715 1751 1748 Fran-

1013 1769 1096 1802 cisco
1111 1780 1166 1812 per
1179 1780 1246 1808 nos,
1265 1776 1296 1802 ut
1311 1779 1407 1812 supra
1421 1769 1546 1809 saetam,
1558 1779 1756 1809 revocamus,

1013 1833 1175 1856 cassamus
1193 1828 1224 1855 et
1245 1822 1465 1862 :uinullanms⁷
1479 1833 1515 1855 ae
1536 1822 1686 1855 eumdem
1706 1821 1757 1855 ba-

1014 1877 1177 1909 inlivatum
1193 1876 1305 1920 quovis
1325 1877 1421 1909 modo
1436 1882 1601 1909 vacantem
1617 1876 1757 1919 (etiamsi

1014 1937 1100 1963 tanto
1123 1936 1268 1973 tempore
1288 1930 1455 1969 vacaverit,
1473 1930 1559 1974 quod
1578 1930 1645 1963 eius
1663 1930 1760 1964 colla-

1015 1984 1056 2016 tio
1075 1984 1161 2017 iuxta
1182 1984 1403 2017 liateranensis
1429 1990 1545 2017 statuta
1566 1984 1693 2017 concilii
1720 1985 1758 2017 ad

1013 2038 1126 2071 Sedem
1150 2037 1348 2080 praedictam
1372 2037 1514 2079 legitime
1528 2038 1688 2077 devoluta,
1713 2038 1760 2081 ip-

1013 2102 1111 2134 seque
1132 2091 1325 2124 liaiulivatus
1342 2091 1544 2135 dispositioni
1562 2091 1758 2135 apostolicae

1014 2144 1195 2187 specialiter
1216 2145 1261 2177 vel
1281 2144 1476 2187 generaliter
1493 2150 1672 2177 reservatus
1693 2144 1757 2177 exi-

1013 2202 1084 2236 stat,
1106 2203 1136 2229 et
1153 2198 1191 2229 ad
1213 2208 1285 2230 eum
1308 2197 1507 2230 consueverit
1531 2197 1602 2240 quis
1619 2208 1676 2241 per
1693 2198 1756 2229 ele-

1015 2251 1152 2285 vtionern
1176 2251 1305 2290 assumi,
1334 2262 1431 2295 super
1456 2262 1494 2283 eo
1520 2261 1649 2295 quoque
1677 2251 1757 2284 inter

1014 2303 1139 2347 aliquos
1170 2304 1228 2343 lis,
1257 2304 1348 2337 «euius
1378 2310 1498 2337 statum
1533 2304 1756 2347 praesentibus

1015 2357 1124 2390 haberi
1158 2358 1304 2389 volumus
1336 2368 1394 2400 pro
1421 2368 1592 2401 expresso,
1618 2358 1756 2400 pendeat

1015 2411 1178 2453 indecisa),
1196 2411 1374 2444 dummodo
1398 2417 1540 2454 tenipore
1558 2411 1649 2443 datae
1662 2422 1755 2454 prae-

1013 2464 1151 2497 sentium
1182 2475 1246 2497 non
1276 2465 1312 2497 sit
1340 2465 1369 2497 in
1390 2475 1427 2497 eo
1446 2465 1540 2497 alicui
1566 2465 1630 2503 alii,
1658 2476 1754 2508 quam

1014 2518 1178 2560 praedicto
1200 2518 1379 2557 Framfisro,
1405 2524 1434 2550 ut
1464 2518 1653 2561 praefertur,
1677 2528 1751 2562 spe-

1012 2570 1135 2604 ‹zialiter
1157 2571 1204 2604 ius
1225 2571 1418 2614 quaesitum,
1443 2571 1529 2604 dieto
1556 2570 1751 2613 magisterio,

1052 2689 1057 2712 Ι
1078 2687 1193 2713 Neutra*
1210 2690 1274 2720 pulo
1291 2687 1316 2713 in
1334 2687 1466 2715 haltai-io
1486 2695 1545 2715 esse
1560 2695 1600 2716 tn.
1618 2691 1665 2721 ἰ·,).

1655 261 1720 295 475
1765 270 1816 299 An.
1830 270 1859 299 c.
1881 269 1949 298 1608

1792 440 1850 461 Nunc
1861 441 1956 462 collatio·

1771 474 1817 488 uem
1827 474 1838 487 :i
1847 474 1869 488 se
1879 468 1955 489 factam

1772 497 1866 515 revocat.

1817 1590 1957 1611 lidiulivatum

1770 1617 1910 1643 'l'ureopilerii
1919 1624 1960 1637 iuu-

1771 1651 1810 1668 guo
1835 1645 1958 1669 iiras-*istorio

1771 1673 1813 1691 unit
1837 1671 1903 1691 vlt-mv
1919 1672 1957 1691 Αιι-

1770 1699 1824 1724 gliae
1873 1704 1958 1722 ref-*mim

1771 1725 1797 1745 :nl
1822 1725 1884 1745 Sedis
1905 1726 1959 1750 Apu-

1772 1752 1849 1771 lnltt'm·
1904 1752 1958 1771 otu·-

1771 1778 1873 1798 divnliam
1888 1784 1944 1799 ναῖοι

1773 1808 1835 1826 tatur.
