2227 3241
233 277 282 305 An.
297 277 326 304 e.
350 278 416 306 1609
463 270 525 303 606

300 596 413 621 Durogatm

233 625 393 643 contrariorum,

1012 283 1186 308 urrunnun

434 339 495 372 que
508 338 566 372 per
584 338 735 362 censuras
753 333 783 362 et
796 339 915 373 poenas
927 330 1167 372 ecclesiasticas,

433 381 556 424 aliaque
577 387 759 426 opportuna
777 382 854 415 iuris
872 388 902 416 et
922 383 994 417 facti
1013 384 1166 426 remedia,

432 434 646 478 appellatione
674 434 873 480 postposita,
909 438 1143 481 compescendo
1159 466 1166 479 ,
1188 459 1189 487 t

432 488 576 522 invocato
597 489 690 522 ctiam
717 490 756 523 ad
778 489 837 523 ltoc
852 518 859 530 ,
888 491 912 523 si
938 501 1018 535 opus
1050 491 1143 524 suerit
1159 519 1166 533 ‚
1188 490 1189 514 ἶ

430 541 547 574 auxilio
568 542 689 576 brachii
714 544 897 577 saecularis.
1187 542 1188 557 ¹

474 596 490 637 g
512 594 541 628 8.
565 596 633 629 Non
663 596 863 631 obstantibus
889 598 1094 642 praemissis,
1122 604 1169 639 et,

430 653 587 692 quatenus
607 660 688 694 opus
708 651 758 691 sit,
781 652 891 695 regula
912 654 1021 686 nostra
1043 652 1081 686 de
1102 652 1170 686 iure

429 703 574 745 quaesito
595 713 660 736 non
687 704 847 746 tollendo,
872 716 908 738 ae
933 705 1170 739 constitutioni-

428 754 488 788 bus
506 762 536 789 et
553 756 812 792 ordinationibus
829 759 1024 803 apostolicis,
1044 769 1169 792 necnon

429 809 670 852 Angamalensis
684 816 715 844 et
728 811 935 846 Cochinensis
949 813 1170 854 ecclesiarum,

431 863 525 896 etiarn
549 864 748 905 iuramento,
773 865 1018 900 confirmatione
1045 873 1170 911 aposto-

429 916 488 950 lica
511 918 558 950 vel
579 919 689 962 quavis
720 919 872 953 firmitate
901 920 961 953 alia
989 920 1166 962 roboratis,

428 971 552 1005 statutis
588 978 618 1005 et
654 973 941 1007 consuetudinibus
956 1002 963 1015 ,
998 974 1170 1018 privilegiis

428 1034 576 1068 quoque,
607 1025 738 1059 indultis
763 1032 793 1059 et
817 1027 930 1060 litteris
961 1027 1166 1070 apostolicis,

430 1077 566 1122 illisque,
597 1078 789 1124 illarumque
810 1080 1051 1124 superioribus,
1084 1081 1170 1125 capi-

428 1131 506 1171 tulo,
530 1137 559 1164 et
580 1133 736 1176 personis
760 1133 818 1166 sub
839 1133 1097 1178 quibuscumque
1123 1140 1169 1168 te·

427 1185 561 1218 neribus
573 1192 602 1218 et
617 1187 739 1228 formis,
757 1197 793 1220 ac
807 1198 879 1220 cum
895 1188 1058 1232 quibusvis
1073 1188 1167 1222 etiarn

427 1238 703 1282 derogatoriarum
727 1238 949 1284 derogatoriis',
971 1241 1105 1286 aliisque
1127 1242 1170 1275 ef-

427 1291 632 1326 ficacioribus
654 1299 684 1327 et
704 1294 839 1328 insolitis
860 1294 1021 1337 clausulis,
1042 1305 1167 1329 necnon

428 1345 626 1380 irritantibus
649 1353 679 1380 et
704 1347 773 1381 aliis
799 1348 954 1389 decretis,
980 1348 1009 1381 in
1039 1354 1167 1382 eontra-

426 1398 509 1432 rium
535 1401 785 1448 praemissorum
816 1402 1059 1446 quomodolibet
1094 1412 1169 1436 con-

427 1453 543 1495 cessis,
573 1453 781 1497 eonfirmatis,
813 1456 1018 1500 approbatis;
1050 1456 1168 1500 quibus

427 1507 577 1541 omnibus
598 1508 739 1552 (etiamsi
765 1519 824 1552 pro
846 1508 975 1542 illorum
997 1509 1167 1544 sufficienti

427 1560 637 1604 derogatione
658 1561 697 1595 de
724 1561 785 1595 illis
807 1572 985 1607 eorumque
1018 1563 1092 1597 totis
1122 1568 1168 1596 te-

427 1613 559 1647 noribus
584 1614 749 1658 specialis,
773 1615 941 1659 specifica,
966 1626 1113 1660 expressa
1139 1623 1166 1649 et

428 1666 591 1701 individua
617 1668 738 1701 mentio
759 1668 907 1702 habenda
928 1669 1028 1711 soret)
1055 1679 1166 1703 corum

429 1726 555 1754 tenores
574 1721 797 1764 praesentibus
817 1732 875 1766 pro
895 1722 1092 1756 sufficienter
1117 1733 1168 1756 ex-

426 1774 544 1817 pressis
564 1780 594 1807 et
621 1775 658 1808 ad
692 1775 821 1808 verbum
848 1775 975 1809 insertis
1000 1776 1164 1816 habentes,

427 1826 488 1860 illis
517 1827 593 1860 alias
627 1828 657 1860 in
689 1838 747 1861 suo
776 1828 892 1861 robore
923 1829 1164 1873 permansuris,

427 1878 486 1913 hac
506 1879 572 1913 viee
593 1880 767 1922 dumtaxat,
796 1881 909 1915 harum
928 1882 1020 1922 serie,
1044 1882 1166 1926 specia-

427 1932 499 1966 liter
519 1940 547 1967 et
569 1945 715 1978 expresse
739 1935 942 1978 derogamus,
971 1936 1168 1980 caeterisque

428 1987 597 2020 contrariis
618 1988 884 2033 quibuscumque.

470 2039 583 2073 Datum
610 2041 730 2074 Romae
756 2043 841 2086 apud
870 2043 899 2076 S.
931 2043 1081 2083 Petrum,
1110 2043 1167 2076 sub

427 2092 547 2126 annulo
565 2093 733 2127 piscatoris
746 2094 844 2128 diem
860 2095 1039 2129 decembris
1056 2104 1164 2136 unctx,

427 2146 633 2189 pontificatus
652 2148 751 2181 nostri
774 2159 858 2182 anno
878 2160 907 2183 v.

464 2207 525 2234 Dat.
547 2207 591 2235 die
612 2208 627 2235 3
647 2207 799 2238 decembris
818 2211 898 2243 1609,
919 2212 1010 2247 pontif.
1034 2220 1076 2239 an,
1098 2218 1122 2237 v.

731 2372 866 2406 CXLVII.

429 2468 584 2512 Sequitur
604 2469 784 2502 commissio
804 2470 1055 2513 exequutoribus
1074 2479 1167 2513 prae-

472 2521 610 2555 cedentis
627 2523 735 2557 Consti
740 2522 874 2555 tutionis
891 2522 1087 2566 assignandi
1103 2533 1168 2555 cer-

475 2578 519 2606 tos
540 2573 658 2608 limites
676 2575 810 2608 dioecesi
830 2573 1090 2619 Anqamalensst

469 2692 476 2715 l
498 2689 532 2716 Ex·
550 2689 656 2725 Regest.
675 2691 700 2717 in
717 2690 817 2717 Serrei.
842 2691 973 2717 Rrevium.

1212 283 1361 308 ΒοΜΑΝυΜ
1959 284 2008 313 An.
2023 284 2052 312 C.
2072 282 2141 312 1609
2166 299 2167 302 =

1437 333 1548 360 Paulus
1568 334 1646 368 Papa
1665 334 1702 367 V,
2171 334 2173 340 '

1346 386 1381 413 ad
1400 386 1533 414 futuram
1553 387 1598 415 rei
1619 387 1789 416 memoriam

1249 493 1265 534 ἓ
1294 491 1323 525 ’1.
1353 492 1442 533 Cum,
1470 493 1551 527 sieut
1571 494 1717 527 dolenter
1741 494 1938 539 accepimus,
1955 496 2142 549 „flijmgssfflfigg

1204 551 1372 589 postquam
1412 556 1469 580 nos
1507 556 1565 590 per
1607 547 1683 581 alias
1722 553 1846 581 nostras
1883 548 1941 582 sub

1956 548 2077 575 cianganor
2127 555 2140 569 a

1957 575 2051 596 dioecesi
2067 575 2141 595 Cachi-

1187 599 1337 643 >plumbo
1363 600 1524 643 expeditas
1549 600 1670 634 litteras
1702 601 1786 635 inter
1810 602 1872 635 alia
1892 612 1943 636 ca·
1956 601 2015 622 ”²⁰³³
2037 607 2050 622 ³
2072 607 2095 622 ⁵⁰
2112 601 2142 622 Β·
2170 619 2171 622 “

1957 630 2012 649 ctam
2027 630 2128 650 recenset.

1204 657 1303 686 strum
1330 653 1368 686 de
1394 653 1600 696 Crauganor,
1633 654 1709 688 olim
1735 653 1942 689 Coehinensis

1205 706 1371 749 dioecesis,
1385 717 1402 740 a
1420 707 1503 741 diota
1521 707 1659 741 dioecesi
1674 707 1862 742 Coehinensi
1881 707 1943 742 dis-

1206 760 1521 803 membramramus,
1557 772 1593 795 ae
1617 761 1695 795 illud
1721 761 1765 795 sie
1785 761 1940 795 dismem-

1205 814 1342 855 biatum,
1367 814 1517 860 illiusque
1535 814 1714 856 ecelesiam,
1739 815 1846 849 sedem
1867 821 1943 849 tunc

1205 866 1432 911 episcopalem,
1454 878 1539 902 nunc
1556 868 1863 914 archiepiscopalem
1881 869 1945 903 An-

1205 921 1436 963 gamalensem,
1461 933 1533 956 cum
1556 922 1680 956 dilectis
1705 922 1778 957 filiis
1803 922 1944 967 capitulo

1205 973 1356 1007 ecclesiae
1387 975 1651 1018 Angamalensis‚
1679 986 1715 1010 ac
1740 976 1889 1010 omnibus
1914 981 1945 1009 et

1204 1026 1338 1069 singulis
1363 1037 1475 1062 eorum
1508 1028 1648 1072 iuribus,
1670 1029 1763 1063 bonis
1788 1035 1819 1063 et
1842 1039 1940 1063 orna-

1205 1080 1319 1114 mentis
1341 1082 1616 1124 transtuleramus,
1639 1083 1831 1117 venerahilis
1847 1083 1944 1117 frater

1204 1133 1373 1179 episcopus
1402 1134 1630 1177 Cochinensis,
1659 1136 1717 1170 sub
1749 1137 1941 1182 quibusdam

1203 1188 1433 1231 praetextibus,
1455 1188 1774 1224 dismembrationem
1793 1196 1823 1224 et
1842 1197 1943 1224 trans-

1203 1240 1355 1275 lationem
1374 1241 1560 1276 huiusmodi
1579 1243 1736 1287 impedire
1756 1244 1938 1277 tentaverit:

1203 1304 1239 1328 ac
1259 1302 1451 1340 propterea,
1475 1301 1505 1329 et
1532 1296 1602 1330 aliis
1627 1297 1731 1330 forsan
1748 1297 1799 1330 ’de
1817 1297 1939 1338 causis,

1203 1348 1286 1382 inter
1306 1358 1379 1383 eum
1405 1355 1435 1382 et
1455 1349 1671 1383 venerabilem
1694 1350 1789 1384 etiarn
1811 1350 1941 1384 fratrem

1203 1401 1480 1447 archiepiscopum
1524 1403 1790 1446 Angamalensem
1834 1403 1942 1437 variae

1203 1449 1417 1489 dissensiones
1442 1461 1472 1489 et
1497 1456 1746 1497 controversiae,
1774 1467 1846 1490 cum
1868 1467 1942 1491 ceu-

1202 1510 1353 1542 surarum
1373 1508 1661 1542 eeelesiasticarum
1683 1509 1758 1543 hinc
1777 1509 1850 1544 inde
1867 1519 1942 1554 pro-

1203 1563 1412 1606 mulgatione,
1429 1573 1494 1596 non
1508 1563 1576 1597 sine
1591 1574 1708 1607 magno
1725 1563 1836 1609 populi
1854 1574 1942 1598 scan-

1203 1616 1287 1657 dalo,
1311 1622 1439 1649 exortae
1460 1616 1598 1656 fucrin13

1246 1670 1262 1711 ξ
1288 1668 1319 1702 ⁶2,
1343 1669 1416 1708 Nos,
1440 1669 1493 1713 qui
1520 1669 1616 1703 bodie
1640 1680 1698 1714 per
1718 1669 1795 1704 alias
1815 1675 1940 1704 nostras
1954 1665 2140 1719 Γξῖρῇῗῗξῖξζῑξᾞῗ

1202 1722 1233 1754 in
1254 1722 1350 1755 simili
1372 1723 1475 1756 forma
1497 1723 1604 1757 Brevis
1631 1723 1792 1768 expeditas
1819 1723 1940 1758 litteras
1954 1719 2146 1770 ςξζξζξξξῖἷῇξῑξῗῗῤ
2180 1732 2183 1760 ζ

1202 1775 1522 1809 dismembrationem
1541 1781 1570 1809 et
1591 1774 1830 1811 translationem
1849 1786 1940 1821 prae·
1954 1771 2140 1824 ξξξξέξξξξΐοςῒῗζ

1202 1828 1301 1862 dietas
1333 1829 1616 1870 confirmavimus,
1654 1829 1730 1863 huic
1764 1830 1849 1864 malo
1884 1840 1941 1875 op·
1954 1824 2140 1877 §gfflgn‘ssffiffmm

1201 1888 1374 1926 portunum
1411 1883 1590 1917 remedium
1627 1883 1801 1925 adhibere,
1829 1889 1876 1926 et,
1902 1894 1941 1918 ne
2012 1879 2015 1882 ⁴

1201 1936 1339 1980 amplius
1373 1936 1489 1970 similia
1526 1943 1712 1979 emergant,
1750 1937 1938 1981 providere,

1201 1990 1431 2034 praedictoque
1461 1996 1488 2024 et
1527 2001 1586 2034 pro
1619 1997 1763 2034 tempore
1797 1990 1942 2024 existenti

1202 2043 1445 2087 archiepiscopo
1465 2043 1692 2086 Angamalensi
1713 2048 1833 2077 certam
1853 2043 1942 2077 dioe-

1202 2096 1296 2129 cesim
1318 2096 1480 2139 assignare
1503 2096 1662 2135 volentes,
1684 2107 1721 2130 ae
1741 2096 1941 2139 singularum

1201 2149 1378 2182 litterarum
1397 2149 1637 2194 praedictarum
1655 2155 1783 2183 tenores
1798 2159 1944 2194 praesen-

1202 2202 1286 2236 tibus
1307 2213 1366 2247 pro
1393 2202 1551 2247 expressis
1570 2202 1726 2236 babentes
1740 2230 1748 2244 ,
1770 2203 1942 2237 venerabili

1202 2255 1350 2289 similiter
1369 2256 1458 2289 fratri
1486 2256 1731 2300 archiepiscopo
1757 2255 1884 2297 Goano,
1912 2262 1943 2290 et

1203 2309 1233 2342 in
1254 2308 1322 2343 eius
1351 2310 1509 2343 defectum
1537 2309 1655 2343 dilecto
1689 2309 1755 2342 filio
1785 2320 1941 2353 personae

1202 2362 1434 2396 ecclesiasticae
1463 2362 1613 2406 regimini
1635 2362 1788 2395 eeclesiae
1812 2362 1940 2396 Goanae

1202 2415 1328 2449 interim
1348 2416 1561 2460 praepositae,
1583 2426 1630 2456 ae,
1651 2415 1705 2449 illo
1722 2415 1863 2459 legitime
1882 2416 1940 2448 irn-

1201 2470 1320 2512 pedito,
1344 2470 1469 2503 dilectis
1493 2469 1587 2503 etiam
1615 2469 1690 2503 siliis
1714 2469 1839 2503 vicariis
1864 2480 1939 2514 pro-

1202 2523 1390 2556 vincialibus
1410 2522 1565 2557 Ordinum
1593 2523 1725 2556 fratrum
1751 2523 1851 2556 saneti
1872 2523 1937 2557 Do—

1203 2575 1311 2609 minici
1351 2581 1378 2609 et
1419 2576 1551 2609 fratrum
1590 2575 1801 2609 Eremitarum
1839 2576 1939 2609 sancti

1200 2630 1386 2672 Augustini,
1415 2640 1474 2674 per
1497 2633 1682 2674 praesentes
1709 2629 1940 2663 committimus

1201 2688 1229 2716 et
1257 2682 1469 2723 mandamus,
1504 2687 1661 2726 quatenus
1691 2682 1758 2726 ipse
1778 2681 1938 2726 archiepi-
