2227 3241
272 296 312 321 ln.
335 295 360 319 Γ..
386 295 451 320 tt‘vt'ltx'

282 1045 363 1065 vNlnlittt
383 1052 447 1065 tisun}

263 1074 360 1092 restium.

277 1365 336 1385 reat
349 1365 395 1385 ditm
406 1367 446 1385 tntu

263 1393 368 1412 liber-ixit.

291 1630 353 1651 fetu-1
361 1632 449 1651 atteram

262 1658 450 1678 brct'tmwrifttram

263 1690 324 1704 §auat
332 1687 351 1704 it.

303 1951 375 1971 Morbo
386 1952 446 1971 simili

263 1978 351 1998 alteram
390 1978 447 1997 labo-

263 2006 345 2024 rantem
373 2010 447 2024 §tinam

261 2031 360 2052 reddidit.

431 2493 434 2496 ·
463 2478 633 2521 pulchrum
660 2487 719 2522 pro
740 2476 825 2510 filiae
845 2477 979 2510 sanitate
999 2477 1109 2509 oravit.

303 2538 370 2557 Puer-'1
391 2542 447 2560 ures-

263 2570 307 2584 ·tun
323 2571 337 2584 r·
347 2566 420 2584 stituit⁴

498 285 561 319 tae
1037 296 1217 320 mammen

467 343 555 381 ravit,
585 342 771 375 Franciscae
790 342 884 375 etiam
908 353 1026 386 corpus
1043 343 1203 376 honorare

464 396 610 437 dignatus
628 398 674 428 est
693 394 857 428 Dominus.
881 395 987 429 Tantis
1013 396 1097 429 enim
1119 397 1201 430 odo-

465 448 550 480 ribus
571 447 730 489 fragravit,
759 454 793 480 ut
817 448 925 481 omnia
951 448 1094 482 odoratis
1116 449 1203 482 ssori-
1224 474 1228 477 -

465 501 522 533 bns
549 502 663 533 referta
689 500 752 533 visa
775 501 881 538 luisse,
909 507 979 534 acta
1001 507 1165 535 testentur.

510 556 525 595 5
551 553 603 586 2³0.
632 554 727 587 Multa
747 554 861 587 exinde
886 555 1027 589 Ancillae
1051 555 1104 589 Dei
1125 565 1200 588 san-

326 628 330 640 1
349 629 352 641 .
390 611 448 640 ¹„m
465 606 637 639 ctimoniae
658 607 824 650 praeclara
846 607 1000 640 miracula
1032 607 1128 641 tidem
1154 609 1200 641 se-

385 651 437 667 ''''¹'‘
464 665 587 691 cerunt.
618 659 806 702 Complures
837 659 923 692 enim
954 660 1149 702 gravissimis
1173 666 1204 694 et

464 712 613 745 extremis
635 711 770 745 morbis¹
797 722 903 756 opem,
925 723 1021 756 quam
1044 714 1075 747 in
1101 715 1203 748 medi-

464 765 553 799 cinae
571 765 695 798 auxiliis
714 765 857 799 invenire
878 776 943 799 non
964 772 1150 810 potuerunt,
1171 768 1202 801 in

464 818 531 851 cius
546 819 592 851 vel
612 818 685 851 libri
705 818 858 851 horarum
878 819 909 851 Β.
927 819 1043 853 Mariae
1065 820 1203 863 Virginis

463 872 509 904 vel
528 871 661 904 vestium
681 876 842 912 contactu,
864 882 920 915 per
948 872 1016 906 eius
1037 873 1152 907 merita
1173 880 1203 907 ct

465 924 749 966 intercessionem,
777 932 1041 969 praesentaneam
1068 927 1199 961 invene-

466 983 550 1011 runt.

507 1030 559 1063 ⁰21.
588 1031 716 1064 Constat
736 1030 820 1064 enim
848 1031 930 1065 inter
956 1038 1082 1065 caetera
1103 1032 1203 1066 Viter-

463 1084 606 1117 biensem
641 1084 812 1117 foeminam
846 1085 1057 1126 Augustinam
1090 1086 1201 1128 Angeli

464 1137 676 1180 lippitudine,
707 1148 788 1181 quae
817 1137 917 1170 visum
948 1138 992 1170 illi
1019 1139 1201 1178 ademerat,

463 1200 570 1234 panno
590 1190 690 1223 oculis
711 1191 853 1231 admoto,
877 1201 941 1234 quo
968 1201 1078 1224 sacrae
1105 1192 1203 1225 Fran-

465 1244 567 1278 ciscac
593 1255 709 1289 corpus
734 1251 917 1278 contectum
944 1246 1066 1285 suerat,
1097 1245 1203 1279 subito

463 1304 617 1331 sanatam.

508 1355 524 1395 5
545 1352 597 1385 22).
624 1354 657 1386 lit
678 1353 909 1396 Hieronymum
931 1346 1103 1396 quemdam
1130 1364 1203 1386 aro—

464 1407 647 1447 matarium,
675 1407 729 1450 qui
754 1412 843 1450 peste
869 1407 1049 1447 laborabat,
1075 1407 1104 1439 in
1127 1407 1203 1440 arti-

464 1461 536 1494 culo
561 1461 683 1500 mortis,
708 1461 850 1493 eiusdem
878 1460 1011 1494 Sanctae
1040 1466 1125 1494 veste
1146 1472 1200 1493 su-

465 1514 651 1558 periniecta,
679 1525 715 1547 ac
740 1520 814 1547 voto
839 1514 942 1547 eidem
976 1516 1074 1556 sacto,
1098 1514 1204 1548 subito

465 1567 612 1601 similiter
637 1568 846 1601 convaluisse.

511 1624 527 1664 5
547 1622 599 1654 ⁹23.
624 1622 724 1655 Aliam
746 1632 819 1655 vero
838 1622 1008 1655 l'ocininatn
1031 1622 1109 1655 febri
1131 1634 1202 1655 cuni

465 1675 637 1719 pleuritide
663 1676 701 1708 ad
731 1675 906 1719 perniciem
936 1676 1131 1719 procedente
1153 1678 1200 1708 at'-

466 1730 592 1769 sectam,
606 1729 655 1762 cui
675 1728 818 1762 medicus
838 1739 943 1772 neque
957 1729 996 1761 ad
1017 1735 1202 1772 sequentem

464 1782 549 1816 diem
568 1782 662 1815 vitam
684 1782 902 1826 promittebat,
926 1782 1114 1815 Franciscae
1134 1783 1203 1815 velo

464 1836 555 1869 lateri
575 1835 736 1880 imposito,
761 1836 874 1869 dolore
894 1835 1000 1868 statim
1021 1835 1200 1876 liberatam,

464 1895 494 1922 et
519 1889 673 1933 postridie
687 1899 703 1922 e
717 1889 800 1922 lecto
820 1899 930 1922 sanam
952 1889 1199 1922 consurrexisse.

508 1943 523 1985 ξ,
558 1942 609 1976 24.
640 1942 727 1975 Multi
765 1941 875 1981 etiam,
897 1947 1025 1975 sanctae
1060 1941 1204 1976 mulieris

464 1996 582 2030 auxilio
617 2001 648 2029 et
691 1996 919 2029 intercessione
951 1996 1063 2029 devote
1098 1995 1201 2029 solnm

465 2049 636 2089 invocatis,
665 2061 681 2083 e
716 2049 836 2082 morbis
872 2049 1018 2082 similiter
1050 2049 1144 2082 variis
1173 2055 1200 2082 et

463 2103 612 2145 gravibus
637 2102 743 2136 divina
764 2103 865 2145 gratia
887 2108 1065 2136 evaserunt.
1094 2103 1128 2136 In
1156 2102 1204 2135 his

464 2156 580 2189 mulier
600 2156 780 2199 quaedam,
804 2155 935 2189 nomine
955 2156 1141 2198 Magdalena
1165 2156 1203 2190 de

463 2210 627 2250 Clarellis,
651 2214 739 2253 peste
765 2215 795 2242 et
824 2209 891 2253 ipsa
912 2209 1081 2251 laborans,
1105 2219 1199 2253 quae,

463 2273 660 2307 quamquam
683 2262 827 2304 chirurgi
847 2263 1000 2306 scalpello
1025 2263 1111 2295 laesa
1130 2263 1203 2295 bra-

463 2317 524 2350 chii
543 2317 654 2350 dolore
675 2316 718 2350 ita
738 2316 948 2357 cruciaretur,
973 2322 1006 2349 ut
1025 2326 1090 2349 non
1111 2322 1203 2360 puta-

462 2376 550 2404 retur
570 2380 587 2403 a
608 2375 711 2403 morte
724 2370 836 2413 procul
858 2369 979 2409 abesse,
997 2369 1108 2403 eadem
1123 2369 1202 2403 hora

462 2424 633 2465 convaluit,
657 2434 720 2467 qua
745 2429 847 2457 mater
876 2423 915 2456 ad
947 2423 1135 2456 Franciscae
1154 2433 1202 2456 se-

507 2532 523 2573 5
542 2530 593 2563 25.
611 2529 729 2572 Insigni
750 2539 879 2573 quoque
901 2529 1057 2562 miraculo
1071 2540 1200 2563 crurum

462 2584 607 2624 sanitate,
642 2585 675 2617 Β.
705 2583 893 2617 Franciscae
918 2583 1156 2624 intercessione,
1185 2594 1202 2616 a

464 2637 600 2671 Domino
618 2638 755 2670 donatus
773 2637 828 2670 snit
849 2647 931 2681 puer
947 2647 1104 2670 annorum
1123 2647 1202 2680 qua-

499 2700 511 2726 ‘l
534 2700 622 2726 Sulnle
639 2700 802 2727 laborantes
813 2700 850 2734 (tt.
863 2700 910 2734 Γ).

1243 296 1394 320 nomnen
1984 298 2033 324 An.
2051 297 2078 325 c.
2099 297 2169 324 4608
2213 288 2225 326 ξ’

1240 349 1322 385 tuor,
1347 344 1436 377 Pauli
1457 345 1539 377 Totti
1567 344 1662 385 titius,
1685 346 1751 389 qui,
1773 356 1845 379 cum
1872 348 1974 388 gravi-
2210 379 2221 386 ,

1239 396 1298 429 bus
1315 397 1478 430 ulceribus
1498 397 1624 431 incessu
1645 398 1882 441 prohiberetur,
1911 412 1976 432 iiia-
2208 410 2224 430 ἡ

2210 447 2223 467 5

1239 455 1296 489 ter,
1317 450 1403 493 quod
1422 460 1557 493 puerum
1577 450 1708 483 minime
1725 461 1891 485 sanescere
1912 463 1977 486 ine·

1239 501 1364 536 dicinae
1384 503 1534 537 remediis
1563 509 1729 543 cerneret,
1757 503 1813 537 illo
1838 504 1869 537 in
1895 505 1977 538 ulnis¹

1238 561 1397 599 suscepto,
1419 566 1491 589 cum
1519 556 1557 588 ad
1588 556 1722 589 Sanctae
1748 555 1918 598 imaginem
1947 557 1977 590 in

1238 608 1404 642 ecclesiam
1440 608 1552 642 beatae
1590 608 1705 642 Mariae
1738 609 1975 653 Transtyberim

1239 671 1296 704 pro
1313 660 1380 694 eius
1398 661 1533 695 sanitate
1552 661 1664 695 devote
1682 667 1807 694 oratum
1827 661 1974 702 venisset,

1238 714 1381 747 nondum
1407 714 1495 746 linita
1520 714 1688 754 oratione,
1721 724 1795 747 ecce
1826 725 1862 747 ex
1893 715 1977 748 ulnis
2016 738 2019 739 ν

1238 766 1354 810 deponi
1380 777 1460 810 puer
1485 773 1586 809 rogat,
1617 767 1781 811 depositus
1811 768 1977 801 ambulare

1238 819 1359 863 incipit,
1377 831 1413 853 ac
1433 820 1565 854 domum
1586 821 1722 864 pedibus
1743 820 1835 860 redit,
1858 821 1977 854 solitis-

1237 883 1300 915 que
1314 872 1520 915 ligaminibus
1534 879 1564 906 et
1578 873 1759 916 emplastris
1773 873 1899 914 emotis,
1912 884 1977 908 non

1237 925 1340 958 solum
1361 926 1445 959 sanis
1470 926 1629 967 cruribus,
1642 927 1697 959 sed
1712 926 1805 960 etiam
1820 931 1855 959 ut
1872 926 1978 960 divina

1238 978 1338 1021 magis
1363 989 1420 1022 per
1445 979 1580 1012 Sanctae
1604 989 1681 1012 suae
1701 979 1815 1012 merita
1839 979 1979 1013 eluceret

1237 1031 1390 1074 potentia,
1414 1032 1481 1065 sine
1502 1031 1702 1066 cicatricibus
1727 1031 1897 1066 invenitur.

1282 1085 1305 1125 ξ·
1320 1084 1372 1117 26.
1394 1085 1494 1118 liuius
1508 1085 1616 1131 itaque
1632 1091 1694 1118 tam
1711 1085 1894 1119 excellentis
1911 1096 1978 1119 san·
2026 1095 2175 1127 vicarius-‚na-
2210 1116 2225 1124 ,,

1238 1137 1355 1170 ctitatis
1380 1137 1566 1179 lucernam,
1598 1138 1750 1182 quoniam
1783 1138 1842 1171 sub
1867 1139 1977 1173 modio
1992 1122 2176 1179 gxiioisugfui'snii'-

1239 1200 1306 1223 esse
1326 1190 1456 1224 nolebat
1473 1191 1637 1232 Dominus
1661 1191 1715 1224 sed
1735 1190 1909 1235 aliquando
1929 1203 1978 1225 su-
1991 1177 2176 1234 iss'i’sissufssffizssssi
2203 1178 2216 1218 J,

1238 1253 1296 1287 per
1312 1243 1540 1283 candelabrum
1562 1244 1757 1287 apostolicae
1778 1244 1977 1278 auctoritatis
1993 1228 2175 1286 iiiiii-'ii’iiiiiiiiiiss

1238 1297 1367 1330 decreto
1388 1297 1644 1331 constituendam
1670 1298 1973 1341 praeordinaverat,
1992 1284 2026 1303 ω’

1239 1351 1356 1384 sactum
1381 1358 1437 1392 est,
1461 1352 1508 1384 vel
1528 1352 1639 1395 paucis
1665 1351 1826 1385 mensibus
1843 1358 1914 1395 post
1932 1352 1977 1386 se-

2210 484 2218 499 f

2204 1277 2218 1334 ‚rdt—
2206 1253 2221 1270 JJ
2207 1236 2215 1245 Ἀ

1238 1406 1331 1439 licem
1353 1406 1486 1439 Sanctae
1510 1406 1646 1446 obitum,
1670 1412 1705 1439 ut
1729 1406 1832 1439 bonae
1854 1417 1977 1440 memo-

1238 1459 1304 1493 riae
1325 1460 1467 1493 Andreas
1481 1459 1650 1504 episcopus
1663 1460 1860 1494 Auximanus
1879 1460 1978 1494 felicis
2204 1498 2217 1513 st

1240 1512 1472 1546 recordationis
1493 1513 1625 1554 Eugenii
1646 1513 1749 1557 Papae
1769 1513 1817 1552 lv,
1841 1514 1976 1556 praede·
2200 1519 2223 1559 js}

1239 1566 1374 1600 cessoris
1394 1566 1505 1606 nostri,
1526 1574 1601 1600 tunc
1620 1566 1652 1599 in
1670 1567 1754 1600 Urbe
1779 1566 1810 1599 in
1831 1566 1978 1610 spiritua-
2200 1580 2221 1598 ¹-

1239 1621 1321 1653 libns
1339 1620 1476 1653 vicarius
1497 1629 1629 1653 examen
1649 1620 1774 1653 testium
1794 1630 1889 1664 super
1909 1620 1977 1654 eius

1240 1674 1299 1707 vita
1329 1679 1360 1706 et
1391 1673 1554 1706 miraculis
1585 1673 1800 1706 connnitteret
1825 1673 1976 1717 episcopo

1239 1727 1382 1767 Bovensi‚
1422 1737 1458 1760 ac
1489 1726 1588 1770 priori
1624 1726 1808 1759 monasterii
1844 1728 1977 1760 Sanctae
2203 1744 2210 1771 3

1239 1781 1348 1814 Crucis
1367 1781 1398 1813 in
1417 1780 1615 1814 Hierusalem
1634 1779 1761 1813 Ordinis
1779 1780 1978 1814 Cat-tlmsien-

1238 1835 1290 1876 sis,
1315 1834 1381 1878 qui.
1406 1834 1581 1867 multorum
1601 1833 1789 1867 testimoniis
1808 1833 1973 1878 susceptis,

1238 1887 1445 1922 summariam
1473 1887 1713 1931 inquisitionem
1739 1892 1884 1929 egerunt.

1283 1943 1302 1983 5
1320 1941 1371 1974 27.
1396 1940 1514 1974 Deinde
1535 1951 1609 1974 vero
1629 1940 1761 1974 biennio
1778 1951 1815 1974 ac
1832 1941 1973 1974 nonnul-

1239 1994 1275 2027 lis
1293 1994 1455 2028 mensibus
1475 1993 1601 2037 elapsis,
1625 1999 1656 2027 et
1675 1995 1767 2027 eausa
1787 1993 1890 2027 bonae
1909 2004 1975 2026 me-

1240 2047 1359 2081 moriae
1391 2047 1545 2080 cardinali
1577 2047 1615 2080 de
1647 2046 1785 2080 Albertis
1813 2047 1974 2089 delegata,

1239 2100 1429 2133 instantibus
1455 2105 1665 2144 procuratore
1697 2105 1727 2133 et
1758 2099 1889 2144 syndico
1909 2109 1978 2133 mo-

1238 2154 1368 2188 nasterii
1404 2159 1532 2187 sanctae
1567 2153 1682 2186 Mariae
1722 2153 1826 2186 Novae
1845 2180 1852 2194 ‚
1893 2163 1998 2187 anno-

1237 2218 1392 2247 ucnxmu,
1421 2217 1573 2252 processu
1592 2217 1705 2240 (ausae
1720 2207 1904 2240 huiusmodi
1925 2217 1978 2240 co-

1237 2272 1304 2295 ram
1319 2262 1423 2294 bonae
1441 2259 1617 2293 memoriae
1632 2259 1798 2293 Dominico
1816 2259 1978 2293 cardinale

1238 2315 1387 2348 Firmano
1412 2318 1610 2356 nuncupato,
1638 2313 1846 2355 subdelegato
1867 2312 1974 2346 cardi-

1237 2368 1317 2401 nalis
1342 2368 1381 2401 de
1406 2367 1553 2407 Albertis,
1577 2366 1637 2399 rite
1668 2366 1823 2405 instituto,
1848 2365 1977 2408 triginta

1237 2428 1267 2455 et.
1285 2427 1357 2455 octo
1378 2426 1472 2454 testes
1485 2431 1582 2464 super
1599 2419 1760 2462 octoginta
1780 2419 1978 2453 articulisre-

1237 2475 1318 2519 cepti
1336 2480 1420 2508 sunt..
2187 2503 2199 2514 ,Ἴ

1282 2532 1297 2569 5
1316 2528 1367 2560 228.
1393 2529 1547 2561 Defuncto
1565 2527 1707 2569 Eugenio
1727 2526 1974 2569 praedecessore
2000 2559 2005 2563 ,
2024 2526 2208 2563 ,Duffvqwteaff'

1991 2559 2089 2584 lupiscnp·
2118 2560 2173 2579 iustu

1237 2582 1423 2626 praedicto,
1448 2591 1532 2614 :inno
1568 2590 1677 2619 mcum,
1713 2579 1835 2612 meritis
1861 2579 1974 2612 beatae
1990 2582 2207 2637 ffffitssgfflggpjss

2018 2620 2026 2632 ⁵
2044 2626 2048 2637 ·
2164 2621 2186 2642 ’,-

1237 2636 1424 2669 Franciscae
1449 2634 1666 2677 exigentibus,
1702 2633 1800 2667 l'elieis
1825 2634 1972 2667 recorda·
1990 2645 2034 2659 sum
2050 2639 2149 2659 fecerun·-
2182 2663 2205 2679 ,ἶ

1240 2689 1336 2723 tionis
1361 2689 1511 2722 Nicolaus
1537 2688 1623 2734 Papa
1642 2688 1664 2720 V
1690 2687 1811 2732 pariter
1836 2687 1972 2731 praede·

2013 1945 2127 1966 Prone-,sus
2138 1951 2175 1972 pet·
2193 1944 2205 1967 ,ᾗ

1990 1972 2120 1993 cardinalem
2147 1972 2174 1992 ant
2191 1975 2209 1999 ἢ

1992 1998 2032 2019 lion:
2051 1999 2174 2024 ‹lt-putatum
2195 2003 2215 2013 ὐ

1992 2025 2085 2046 babitus,
2203 2052 2206 2057 Ι

2186 2071 2206 2103 ‘ft
