2227 3241
29 262 77 292 An.
92 262 120 290 C.
142 261 211 290 1605

223 310 303 346 nihil
318 310 418 353 magis
431 311 660 353 necessarium,
684 322 780 356 quam
805 312 963 356 perfecto—

225 375 296 399 rum
311 364 449 398 militum
464 365 577 399 Christi
596 365 836 399 multitudinem
858 365 982 409 existi-¹

225 429 361 453 mamus.

271 476 288 517 ξ
309 474 339 507 1.
365 474 441 509 Cum
465 475 571 518 igitur,
586 474 668 508 sicut
686 484 802 516 magno
817 484 887 507 cum
901 473 965 517 spi·
983 485 984 511 ξ

226 529 333 562 rituali
354 529 473 572 gaudio
499 536 609 563 nostro
635 523 829 573 accepimus,
858 527 985 561 dilectit

227 582 283 615 tilii
310 577 450 625 religiosi
482 582 608 616 Ordinis
641 583 752 616 beatae
783 582 901 615 Mariae
929 579 986 629 de]

226 636 331 670 Monte
363 636 529 678 CarmeIO,
561 636 750 671 Carmelitae
781 636 986 670 Discalceati'

226 691 414 735 nuncupati,
440 697 503 724 tam
530 691 561 723 in
586 691 812 735 Hispaniarum
841 690 987 736 regnisjt

227 755 324 789 quam
354 745 385 777 in
411 745 519 779 ltaliae
551 751 580 778 et
605 745 678 779 novi
700 745 809 786 orbis,
833 737 988 788 aliisque?

226 799 338 833 mundi
363 799 520 843 partibus,
538 805 674 844 pergant
699 799 825 833 assidue
850 799 914 832 Deo
940 803 971 832 et

228 853 387 887 Ecclesiae
402 859 529 887 sanctae
541 864 617 887 suae
630 854 808 898 perfectum
820 853 889 886 exhi
895 853 971 887 bere

229 907 432 948 famulatum,
453 919 519 942 non
539 909 643 942 solum
659 909 718 953 ipsi
739 909 803 942 Deo
824 919 882 953 pei·
901 912 989 942 ora-⁸

229 960 350 995 tionem
376 968 407 995 et
435 962 744 1006 contemplationem
771 962 884 995 sedulo
913 972 968 995 va-

230 1021 350 1057 cantes,
371 1027 482 1050 verum
508 1016 603 1050 etiam
629 1017 810 1058 animarum
836 1016 970 1050 salutem

231 1070 377 1114 exemplo
391 1076 423 1103 et
435 1070 582 1104 doctrina
596 1070 732 1104 sollicite
746 1076 969 1115 procurantes,

231 1135 370 1168 cumque
391 1124 422 1157 in
444 1125 512 1158 dies
536 1125 656 1159 fructus
681 1125 848 1159 uberiores
869 1131 899 1158 et
927 1124 973 1158 di-

232 1184 301 1212 ctae
312 1178 488 1222 Religionis
501 1180 746 1224 propagatione,
763 1179 974 1212 benedicente

231 1232 380 1274 Domino,
400 1233 552 1277 sperandi
573 1233 653 1273 sint,
681 1244 739 1266 nos
757 1233 796 1266 ad
818 1243 865 1273 ea,
893 1243 975 1276 quae

233 1286 459 1329 religiosorum
494 1287 683 1320 eorumdem
718 1293 892 1330 augmento
926 1297 975 1319 ce-

235 1340 312 1374 dere
337 1347 491 1384 possunt,
528 1341 755 1379 concedenda,
790 1347 886 1384 atque
919 1351 974 1379 ea,

235 1405 319 1438 quae
339 1384 406 1428 illis'
421 1395 453 1427 in
472 1394 534 1427 hoc
555 1394 824 1438 impedimentum
845 1394 978 1437 aliquod

236 1448 353 1482 afferre
373 1448 618 1490 dignoscuntur,
647 1448 842 1481 removenda
864 1445 996 1481 merito³

236 1502 466 1547 propensiores
486 1513 607 1536 sumus.

57 495 137 525 Causae
149 493 210 523 huius

31 523 190 544 constitutionis.

99 1577 223 1599 camma,
283 1558 299 1599 ἓ
320 1556 350 1590 ⁶2.
371 1557 475 1597 Quare
500 1563 589 1590 motu
614 1557 757 1601 proprio,
778 1561 809 1590 et
833 1567 869 1589 ex
895 1554 999 1591 certat

93 1604 224 1652 ξὲζξέξᾎᾞζῖ
238 1611 387 1652 scientia,
416 1622 452 1644 ac
478 1613 565 1645 mera
592 1610 824 1644 deliberatione
850 1611 1000 1654 nosti‘a,3

45 1657 224 1733 Ξῃῖἓωὸῖᾱῗξξζ
239 1664 344 1709 deque
364 1665 560 1709 apostolieae
580 1665 746 1709 potcstatis
767 1663 979 1708 plenitudine,

65 1717 128 1735 Osm-

241 1777 346 1805 torum
367 1773 591 1817 superioribus
612 1779 642 1806 et
662 1772 832 1815 religiosis,
856 1777 891 1804 ut
911 1769 983 1803 ulii-

239 1837 301 1871 que
330 1827 493 1867 locorum,
518 1826 669 1861 cuilibet¹
697 1827 728 1859 in
755 1826 901 1859 districtu
927 1832 1002 1857 suo*

239 1879 347 1924 (iuxta
390 1880 570 1913 litterarum
612 1880 712 1914 felicis
752 1878 985 1914 recordationis

239 1933 410 1968 Clementis
433 1935 622 1979 Papae'rl'lll
644 1933 901 1979 praedecessoris
926 1944 984 1966 no-

240 1988 296 2022 stri
310 2000 408 2033 super
422 1988 585 2022 erectione
603 1987 863 2031 congregationis
877 1986 985 2020 Italiae

241 2042 397 2086 praedicti
408 2041 548 2083 Ordinis,
564 2042 622 2076 sub
638 2041 710 2076 data
725 2041 775 2075 die
790 2051 845 2075 xiii
859 2051 987 2074 novem-

241 2096 308 2130 bris
335 2097 410 2130 anni
442 2096 568 2130 Domini
594 2106 677 2137 iiiuc,
705 2095 912 2140 pontificatus
938 2094 986 2127 sui

245 2160 328 2184 anno
353 2161 404 2192 ix,
433 2150 654 2195 expeditarum
682 2150 818 2183 sormam
845 2153 876 2182 et
896 2153 986 2181 teno-

246 2204 349 2246 rem²,
377 2216 474 2249 quem
500 2204 724 2249 praesentibus
754 2214 812 2247 pro
838 2211 988 2246 expresso

245 2258 357 2292 haberi
378 2259 547 2300 volumus)
577 2259 691 2292 domos
717 2263 745 2291 et
773 2255 985 2294 monasteria,

247 2312 332 2347 iuxta
352 2312 485 2347 Coneilii
499 2312 677 2346 Tridentini
696 2312 842 2351 decreta,
866 2312 905 2344 de
923 2311 989 2344 sola

247 2365 376 2400 licentia
410 2366 679 2406 Ordinaiioruni,
722 2365 812 2398 nullo
854 2363 1007 2397 aliarum

248 2431 460 2464 personarum
475 2420 613 2454 cuiusvis
627 2419 765 2460 Ordinis,
787 2419 882 2452 etiam
902 2413 1008 2460 i·egu-'

249 2473 383 2515 larium,
406 2473 577 2518 {requisito
615 2483 773 2507 consensu
790 2500 797 2513 ,
826 2472 988 2512 condere,
1008 2510 1010 2515 ι

251 2527 385 2562 fundare
417 2533 447 2561 et
479 2528 602 2571 erigere
635 2527 774 2567 valeant,
803 2518 1009 2559 auctoritate¹

287 2601 298 2627 1
320 2600 414 2636 Aptius
433 2599 552 2628 Cherub.
574 2599 639 2636 legit
659 2599 779 2634 quilibet
798 2598 839 2632 (n.
855 2598 904 2633 τ.).

876 263 997 287 PAULUS
1018 264 1036 287 V
1056 264 1106 287 FP.

239 1717 384 1752 eiusdem
401 1718 531 1752 Ordinis
543 1719 787 1753 Carmelitaruni
806 1717 984 1751 Discalcea-
999 1716 1001 1728 “

286 2644 303 2672 2
322 2644 392 2676 Quas
410 2645 519 2681 require
539 2644 565 2672 in
585 2648 652 2672 tom.
673 2653 689 2670 x
713 2651 772 2679 pag.
795 2642 846 2670 619
866 2643 904 2677 (a.
926 2644 974 2676 T.).

288 2688 304 2717 3
323 2689 390 2719 Vide
410 2698 502 2726 supra,
522 2699 583 2726 pag.
605 2689 635 2716 Ql
660 2689 739 2717 liuius
762 2688 812 2716 vol.
834 2695 871 2722 tn.
886 2689 934 2723 T.).

632 2750 655 2765 Χ

1646 252 1703 286 951
1756 262 1805 289 Aa.
1827 263 1855 290 c.
1874 262 1942 290 ¹605

998 312 1185 355 apostolica,
1204 318 1315 345 tenore
1328 312 1559 356 praesentium,
1576 311 1740 345 licentiam

998 375 1034 397 ae
1049 365 1231 399 facultatem
1250 366 1458 400 concedimus
1476 372 1506 399 et
1524 365 1740 409 indulgemus.

1045 418 1104 461 ΞΒ.
1119 420 1186 453 Non
1200 421 1400 455 obstantibus
1411 421 1555 455 eiusdem
1569 420 1742 455 Clementis
1767 431 1883 461 neiogaiio
1894 436 1943 451 eon-

1000 474 1268 516 praedecessoris,
1282 486 1364 519 quae
1389 476 1501 520 incipit
1523 475 1687 516 Quoniam
1701 473 1743 507 ad
1759 461 1878 479 ‘mmmm'

1001 527 1202 568 institutam,
1223 529 1282 561 sub
1298 529 1407 562 datum
1428 529 1548 562 Romae
1569 528 1656 572 apud
1673 538 1745 561 san-

1002 586 1088 613 ctum
1111 581 1250 614 Marcum
1274 583 1332 616 sub
1358 583 1478 616 annulo
1498 583 1669 616 Piscatoris
1696 581 1747 615 die

1003 643 1083 667 xxiii
1098 634 1164 667 iulii
1181 645 1293 673 iinciii,
1308 636 1513 680 pontificatus
1527 637 1574 670 sui
1590 647 1674 669 anno
1688 645 1744 676 xti,

1004 689 1138 734 aliisque
1153 690 1437 724 constitutionibus
1448 697 1478 724 et
1489 691 1749 724 ordinationibus

1004 745 1207 789 apostolicis,
1232 751 1261 778 et
1287 745 1424 778 cuiusvis
1450 745 1581 779 alterius
1606 745 1745 787 Ordinis,

1005 799 1100 832 etiam
1123 799 1323 839 iuramento,
1348 799 1596 832 confirmatione
1621 806 1750 844 aposto-

1006 854 1077 893 lica,
1106 854 1153 887 vel
1182 854 1291 898 quavis
1316 854 1468 887 firmitate
1494 854 1556 886 alia
1577 854 1746 895 roboratis,

1005 908 1132 941 statutis
1163 914 1194 941 et
1229 908 1539 947 consuetudinibus,
1575 908 1750 952 privilegiis

1006 973 1147 1006 quoque,
1158 962 1289 995 indultis
1304 967 1334 994 et
1347 961 1460 995 litteris
1475 962 1670 1005 apostolicis,
1682 961 1752 1005 qui-

1006 1017 1113 1050 busvis
1134 1017 1203 1050 aliis
1223 1017 1397 1051 Ordinibus
1422 1028 1458 1050 ac
1481 1028 1593 1050 eorum
1609 1018 1753 1061 superio-

1009 1071 1097 1105 ribus
1115 1078 1145 1104 et
1162 1071 1318 1115 personis,
1332 1072 1390 1104 sub
1405 1071 1664 1115 quibuscumque
1682 1082 1754 1104 ver-

1008 1126 1123 1159 borum
1143 1126 1254 1159 formis
1271 1131 1301 1158 et
1319 1126 1496 1165 tenoribus,
1512 1126 1544 1158 in
1558 1126 1755 1159 contrarium

1009 1180 1278 1224 praemissorum,
1299 1180 1544 1224 quomodolibet
1573 1180 1753 1220 concessis,

1010 1233 1210 1267 confirmatis
1231 1239 1262 1266 et
1287 1233 1483 1276 approbatis.
1513 1233 1634 1272 Quibus
1651 1233 1757 1266 omni-

1011 1287 1070 1320 bus
1091 1294 1120 1320 et
1141 1287 1285 1329 singulis,
1307 1297 1420 1320 eorum
1448 1293 1577 1320 tenores
1598 1297 1754 1330 praesen-

1015 1341 1097 1375 tibus
1123 1352 1182 1385 pro
1215 1341 1371 1384 expressis
1396 1341 1573 1380 habentes,
1602 1340 1663 1373 hac
1690 1340 1758 1373 viee

1014 1395 1178 1428 dumtaxat
1198 1395 1381 1439 specialiter
1401 1401 1431 1429 et
1452 1405 1601 1439 expresse
1622 1395 1759 1437 deroga-

1015 1460 1096 1490 mus,
1118 1460 1153 1482 ac
1175 1450 1365 1491 derogatum
1384 1460 1451 1482 esse
1472 1449 1633 1489 volumus,
1655 1453 1758 1481 caete-

996 1532 998 1551 ,
1015 1504 1123 1547 risque
1144 1503 1312 1536 contrariis
1334 1503 1604 1547 quibuscumque.

1061 1557 1128 1600 §4-
1158 1557 1313 1590 Volumus
1340 1562 1447 1590 autem
1476 1562 1512 1589 ut
1540 1556 1757 1600 praesentium
1808 1567 1959 1599 Transumpio-

1019 1612 1237 1655 transumptis.
1262 1611 1357 1644 etiam
1380 1611 1555 1655 impressis,
1577 1621 1675 1644 manu
1695 1621 1756 1643 no·
1774 1601 1821 1616 mm
1836 1594 1896 1615 '¹⁶⁰⁵'

1019 1666 1089 1699 tarii
1104 1665 1223 1710 publici
1238 1665 1438 1708 subscriptis,
1456 1670 1486 1698 et
1500 1664 1605 1707 sigillo
1626 1665 1760 1697 alicuius

1018 1730 1175 1764 personae
1193 1719 1225 1752 in
1243 1718 1397 1761 dignitate
1412 1718 1626 1752 ecclesiastica
1646 1718 1764 1752 eonsti-

1020 1780 1105 1807 tutae
1126 1772 1269 1813 munitis,
1291 1773 1404 1806 eadem
1425 1782 1558 1816 prorsus
1576 1772 1655 1805 sides
1674 1771 1764 1805 adhi-

1020 1828 1145 1869 beatur,
1170 1838 1253 1871 quae
1279 1827 1354 1870 ipsis
1381 1826 1604 1870 praesentibus
1629 1826 1764 1859 adhibe-

1021 1888 1120 1922 retur,
1141 1881 1164 1914 si
1188 1881 1293 1914 forent
1314 1879 1474 1914 exhibitae
1492 1880 1540 1912 vel
1559 1885 1716 1912 ostensae.

1064 1936 1179 1968 Datuni
1201 1935 1321 1968 Romae
1343 1934 1429 1978 apud
1449 1939 1597 1967 sanctum
1617 1933 1761 1973 Petrum,

1020 1989 1078 2023 sub
1101 1988 1221 2022 annulo
1243 1988 1412 2021 piscatoris
1437 1987 1489 2020 (lie
1515 1998 1558 2021 xii
1583 1986 1764 2021 decembris

1020 2054 1116 2083 itiner,
1141 2043 1349 2087 pontificatus
1367 2042 1468 2075 nostri
1489 2052 1574 2074 anno
1596 2051 1617 2074 1.

1057 2108 1117 2134 Dat.
1139 2106 1183 2134 die
1207 2106 1237 2133 12
1258 2106 1413 2133 decembris
1432 2105 1513 2137 1005,
1533 2104 1625 2140 pontif.
1649 2112 1693 2131 an.
1714 2110 1732 2130 1.

1344 2243 1434 2276 xxti.

1024 2316 1149 2349 Erectio
1175 2315 1295 2348 banchi
1318 2314 1539 2358 depositorum
1556 2312 1669 2346 Sancti
1692 2312 1766 2354 Spi-

1069 2370 1154 2402 ritus
1175 2369 1211 2402 in
1231 2369 1334 2403 Saoeia
1355 2368 1392 2401 de
1415 2368 1497 2401 Urbe
1512 2366 1530 2399 ¹.

1266 2451 1378 2478 Paulus
1399 2450 1476 2483 Papa
1496 2449 1527 2481 V,

1151 2507 1186 2532 ad
1207 2506 1385 2539 perpetuam
1405 2503 1448 2530 rei
1469 2501 1651 2529 memoriam.

1072 2569 1088 2610 ξ
1118 2567 1147 2600 l.
1182 2569 1206 2600 A
1232 2566 1438 2611 pontificatus
1464 2563 1562 2597 nostri
1589 2562 1769 2607 primordio
1821 2582 1970 2602 mmmmm.

1786 2609 1824 2628 lius
1849 2611 1972 2629 mercatori-

1029 2622 1198 2663 clamores,
1224 2631 1304 2666 quos
1333 2630 1351 2653 a
1379 2618 1488 2652 multis
1517 2617 1608 2651 annis
1638 2617 1718 2651 citra
1738 2616 1770 2650 in
1785 2635 1926 2660 mmmmm
1937 2640 1971 2656 m.

1066 2688 1075 2713 1
1100 2686 1138 2713 Ex
1158 2685 1265 2721 Regest.
1288 2685 1315 2712 iii
1335 2684 1439 2712 Secret.
1458 2682 1537 2710 Brev.
