2227 3241
235 265 422 295 1tn.c.1605
468 255 533 290 234
584 290 592 291 c

436 368 548 401 darum
567 365 723 399 fructibus
743 364 837 398 simul
852 364 1077 398 reservandam
1101 374 1178 397 con-

435 419 552 454 sentire
577 418 760 451 nullatenus
785 428 938 461 umquam
960 423 1101 461 possent,
1122 418 1177 451 sed

436 473 508 506 illae
529 482 665 516 semper,
684 477 714 505 ct
734 471 822 504 omni
855 476 1010 515 tempore,
1034 470 1073 504 ab
1089 471 1176 504 omni

437 536 533 560 onere
551 531 582 559 et
599 525 805 569 impositione
823 524 918 558 etiam
934 524 1109 568 apostolica
1123 534 1179 557 au-

437 579 595 619 ctoritate,
611 579 659 611 vel
674 589 733 622 pro
745 578 874 612 servitio
891 577 1044 611 ecclesiae
1057 578 1180 611 Latera-

437 633 544 667 nensis
557 639 610 666 aut
625 632 756 676 capituli
767 631 1005 676 praedictorum
1017 631 1140 665 liberae
1149 637 1180 665 et

438 692 604 731 exemptae
624 696 757 730 prorsus
770 691 987 726 remanerent,
1005 691 1035 719 et
1049 685 1091 718 ita
1105 684 1180 718 libe-

438 750 492 773 rae
505 745 536 773 et
549 745 716 783 exemptae
727 739 786 772 sub
799 738 927 772 Henrici
940 744 969 772 et
981 738 1031 772 eiu
1045 749 1180 772 ssucces-

438 801 547 825 sorum
569 800 681 834 regum
702 790 943 834 praedictorum
972 790 1180 834 dispositione

440 851 470 879 et
489 844 698 878 concessione
727 844 805 887 (non
826 849 933 877 autem
955 843 1104 887 capituli,
1125 854 1180 877 seu

440 898 671 933 canonicorum
703 907 762 941 pro
796 902 942 941 tempore
975 897 1180 931 existentium

439 951 626 986 huiusmodi
655 951 838 995 portionem
864 951 1103 991 obtinentium,
1133 951 1180 984 vel

439 1005 576 1040 Romani
591 1004 754 1038 Pontificis
768 1005 1042 1049 quandocumque
1053 1005 1183 1038 existen-

441 1059 490 1102 tis,
512 1065 567 1094 aut
587 1059 677 1094 Sedis
690 1059 888 1104 praedictae)
911 1059 1043 1092 omnino
1069 1065 1182 1100 essent,

441 1118 497 1147 aut
524 1123 592 1147 esse
616 1118 840 1153 censerentur3
869 1112 1021 1157 quodque
1049 1112 1183 1146 dilectus

443 1166 527 1200 filius
551 1167 686 1200 Ioannes
712 1165 853 1209 Baptista
880 1158 1011 1199 Elicor'la
1039 1165 1182 1198 eiusdem

443 1219 596 1254 ecclesiae
616 1219 839 1252 Lateranensis
859 1218 1044 1259 canonicus,
1064 1218 1119 1262 qui
1140 1218 1183 1251 ei-

444 1274 517 1307 dem
539 1273 678 1307 lIenrico
700 1272 768 1316 regi
786 1278 895 1315 gratus
909 1277 940 1306 et
954 1278 1102 1316 acceptus
1120 1272 1184 1305 exi-

445 1327 510 1368 stit,
533 1332 569 1360 ut
589 1326 709 1370 duplici
730 1326 853 1359 honore
871 1336 908 1359 ex
927 1326 1080 1369 praedicti
1102 1325 1186 1368 regis

444 1379 571 1413 Henrici
589 1378 812 1412 benevolentia
827 1379 998 1419 frueretur,
1019 1379 1097 1412 duas
1110 1389 1185 1422 por-

446 1433 554 1466 tiones
573 1432 729 1472 haberet,
754 1432 796 1465 ita
815 1438 850 1465 ut
869 1432 936 1465 eius
961 1432 1024 1465 vita
1051 1432 1186 1466 durante

447 1485 614 1530 praedicta
634 1485 788 1519 medietas
804 1486 968 1518 fructuum
986 1496 1050 1518 non
1069 1486 1100 1519 in
1115 1492 1187 1519 octo

448 1540 630 1580 dumtaxat,
653 1544 688 1572 ut
712 1539 904 1583 praefertur,
929 1539 986 1572 sed
1012 1539 1043 1572 in
1072 1549 1185 1572 novem

447 1593 598 1636 aequales
614 1592 779 1636 portiones
799 1591 1005 1633 divideretur,
1022 1603 1057 1626 ex
1071 1592 1188 1636 quibus

450 1646 554 1680 dictus
573 1647 708 1680 Ioannes
727 1646 867 1689 Baptista
888 1646 966 1679 duas
986 1646 1185 1689 perciperet,

448 1706 522 1744 post
545 1710 620 1733 vero
647 1699 733 1733 illius
758 1699 882 1733 obitum
907 1699 1089 1743 praedictae
1112 1710 1188 1743 por-

450 1753 553 1787 tiones
584 1758 656 1794 octo
682 1758 808 1794 essent,
840 1762 897 1787 nec
928 1763 963 1786 ex
995 1758 1068 1785 tunc
1094 1752 1189 1786 alicui

451 1806 608 1840 canonico
634 1807 751 1850 duplex
775 1806 881 1850 portio
900 1806 1127 1849 assignaretur,
1144 1806 1191 1839 di-

451 1864 584 1904 ctusque
597 1860 732 1894 Ioannes
745 1860 884 1905 Baptista
898 1871 934 1893 ex
954 1860 1053 1893 altera
1072 1859 1191 1892 medie-

451 1918 515 1947 tate
541 1913 703 1947 fructuum
730 1914 813 1947 inter
829 1924 941 1947 omnes
955 1913 1192 1947 distribuendo—

452 1978 523 2000 rum
539 1967 699 2011 duplicem
718 1968 899 2011 portionem
918 1968 1060 2009 haberet,
1075 1978 1192 2011 nempe

453 2021 665 2062 tantumdem,
693 2027 848 2064 quantum
879 2021 943 2055 duo
968 2020 1020 2054 alii
1046 2020 1192 2054 canonici

454 2075 597 2108 eiusdem
611 2074 765 2108 ecclesiae
778 2074 998 2108 Lateranensis
1009 2085 1043 2107 ex
1053 2075 1120 2119 ipsa
1132 2085 1195 2108 me-

414 2136 417 2137 ’
455 2128 573 2162 dietate
593 2128 815 2172 perciperent,
839 2133 869 2161 et
888 2128 1074 2161 huiusmodi
1094 2139 1190 2172 prae-

453 2182 597 2226 rogativa
618 2182 720 2223 alteri,
740 2192 778 2215 eo
799 2181 860 2215 vita
880 2182 1007 2223 functo,
1030 2193 1094 2216 non
1116 2193 1193 2215 con-

456 2237 635 2277 cederetur;
657 2246 693 2269 ac
713 2235 771 2280 ipsi
787 2235 962 2280 capitulum
982 2242 1012 2269 et
1032 2236 1190 2277 canonici,

455 2299 582 2323 necnon
602 2288 783 2323 beneficiati
798 2289 949 2323 etclerici
970 2290 1121 2323 ecclesiae
1142 2290 1196 2323 La-

459 2343 633 2378 teranensis
646 2343 842 2384 huiusmodi,
856 2348 969 2377 tuncet
980 2354 1039 2387 pro
1053 2349 1196 2387 tempore

458 2397 627 2431 existentes
660 2396 824 2441 perpetuis
851 2396 965 2430 suturis
998 2397 1196 2441 temporibus

459 2451 498 2484 ad
524 2451 624 2484 altare
645 2450 747 2483 maius
768 2450 911 2484 eiusdem
933 2451 1084 2484 ecclesiae
1104 2451 1195 2484 Late-

284 2503 604 2546 1.,.„„,-1u.„q.,0ranensis
637 2503 781 2547 quolibet
809 2513 893 2537 anno
921 2513 979 2547 per
1007 2503 1194 2537 canonicum

262 2549 355 2573 ‘³''¹¹¹¹'⁰
395 2554 446 2568 ⁰⁰⁰⁹
462 2558 525 2589 una
546 2567 617 2589 cum
637 2556 773 2590 diacono
794 2561 824 2589 et
849 2556 1048 2589 subdiacono
1079 2556 1198 2601 paratis

262 2576 314 2594 (tuas
345 2575 448 2595 solemnes

262 2605 336 2647 abssas
342 2601 449 2621 celebran-

280 2633 291 2647 ι.

1016 261 1198 287 ηυιιΑηῐυΜ
1215 261 1369 287 nonarum

435 326 471 348 ac
485 314 578 348 etiam
593 322 704 346 eorum
720 311 967 345 canonicatuum
984 316 1013 344 et
1026 311 1179 355 praeben-

1211 310 1282 344 ficia
1294 310 1388 344 unius
1405 320 1541 354 magnae
1555 320 1611 344 seu
1630 310 1816 344 decantatae
1834 310 1949 345 missae

1211 374 1269 408 pro
1288 363 1451 408 quolibet,
1473 373 1573 396 unum
1588 362 1736 397 videlicet
1751 363 1783 396 in
1800 363 1852 397 die
1868 363 1952 397 sesti-

1211 417 1315 451 vitatis
1335 422 1463 450 sanctae
1489 416 1625 459 Luciae,
1646 427 1728 460 quae
1748 416 1817 450 dies
1836 416 1950 451 natalis

1212 470 1310 514 ipsius
1323 469 1452 503 llenrici
1470 469 1555 512 regis
1575 469 1692 510 existit,
1712 469 1751 502 de
1772 469 1851 502 sesto
1869 468 1952 503 eius-

1212 523 1283 556 dem
1306 528 1434 556 sanctae
1453 522 1585 563 Luciae,
1612 522 1658 556 vel
1677 522 1752 563 alio,
1775 522 1950 557 Galliarum

1211 576 1386 620 protectori
1417 576 1500 620 apud
1526 576 1639 610 Sedem
1669 575 1867 620 praedictam
1892 586 1952 620 pro

1212 636 1355 674 tempore
1367 629 1513 663 existenti
1526 629 1689 670 beneviso,
1698 639 1758 673 pro
1767 629 1853 663 dicto
1866 640 1953 673 rege,

1213 683 1280 716 eius
1293 683 1355 716 vita
1367 683 1512 723 durante,
1529 688 1570 723 et,
1580 688 1652 726 post
1665 682 1733 716 eius
1747 682 1882 725 obitum,
1892 693 1952 727 pro

1213 747 1287 780 rege
1313 738 1510 779 Francqrum
1536 747 1594 781 pro
1625 742 1770 781 tempore
1798 743 1953 780 regnante

1214 797 1245 824 et
1259 791 1348 833 regni
1362 790 1536 824 Galliarum
1551 789 1635 823 felici
1651 801 1687 823 ac
1699 800 1856 834 prospero
1869 796 1954 825 statu

1215 851 1245 878 et
1265 844 1424 888 gubernio
1448 845 1585 878 alterum
1614 854 1690 877 vero
1718 843 1824 878 officia
1843 843 1954 878 huius-

1216 898 1302 932 modi
1324 898 1374 931 die
1407 900 1516 931 octava
1545 897 1865 931 commemorationis
1892 897 1950 931 de-

1216 953 1414 993 functorum,
1432 952 1579 986 videlicet
1595 952 1646 985 die
1666 953 1751 985 nona
1765 951 1884 985 mensis
1897 961 1954 985 no-

1216 1006 1371 1046 vembris,
1401 1006 1431 1038 in
1458 1017 1521 1050 qua
1546 1005 1660 1039 festum
1681 1004 1782 1038 sancti
1814 1004 1954 1049 Dionysii

1216 1060 1409 1100 celebratur,
1426 1070 1485 1104 pro
1498 1060 1693 1093 Francorum
1716 1058 1952 1099 defunctorum,

1217 1119 1247 1147 et
1261 1113 1424 1156 signanter
1437 1112 1564 1146 ilenrici
1579 1112 1662 1154 regis
1675 1111 1956 1153 huiusmodifani-

1219 1177 1343 1199 marum
1371 1167 1473 1199 salute
1502 1171 1532 1199 et
1559 1165 1736 1208 refrigerio,
1760 1171 1802 1206 et,
1829 1170 1958 1209 praeter

1219 1219 1297 1253 baec
1319 1220 1382 1252 duo
1404 1219 1508 1252 officia
1528 1218 1696 1260 solemnia,
1711 1229 1808 1252 unam
1829 1218 1956 1252 missam
1972 1217 2155 1273 ouggzffigrdfflii
2180 1209 2182 1215 ’

1219 1272 1438 1318 quotidianam
1450 1271 1606 1306 submissa
1618 1282 1694 1305 voce
1707 1271 1738 1304 in
1751 1271 1841 1305 altari
1855 1271 1959 1306 dictae

1218 1326 1370 1359 ecclesiae
1398 1325 1642 1366 Lateranensis,
1676 1330 1708 1358 et
1736 1325 1816 1360 hora
1844 1335 1862 1358 a
1885 1335 1959 1370 pro-

1221 1384 1340 1412 tectore
1361 1390 1415 1412 scu
1437 1390 1495 1423 pro
1523 1384 1666 1422 tempore
1687 1378 1840 1412 existente
1860 1379 1960 1413 Fran-

1221 1443 1333 1466 corum
1355 1432 1438 1475 regis
1462 1432 1548 1476 apud
1568 1433 1748 1465 Romanum
1770 1431 1959 1466 Pontificem

1221 1493 1250 1520 et
1267 1487 1380 1520 Scdem
1403 1486 1587 1519 huiusmodi
1616 1490 1746 1519 oratore
1778 1485 1872 1519 etiam
1902 1496 1961 1530 pro

1222 1546 1365 1584 tempore
1394 1539 1539 1573 existenti
1559 1539 1830 1583 quandocumque
1858 1539 1898 1573 ad
1930 1539 1962 1573 id

1222 1593 1429 1636 designanda,
1445 1603 1504 1636 pro
1531 1592 1600 1636 ipso
1627 1591 1766 1625 Henrico
1788 1602 1865 1635 rege
1889 1602 1960 1626 cum

1223 1647 1370 1680 oratione
1390 1656 1449 1690 pro
1470 1646 1665 1679 Francorum
1691 1645 1820 1687 regibus
1844 1650 1873 1678 et
1899 1647 1963 1679 una

1223 1701 1354 1733 collecta
1370 1699 1606 1740 defunctorum,
1624 1698 1653 1731 in
1664 1698 1713 1731 his
1726 1698 1838 1732 diebus
1847 1698 1963 1743 quibus

1224 1754 1347 1788 licitum
1369 1759 1399 1787 et
1419 1752 1611 1798 permissum
1637 1757 1734 1793 esset,
1757 1762 1817 1796 pro
1837 1751 1964 1786 animae

1225 1808 1300 1841 dicti
1321 1807 1448 1841 llenrici
1474 1806 1558 1849 regis
1582 1805 1768 1848 refrigerio,
1791 1811 1963 1850 postquam

1226 1861 1293 1905 ipse
1314 1861 1353 1894 ab
1373 1860 1433 1893 bac
1454 1860 1515 1893 vita
1541 1859 1723 1901 migrasset:
1746 1859 1836 1892 nullo
1857 1865 1964 1892 tamen

1226 1924 1367 1958 unquam
1388 1918 1544 1957 tempore,
1558 1913 1588 1945 in
1603 1911 1734 1946 secretis
1745 1911 1877 1946 canonis
1890 1912 1965 1946 mis-

1226 1980 1290 2009 sae,
1318 1968 1461 2002 eiusdem
1475 1966 1604 2000 Henrici
1631 1965 1715 2009 regis
1730 1965 1793 1999 vita
1813 1966 1961 2007 durante,

1227 2032 1286 2066 pro
1308 2021 1395 2062 vivis,
1417 2026 1457 2060 et,
1481 2031 1519 2054 co
1537 2020 1599 2053 vita
1624 2020 1744 2060 functo,
1767 2029 1827 2062 pro
1851 2019 1965 2053 desun-

1228 2076 1284 2110 ctis
1299 2074 1367 2108 ficri
1381 2074 1482 2108 solitis
1499 2073 1661 2118 precibus,
1683 2073 1721 2106 de
1743 2073 1811 2116 ipso
1828 2071 1965 2106 Henrico

1230 2140 1302 2172 rege
1323 2127 1547 2173 praetermissa
1566 2126 1722 2160 memoria
1735 2137 1791 2160 seu
1806 2125 1965 2168 oratione)

1229 2183 1391 2216 celebrare
1417 2181 1572 2215 deberent
1596 2186 1625 2213 et
1651 2185 1856 2221 tenerentur;
1880 2185 1966 2213 etex

1231 2237 1282 2269 illa
1298 2236 1468 2269 medietate
1484 2235 1643 2268 fructuum
1659 2233 1741 2267 inter
1754 2232 1925 2266 canonicos
1937 2238 1968 2265 et.

1230 2289 1437 2322 beneficiatos
1465 2293 1496 2321 et
1523 2287 1657 2321 clericos
1679 2286 1860 2331 praedictos
1885 2295 1968 2318 corn-

1231 2343 1370 2376 muniter
1391 2341 1688 2375 distribuendorum
1713 2345 1814 2384 parte,
1838 2344 1967 2372 centum

1230 2401 1260 2429 et
1285 2394 1519 2439 quinquaginta
1547 2397 1646 2433 scuta,
1668 2397 1794 2425 centum
1820 2390 1968 2424 videlicet

1230 2449 1261 2482 in
1282 2449 1394 2482 eadem
1419 2447 1586 2481 festivitate
1609 2450 1738 2480 sanctae
1757 2444 1886 2485 Luciae,
1910 2454 1964 2477 re-

1231 2503 1317 2547 liqua
1338 2513 1412 2536 vero
1430 2500 1662 2546 quinquaginta
1682 2505 1769 2532 scuta
1782 2497 1968 2532 huiusmodi

1232 2558 1342 2590 eadem
1364 2556 1415 2589 die
1432 2557 1516 2589 nona
1537 2553 1654 2587 mensis
1668 2551 1863 2592 novembris,
1887 2551 1970 2584 inter

463 2619 500 2642 ac
519 2609 669 2643 omnibus
689 2610 788 2654 ipsius
806 2609 958 2643 ecclesiae
977 2610 1199 2643 Lateranensis
1232 2610 1317 2643 solos
1336 2613 1520 2653 praesentes
1544 2612 1574 2639 et
1594 2605 1709 2639 divinis
1729 2603 1842 2638 officiis
1861 2612 1970 2647 perso-

463 2661 660 2706 stipendiatis
685 2663 869 2698 cantoribus
893 2664 957 2698 duo
977 2663 1134 2697 solemnia
1153 2663 1200 2697 of·
1233 2662 1347 2697 naliter
1367 2661 1594 2695 interessentes
1607 2657 1753 2704 (reliquis
1765 2667 1841 2691 vero
1854 2656 1969 2690 absen-

1973 1280 2042 1306 gnata.
