2227 3241
11 2565 15 2590 l

27 258 74 286 ΚΠ.
87 257 115 285 C.
138 256 209 284 1606

61 585 144 607 &metio
159 591 210 612 poe-

27 616 86 638 natis

75 2567 169 2591 vacuitas
177 2574 228 2590 nun-

51 2595 83 2616 elo
115 2595 229 2623 deputandi

14 2630 20 2638 ν
52 2621 178 2644 vtnitatorom
193 2623 229 2644 ho·

12 2648 15 2666 l
51 2649 140 2675 spitalin

873 255 992 281 PAULUS
1013 256 1032 280 V
1051 256 1102 280 PP.

224 309 255 338 et
279 304 414 347 gloriam
443 304 604 339 Ecclesiae
636 310 667 338 et
698 303 811 339 CurIae
843 304 965 338 bonum

223 358 402 402 publicum,
419 359 686 403 privatorumque
700 358 965 392 commoditatem

224 418 255 445 et
286 413 467 457 exemplum
503 412 666 447 laudabile
702 413 839 454 cedant,
874 418 967 458 teque

224 466 309 510 apud
330 476 388 500 nos
406 471 436 500 et
449 466 563 500 Sedem
578 466 787 510 praedictam,
806 471 842 500 ut
861 477 969 510 spera-

226 529 307 559 mus,
333 520 448 553 merito
468 520 668 564 peramplius
687 520 964 553 recommendent.

272 572 353 615 542.
363 573 447 607 Nulli
459 584 537 616 ergo
549 574 680 607 omnino
690 573 860 607 hominum
874 574 969 607 liceat

226 625 310 659 hanc
329 626 481 670 paginam
503 632 632 661 nostrae
653 627 875 667 absolutionis,
897 636 971 660 con-

227 679 379 713 cessionis
394 707 401 721 ,
431 680 677 724 assignationis,
705 680 944 714 constitutionis
959 707 966 721 ,

227 733 455 778 deputationis,
480 734 737 775 substitutionis,
760 734 966 777 subrogatio-

226 787 286 829 nis,
306 787 510 822 admissionis
530 788 731 831 singulorum
754 788 966 829 indultorum,

226 845 419 876 statutorum
437 871 444 885 ,
471 843 711 877 ordinationum
732 870 739 884 ,
782 843 969 876 facultatum

227 896 482 940 approbationis,
504 896 771 939 confirmationis,
793 897 972 931 innovatio-

228 949 288 991 nis,
316 951 526 992 extensionis,
554 951 794 996 ampliationis,
819 951 968 985 decreto-

229 1005 499 1049 rum,praecepti‚
520 1005 760 1046 mandatorum,
783 1004 968 1047 voluntatis,

229 1058 448 1101 derogationis
475 1065 506 1093 et
530 1059 757 1094 declarationis
782 1058 968 1101 infringere,

228 1112 277 1145 vel
298 1122 377 1146 ausu
398 1113 571 1147 temerario
590 1113 760 1147 contraire.
778 1113 809 1146 Si
830 1113 902 1157 quis
921 1123 974 1146 au-

230 1170 293 1199 tem
315 1166 376 1199 hoc
394 1172 560 1201 attenuare
584 1166 850 1211 praesumpserit,
871 1166 903 1199 in
924 1166 972 1200 di-

229 1219 416 1262 gnationem
437 1220 671 1265 omnipotentis
683 1221 738 1254 Dei
753 1231 790 1254 ac
803 1221 971 1254 beatorum

230 1273 312 1306 Petri
327 1279 358 1307 et
369 1274 458 1308 Pauli
473 1275 694 1319 apostolorum
707 1274 785 1316 eius,
800 1285 833 1308 se
849 1273 975 1308 noverit

231 1326 451 1361 incursurum.

274 1381 389 1415 Datum
404 1382 525 1416 Romae
543 1383 628 1427 apud
650 1388 796 1416 sanctum
817 1383 971 1422 Marcum,

231 1445 316 1468 anno
357 1435 591 1470 lncarnationis
630 1436 816 1470 Dominicae
852 1446 950 1470 uncvt
967 1464 973 1476 ,

231 1498 296 1522 xvtt
310 1489 464 1523 kalendas
482 1490 634 1532 octobris,
653 1490 860 1535 pontificatus
873 1489 974 1523 nostri

232 1552 317 1576 anno
338 1552 372 1577 11.

268 1605 326 1632 Dat.
348 1605 391 1634 die
414 1606 445 1634 15
464 1606 630 1643 septembris
652 1606 729 1642 1606,
750 1605 845 1643 pontis.
868 1613 910 1633 an.
933 1612 961 1633 11.

566 1770 638 1804 LVI.

234 1867 392 1901 Facullas
403 1867 647 1912 Hispaniarum
662 1868 782 1902 nuncio
796 1867 978 1912 deputandi

278 1920 429 1965 aliquam
452 1932 647 1965 personam,
676 1922 712 1955 in
742 1922 905 1966 dt'gym'tate
933 1933 978 1956 ec—

279 1974 462 2009 clesiastica
486 1977 706 2019 constitutam,
725 1977 758 2010 in
777 1977 976 2010 visitatorem

279 2029 365 2073 reqii
386 2029 559 2074 hospitalis
584 2035 677 2064 extra
700 2041 810 2064 maros
837 2031 979 2064 civitatis

280 2082 458 2127 Buryensis
471 2083 490 2117 ¹.

237 2191 353 2219 Dilecto
372 2191 433 2219 filio
459 2192 537 2226 apud
567 2192 779 2220 charissimum
804 2192 835 2220 in
863 2192 980 2220 christo

273 2235 368 2263 filium
383 2239 520 2264 nostrum
531 2237 700 2271 Philippum
712 2237 925 2272 Hispaniarum
935 2245 981 2265 re-

274 2288 339 2316 gem
355 2281 538 2309 catholicum
564 2284 668 2309 nostro
684 2284 715 2309 et
729 2282 912 2316 apostolicae
929 2281 981 2310 Se-

275 2325 320 2353 dis
335 2327 445 2355 nuncio

479 2390 589 2418 Paulus
611 2390 690 2424 Papa
709 2391 739 2417 V.

311 2460 424 2489 Dilecto
440 2461 502 2495 fili,
521 2461 650 2489 salutem
667 2464 698 2489 et
714 2461 911 2496 apostolicam

487 2506 736 2535 benedictionem.

289 2569 304 2610 ξ
326 2568 356 2601 l.
380 2569 514 2611 Regium
541 2569 698 2613 hospitale
718 2575 847 2603 sanctae
867 2569 984 2603 Mariae

246 2619 283 2654 de
309 2621 356 2654 tas
380 2621 527 2667 Huetqas
556 2629 799 2668 nuncupatum,
823 2633 924 2667 prope
954 2628 983 2657 et

284 2686 293 2712 1
318 2684 353 2711 Ex
375 2684 478 2720 aegest.
501 2685 526 2712 in
546 2686 647 2713 Sccrct.
671 2686 746 2712 ttrov.

1649 242 1713 277 :365

1001 309 1089 338 extra
1119 302 1252 337 muros¹
1273 302 1458 346 Burgensis,
1485 302 1613 337 Ordinis
1641 302 1743 336 sancti

1001 357 1166 399 Bernardi,
1178 357 1379 402 Apostolicae
1389 357 1463 390 Sedi
1478 356 1664 390 immediate
1674 355 1745 389 sub—

1003 411 1132 452 iectum,
1150 411 1282 455 eiusque
1297 410 1593 444 commendatarios
1618 410 1742 451 fratres,

1003 465 1186 509 capellanos
1211 471 1241 499 et
1266 465 1431 499 ministros
1462 475 1685 509 quoscumque
1714 464 1746 497 in

1003 518 1063 559 his,
1080 529 1162 563 quae
1177 519 1215 552 ad
1231 529 1357 552 morum
1372 519 1606 552 correctionem
1623 523 1745 551 tantum

1003 578 1158 617 spectant,
1183 573 1303 606 visitari
1325 579 1354 606 et
1376 572 1544 606 reformari
1564 572 1744 616 cupientes,

1004 636 1040 660 ac
1061 626 1099 660 de
1130 628 1182 660 tua
1203 626 1395 671 prudentia,
1417 626 1598 669 integritate
1623 636 1659 659 ac
1685 624 1748 659 fide

1005 680 1180 725 plurimum
1207 680 1239 713 in
1260 680 1397 714 Domino
1423 680 1641 720 confidentes,
1670 679 1745 719 tihi,

1005 740 1039 768 ut
1059 734 1250 768 auctoritate
1275 736 1384 768 nostra
1409 734 1585 778 apostolica
1607 733 1748 777 aliquam

1006 799 1176 832 personam
1191 788 1222 822 in
1237 788 1391 832 dignitate
1405 787 1619 822 ecclesiastica
1633 787 1750 821 consti-

1006 847 1117 885 tutam,
1139 842 1298 884 doctrina,
1315 842 1499 887 prudentia,
1516 841 1699 884 integritate
1713 851 1749 875 ac

1006 896 1204 941 experientia
1226 902 1454 941 praestantem,
1469 896 1604 930 arbitrio
1620 901 1673 929 tuo
1695 895 1747 929 eli-

1006 950 1156 993 gendam,
1167 950 1198 984 in
1213 951 1356 985 ciusdem
1371 950 1540 995 hospitalis
1552 950 1751 984 visitatorem

1760 253 1808 278 An.
1825 251 1852 278 C.
1879 251 1945 279 1506

1006 1005 1162 1049 deputare
1186 1005 1308 1046 valeas,
1333 1005 1445 1039 eadem
1472 1004 1675 1045 auctoritate,
1700 1009 1748 1036 te-
1772 1035 1776 1038 .

1006 1068 1085 1092 nore
1098 1059 1327 1103 praesentium,
1338 1059 1519 1092 facultatem
1532 1058 1751 1100 concedimus,

1007 1118 1107 1157 utque
1145 1113 1332 1147 huiusmodi
1371 1113 1614 1158 deputationcm
1655 1111 1752 1145 facias

1007 1167 1241 1201 committimus
1262 1173 1293 1201 et
1314 1167 1516 1200 mandamus.

1053 1223 1068 1264 ἓ
1091 1221 1120 1254 Ξ.
1136 1221 1196 1265 Ipsi
1211 1231 1286 1255 vero
1301 1232 1318 1254 a
1332 1227 1362 1254 te
1381 1220 1565 1265 deputando
1584 1219 1749 1259 visitatori,

1007 1281 1043 1309 ut
1067 1276 1226 1320 hospitale
1254 1275 1457 1320 praedictum
1473 1303 1480 1316 ,
1501 1274 1635 1319 eiusque
1665 1284 1753 1308 com—

1009 1329 1227 1363 mendatarios
1250 1330 1364 1363 fratres
1379 1357 1386 1370 ,
1410 1329 1617 1373 cappellanos
1637 1338 1674 1362 ac
1692 1327 1753 1360 mi-

1010 1382 1126 1417 nistros
1147 1394 1370 1428 quoscumque
1390 1382 1520 1416 visitare
1534 1410 1541 1424 ‚
1574 1393 1610 1416 ac
1636 1388 1699 1415 tarn
1722 1381 1753 1415 in

1009 1437 1113 1481 capite
1139 1447 1236 1481 quam
1263 1437 1295 1470 in
1327 1436 1483 1470 membris
1509 1436 1695 1479 corrigere3
1719 1446 1755 1469 ac

1010 1490 1042 1524 in
1059 1491 1262 1534 singulorum
1283 1491 1392 1532 vitam,
1414 1491 1505 1531 ritus,
1522 1501 1628 1524 mores
1642 1495 1672 1524 et
1693 1489 1756 1524 dis-

1010 1544 1162 1588 ciplinam
1199 1544 1372 1588 diligenter
1408 1544 1595 1588 inquirere,
1629 1554 1756 1577 necnon

1011 1597 1228 1641 (evangelicae
1249 1603 1279 1631 et
1299 1597 1495 1642 apostolicae
1510 1597 1691 1638 doctrinae,
1708 1607 1757 1631 sa-

1011 1662 1209 1697 crorumque
1231 1663 1392 1686 canonum
1415 1658 1443 1686 ct
1465 1651 1679 1686 conciliorum
1701 1661 1755 1694 ge-

1011 1706 1170 1739 neralium
1189 1706 1336 1747 decretis,
1352 1712 1605 1750 sanctorumque
1626 1710 1755 1750 patrum

1013 1759 1241 1794 traditionibus
1261 1770 1298 1794 ac
1311 1759 1515 1803 regularibus
1533 1759 1632 1804 ipsius
1649 1757 1757 1803 hospi-

1013 1812 1083 1846 talis
1108 1813 1260 1847 institutis
1288 1813 1500 1857 inhaerendo)
1532 1822 1758 1857 quaecumque

1012 1866 1098 1900 circa
1124 1877 1232 1900 mores
1257 1867 1458 1900 correctione
1480 1872 1509 1900 et
1531 1865 1757 1900 emendatione

1014 1919 1158 1963 indigere
1179 1920 1367 1963 cognoveris
1380 1920 1401 1962 ²,
1419 1920 1582 1963 corrigere
1603 1925 1632 1954 et
1651 1930 1759 1953 emen-

1014 1975 1109 2015 dare;
1134 1974 1390 2008 contradictores
1408 1984 1633 2019 quoscumque
1648 1973 1758 2017 eisque

1014 2027 1180 2068 auxilium,
1202 2028 1372 2061 consilium
1390 2028 1435 2062 vel
1451 2028 1605 2067 savorem,
1628 2027 1759 2072 publice

1014 2082 1061 2115 vel
1076 2083 1211 2122 occulte,
1229 2081 1351 2116 directe
1373 2092 1428 2116 scu
1451 2082 1605 2115 indirecte
1627 2090 1760 2126 quomo-

1016 2135 1094 2169 tibet*
1124 2140 1341 2180 praestantes,
1370 2135 1603 2180 cuiuscumque
1635 2139 1755 2174 status,

1015 2190 1143 2233 gradus,
1159 2189 1281 2223 ordinis
1299 2195 1325 2223 et
1349 2189 1543 2223 conditionis
1559 2189 1686 2229 suerint,
1701 2199 1759 2232 per

1016 2254 1166 2277 censuras
1185 2250 1213 2277 ct
1234 2253 1355 2288 poenas
1371 2243 1614 2279 ecclesiasticas,
1632 2242 1759 2286 aliaque

1016 2303 1201 2342 opportuna
1224 2297 1301 2331 iuris
1323 2303 1349 2331 ct
1379 2297 1451 2331 sacti
1474 2296 1617 2331 remedia
1645 2305 1760 2338 cogere

1017 2356 1045 2385 ct
1059 2351 1265 2395 compellere,
1283 2351 1503 2395 auxiliumque
1517 2349 1641 2384 brachii
1655 2359 1761 2384 saccu-

976 2410 980 2413 “
1018 2404 1092 2438 laris
1110 2405 1149 2438 ad
1171 2405 1243 2446 hoc,
1261 2404 1285 2438 si
1299 2415 1381 2449 opus
1402 2405 1510 2445 l'ucrit,
1527 2405 1675 2439 invocare
1689 2414 1762 2449 pos-

1017 2458 1057 2491 sit
1077 2464 1107 2492 et
1135 2458 1257 2500 valcat,
1284 2459 1465 2492 facultatem
1497 2458 1706 2492 concedimus
1732 2464 1762 2492 et

966 2542 973 2544 ,
1018 2512 1235 2557 impertimur.

1054 2594 1067 2620 1
1089 2593 1263 2630 Subintellige
1284 2594 1410 2622 civitatis
1426 2594 1463 2627 (tt.
1481 2594 1529 2622 ‘r.l.

1054 2638 1070 2665 2
1091 2639 1130 2666 Λη
1149 2638 1294 2675 legendum
1325 2639 1358 2667 sit
1387 2639 1560 2674 coynoverit,
1590 2638 1691 2667 incerta
1718 2646 1761 2666 res

1020 2688 1058 2712 cst
1073 2685 1111 2713 (n.
1124 2687 1172 2719 r).

1802 1230 1900 1251 Fac-ultas
1924 1230 1952 1249 vi·

1767 1258 1861 1278 sitittoris
1886 1258 1953 1283 depu-

1768 1285 1834 1306 tandi.
