2227 3241
54 237 102 266 An.
114 235 144 264 C.
166 235 234 264 1604

90 1912 160 1934 Novae
168 1911 252 1933 dioece-

71 1940 100 1961 sis
123 1938 252 1965 eamptensis

72 1965 172 1987 mensio.

865 236 1011 261 CLEMENS
1031 237 1088 261 vm
1109 238 1160 262 ΡΡ.

253 292 316 320 tres
332 285 412 319 aliae
432 285 631 329 collegiatae,
652 295 687 319 ac
703 294 768 319 una
788 282 994 330 parochialis
1026 287 1121 319 etiam
1135 287 1160 320 si
1178 286 1370 320 venerabilis
1385 287 1491 321 fratris
1504 287 1605 321 nostri
1619 287 1766 321 moderni

253 341 353 380 sancti
378 341 564 382 Salvatoris,
586 346 616 374 et
637 339 808 376 duodecim
830 340 899 373 sine
920 343 996 373 eura
1028 339 1170 383 episcopi
1192 339 1431 384 Aprutinensis,
1456 341 1546 375 cuius
1567 341 1772 374 indemnitati

255 394 422 436 ecelesiae,
451 404 577 428 necnon
601 393 746 439 quinque
764 399 827 427 tam
851 393 994 426 virorum

254 459 352 492 quam
378 448 553 482 mulierum
584 447 803 489 monasteria,
835 453 865 481 et
894 458 995 481 unum

254 502 414 547 hospitale
430 504 693 546 peregrinorum,
714 502 889 546 pluresque
903 501 998 535 laico-

256 566 327 589 rum
349 555 632 590 confraternitates
653 566 721 589 esse
741 555 947 598 noscuntur),
965 555 997 588 in

256 610 416 643 civitatem
433 638 440 651 ,
460 609 562 654 ipsam
582 620 656 643 vero
686 610 856 644 ecclesiam
884 610 997 643 beatae

256 664 373 697 Mariae
391 664 436 707 (in
461 675 526 708 qua
545 664 718 698 duodecim
737 664 949 698 canonicatus
968 669 999 697 et

255 727 309 750 sex
321 717 537 761 praebendae,
558 728 686 751 necnon
703 718 865 752 sexdecim
883 727 999 762 perpe-

256 777 328 805 tuae
349 771 569 816 capellaniae,
600 783 656 806 seu
682 778 841 816 perpetua
870 772 996 816 simpli-

257 825 306 859 cia
330 825 489 860 beneficia
509 826 735 867 ecclesiastica,
760 837 833 860 cuin
857 826 1000 860 sacrario

258 879 409 913 omnibus
438 880 477 913 ad
507 879 606 913 divini
637 881 743 914 cultus
769 891 864 914 usum
883 890 997 913 neces-

257 933 351 968 sariis
363 935 495 976 referto,
509 934 657 968 instituta·
670 935 893 979 reperiuntur)
912 934 943 967 in
954 945 1001 967 ca-

259 986 439 1021 thedralem
454 988 622 1022 ecclesiam
638 988 719 1030 erigi
731 999 939 1032 summopere
952 988 1002 1022 de-

259 1041 451 1083 siderarent,
473 1048 505 1076 et
526 1042 666 1086 desuper
687 1043 833 1076 Romano
853 1041 1001 1076 Pontifici

260 1101 335 1130 tunc
370 1095 518 1130 existenti
550 1095 720 1129 humiliter
752 1096 999 1140 supplicassent,

261 1151 477 1185 communitas
491 1161 566 1184 vero
590 1155 620 1184 et
639 1150 788 1184 homines
809 1149 1004 1195 Aprutinen-

261 1215 311 1239 ses
335 1204 503 1249 praedicti,
528 1215 564 1238 ac
585 1204 681 1238 etiam
703 1204 811 1238 dilecti
836 1204 894 1237 filii
915 1204 1003 1249 capi-

263 1259 365 1292 tulum
388 1264 418 1292 et
437 1259 553 1299 clerus,
585 1269 710 1291 necnon
737 1264 812 1292 tunc
833 1258 1004 1303 episcopus

263 1312 489 1357 Aprutinensis
510 1312 787 1353 contradicerentj,
811 1323 846 1345 ac
866 1318 1001 1356 propte-

264 1377 318 1400 rea
339 1367 506 1410 negotium
530 1366 704 1400 erectionis
731 1366 919 1399 huiusmodi
947 1376 1006 1410 per

264 1425 340 1454 tunc
361 1420 548 1454 existentem
562 1420 744 1453 Romanum
758 1420 947 1464 pontificem
966 1420 1006 1453 ad

264 1474 550 1518 congregationem
568 1479 697 1508 sanctae
715 1475 878 1508 Romanae
896 1473 1006 1507 Eccle-

263 1529 329 1563 siae
344 1528 559 1562 cardinalium
574 1538 670 1572 super
687 1528 783 1562 rebus
800 1527 1007 1561 consistoria—

264 1583 348 1616 libus
369 1583 599 1627 deputatorum
621 1582 803 1622 remissum,
821 1582 1006 1626 ibidemque

264 1636 386 1681 pluries
395 1636 499 1681 spatio
511 1635 757 1680 quatuordeeim
773 1645 932 1669 annorum
943 1641 1007 1669 tra-

266 1697 386 1724 ctatum
397 1696 428 1724 et
441 1690 614 1733 diligenter
625 1689 818 1730 discussum,
830 1700 867 1723 ac
876 1689 1007 1723 tandem

266 1755 323 1789 per
335 1744 466 1778 eosdem
481 1743 663 1777 cardinales
676 1743 769 1776 nobis
783 1743 919 1776 relatum
934 1743 1009 1776 fuis-

266 1803 324 1840 set,
340 1798 529 1832 eorumdem
551 1796 769 1830 universitatis
787 1802 817 1830 et
838 1793 1007 1829 hominum

266 1851 504 1896 Camplensium
530 1850 611 1884 votis
636 1850 845 1884 annuendum
867 1850 946 1883 fore:

312 1907 328 1948 Ξ
350 1904 380 1938 2.
408 1905 482 1946 Nos,
505 1905 615 1938 habita
636 1915 734 1949 super
753 1904 802 1938 his
824 1914 896 1937 cum
915 1914 1009 1948 prae-

269 1959 362 1994 dictis
379 1965 411 1993 et
431 1959 501 1993 aliis
522 1958 666 1992 eiusdem
692 1964 821 1992 sanctae
846 1959 1010 1991 Romanae

268 2013 429 2047 Ecclesiae
450 2012 669 2047 cardinalibus
689 2013 928 2046 venerabilibus
947 2014 1010 2046 sra-

271 2067 373 2101 tribus
400 2066 519 2101 nostris
547 2069 671 2100 matura
692 2066 947 2107 deliberatione,
972 2067 1010 2100 de

271 2120 400 2154 illorum
424 2120 559 2154 consilio
584 2126 615 2153 et
641 2130 788 2161 assensu,
813 2131 848 2153 ac
869 2122 1009 2164 Aposto-

271 2174 351 2208 licae
371 2174 538 2218 potestatis
559 2173 772 2218 plenitudine,
791 2180 901 2207 tenore
918 2184 1012 2218 prae-

272 2228 424 2269 sentium,
444 2238 514 2261 eam
530 2227 633 2261 dictae
655 2233 759 2260 terrae
777 2233 913 2270 partem,
931 2238 1013 2271 quae

273 2281 396 2326 Campli
425 2288 455 2315 et
483 2281 584 2316 Castri
605 2281 678 2314 novi
704 2280 825 2324 oppida
850 2280 1010 2322 continet,

273 2345 399 2370 necnon
419 2335 509 2369 villas
529 2334 791 2378 Campaguelani,
819 2333 942 2375 Moreii,
966 2334 1015 2367 Fi-

275 2389 387 2431 cherii‚
414 2389 568 2430 Floriani,
592 2388 753 2429 Molviani,
780 2387 931 2428 Galliam,
955 2388 1013 2420 Pa-

277 2444 370 2485 terni,
378 2442 550 2485 Fesinani¹,
561 2442 768 2486 Campigliae,
778 2441 1015 2481 Massariorum,

275 2496 420 2538 Garrani,
441 2496 606 2537 Collicelli,
628 2495 752 2535 Roiani,
777 2494 910 2536 Venalii,
937 2496 1016 2529 Gar-

278 2549 364 2592 ruffi,
380 2549 534 2584 Guzzani²
556 2555 585 2583 et
606 2548 712 2583 Binan-i
737 2548 776 2582 ab
794 2548 1012 2592 Aprutinensi,

316 2623 325 2650 1
350 2621 454 2658 Ughelli
470 2622 561 2650 babet.
579 2622 719 2650 Ces-inani
734 2622 772 2656 (a.
791 2621 837 2654 τ.).

315 2668 332 2694 2
352 2667 389 2695 ld.
406 2667 470 2702 legit
484 2667 611 2695 Guazzani
626 2668 662 2701 (a.
681 2673 703 2692 'ri
724 2687 727 2691 .

1028 393 1158 427 aliunde
1178 394 1342 437 provisum
1363 395 1431 435 suit,
1454 396 1494 428 ad
1515 395 1576 429 boc
1596 406 1662 428 non
1682 406 1773 428 acce·

1029 447 1081 480 dat
1096 458 1255 485 assensus,
1273 449 1406 482 alteram
1420 460 1496 483 vero
1511 450 1653 483 eiusdem
1669 455 1773 483 terrae

1027 507 1164 545 partem,
1178 502 1210 535 in
1224 514 1288 547 qua
1306 503 1429 537 dictum
1446 505 1601 548 oppidum
1621 504 1772 537 Nuccllae

1030 556 1193 597 consistit,
1222 568 1258 590 ac
1284 558 1373 591 villas
1402 569 1458 592 seu
1482 559 1553 592 loca
1577 558 1770 601 Battagliae,

1029 610 1178 650 Palanae,
1196 612 1391 652 Anclierani,
1411 612 1574 649 Gamerae,
1595 612 1775 655 Ripaecan-

1030 664 1118 705 doni,
1142 665 1267 705 Paduli,
1290 664 1520 708 Castiglioniet
1540 668 1679 707 Pennae,
1704 666 1777 698 Flo-

1032 717 1126 758 riani,
1140 728 1212 750 cum
1228 718 1356 751 illarum
1372 719 1581 760 districtibus,
1596 719 1777 759 territoriis,

1032 771 1168 813 clericis,
1193 772 1353 816 personis,
1378 773 1532 813 ecclesiis,
1558 772 1773 813 monasteriis,

1032 822 1242 870 prioratibus,
1267 826 1328 870 piis
1342 826 1421 859 locis
1442 832 1470 860 et
1491 827 1659 860 beneficiis
1677 827 1779 860 eccle‘

1032 879 1168 913 siasticis
1194 890 1266 912 cum
1289 883 1378 921 cura,
1399 885 1430 913 et
1451 880 1519 913 sine
1538 884 1615 914 cura
1635 881 1779 914 saecula-

1034 934 1135 975 ribus,
1153 945 1188 967 ac
1209 933 1399 978 quorumvis
1417 933 1574 967 Ordinum
1596 940 1625 968 et
1644 934 1776 967 militia-

1034 999 1106 1021 rum
1133 988 1349 1030 regularibus,
1378 987 1414 1020 a¹
1435 987 1549 1021 Montis
1567 988 1627 1021 Alti
1650 988 1777 1031 episco-

1036 1041 1166 1085 patibus
1198 1047 1230 1075 et
1262 1041 1499 1081 dioecesibus&
1531 1041 1561 1073 in
1590 1041 1706 1084 quibus
1727 1041 1781 1074 illa

1035 1095 1213 1139 respective
1223 1095 1455 1136 consistebant,
1469 1094 1663 1127 venerabilis
1677 1094 1781 1127 fratris

1036 1149 1139 1182 nostri
1165 1149 1313 1183 moderni
1335 1148 1478 1192 episcopi
1498 1148 1613 1181 Montis
1639 1148 1700 1181 Alti
1723 1158 1778 1181 ex-

1037 1213 1146 1247 presse
1171 1203 1212 1236 ad
1233 1203 1294 1236 boc
1314 1203 1489 1236 accedente
1511 1212 1682 1242 consensu,
1710 1212 1782 1246 per-

1037 1262 1135 1301 petuo
1150 1256 1423 1290 disinembramus
1444 1262 1474 1289 et
1490 1266 1693 1300 separamus,
1715 1255 1783 1288 illa-

1038 1322 1112 1356 que,
1125 1311 1170 1345 sic
1182 1311 1415 1345 dismembrata
1429 1317 1458 1344 et
1473 1316 1630 1355 separata,
1640 1310 1678 1343 ab
1693 1309 1781 1343 omni

1039 1371 1070 1398 et
1096 1376 1303 1409 quacumque
1326 1364 1574 1405 iurisdictione,
1604 1363 1781 1408 superiori-

1039 1424 1114 1459 tate,
1139 1419 1353 1459 correctione,
1377 1418 1558 1451 visitatione
1577 1424 1605 1451 et
1624 1423 1782 1462 potestate

1040 1483 1125 1506 nune
1153 1478 1182 1506 et
1207 1482 1267 1516 pro
1295 1478 1441 1516 tempore
1468 1471 1675 1505 existentium
1710 1471 1779 1514 epi--

1040 1537 1226 1571 scoporum,
1250 1537 1286 1559 ae
1308 1526 1503 1559 dilectorum
1528 1524 1670 1557 filiorum
1690 1525 1780 1568 capi-

1041 1580 1183 1613 tulorum
1204 1578 1429 1624 Aprutinensis
1450 1584 1480 1612 et
1499 1578 1614 1611 Montis
1634 1577 1707 1619 Alti,
1732 1588 1785 1611 eo-

1042 1643 1180 1677 rumque
1200 1632 1409 1673 vicariorum,
1438 1642 1472 1665 ae
1501 1642 1785 1676 quorumcumque

1042 1688 1181 1721 aliorum
1195 1686 1456 1727 Ordinariorum,
1469 1685 1568 1719 etiam
1581 1685 1782 1726 inferiorum,

1042 1752 1170 1775 necnon
1191 1740 1353 1774 solutione
1367 1750 1652 1784 quorumcumque
1666 1739 1785 1772 iurium

1043 1807 1098 1830 seu
1117 1795 1319 1829 decimarum
1332 1793 1612 1838 etquarteriarum
1628 1792 1787 1853 episeopais

1044 1855 1075 1882 et
1096 1848 1245 1893 capitulis
1270 1847 1455 1892 praedictis,
1470 1857 1505 1880 ac
1527 1846 1659 1880 illorum
1681 1846 1788 1889 singu-

1044 1903 1093 1944 lis,
1110 1902 1236 1936 ratione
1254 1900 1486 1935 iurisdictionis
1505 1906 1535 1934 et
1553 1900 1788 1944 superioritatis

1044 1956 1295 2001 praedictarum,
1319 1955 1497 1999 respective
1519 1954 1733 1995 debitorum&
1753 1965 1790 1987 ac

1045 2022 1103 2055 per
1115 2010 1201 2054 ipsos
1216 2016 1246 2043 et
1260 2020 1373 2044 eorum
1387 2009 1564 2053 quemlibet
1579 2008 1701 2052 percipi
1716 2007 1790 2040 soli-

1047 2070 1166 2103 torum,
1184 2064 1313 2108 penitus
1331 2063 1429 2096 etiam
1444 2068 1604 2106 perpetuo
1619 2061 1790 2094 eximimus

1047 2123 1078 2150 et
1100 2117 1241 2150 totaliter
1258 2117 1454 2156 liberamus3
1476 2116 1646 2160 ipsamque
1672 2120 1788 2148 terram

1047 2171 1172 2215 Campli
1192 2171 1223 2204 in
1245 2171 1405 2204 civitatem
1427 2170 1648 2214 Camplensem
1668 2179 1792 2201 nuncu-

1049 2225 1202 2269 pandam,
1226 2231 1255 2258 et
1275 2225 1443 2259 ecclesiam
1465 2224 1578 2258 beatae
1599 2222 1714 2256 Mariae
1731 2221 1790 2254 hu-

1088 2352 1096 2377 l
1120 2350 1185 2377 Tam
1201 2349 1280 2377 Main.
1299 2357 1380 2385 quam
1396 2349 1501 2385 Ugbelli
1515 2348 1607 2384 legunt
1622 2356 1664 2383 ac,
1681 2347 1729 2375 sed
1749 2356 1793 2375 er-

1050 2403 1142 2429 ronee,
1161 2398 1190 2422 ut
1205 2397 1279 2430 patet
1296 2399 1330 2426 (n.
1346 2396 1395 2429 τ.).

1085 2440 1101 2466 ⁶2
1121 2441 1224 2475 Nempe
1248 2439 1281 2466 ab
1306 2439 1464 2474 episcopatu
1494 2442 1518 2465 et
1549 2437 1667 2464 dioecesi
1697 2436 1793 2464 Montis

1051 2485 1114 2518 Alti,
1136 2488 1163 2511 et
1182 2484 1215 2511 ab
1239 2484 1411 2519 espiscopatu
1434 2487 1460 2510 et
1484 2482 1600 2509 dioecesi
1622 2481 1793 2517 Aprutinensi

1051 2529 1197 2565 praedictis
1212 2531 1248 2565 (n.
1265 2531 1314 2564 τ.ζ.

1086 2574 1101 2601 3
1122 2574 1229 2609 Ughelli
1246 2574 1328 2601 habet
1348 2574 1526 2604 debitarum,
1548 2580 1645 2608 nempe
1665 2572 1793 2599 decima-

1050 2627 1129 2652 rum,
1144 2618 1191 2646 sed
1207 2618 1307 2654 inepte,
1324 2626 1387 2646 nam
1404 2617 1482 2654 paulo
1503 2620 1561 2653 post
1582 2616 1676 2645 scribit
1695 2617 1792 2645 solito-

1053 2672 1129 2698 rum,
1147 2671 1247 2698 nempe
1262 2663 1374 2693 iurium
1395 2664 1428 2689 u.
1445 2663 1493 2695 r).

1698 228 1739 261 67
1787 238 1875 266 Aac
1898 239 1966 267 1604

1828 2120 1911 2141 Erectio
1923 2123 1927 2140 t
1937 2127 1992 2141 -ιίτω

1807 2148 1826 2167 in
1846 2150 1954 2167 mutate—in
1971 2151 1991 2168 et

1805 2174 1933 2199 helegiam„
1959 2181 1992 2193 iw-

1807 2201 1885 2220 clusum
1912 2201 1930 2220 in
1956 2206 1993 2220 ra-

1808 2227 1933 2248 illustratum.
