2227 3241
47 237 101 265 An.
117 235 146 264 C.
167 234 234 263 1607

94 2435 184 2462 Derogal
206 2437 244 2457 ub-

59 2462 168 2484 mutibus.

893 236 1013 261 PAt‘Lrs
1038 238 1058 260 V
1083 238 1127 260 FP.

1673 225 1731 258 .in

248 284 510 328 consequendum
527 311 534 325 ‚
562 284 677 318 barum
703 285 786 318 serie
817 284 988 318 absolven-
1025 285 1212 324 bilimentis,
1237 285 1348 318 usibus
1373 290 1403 319 et
1424 284 1568 324 naturis,
1593 283 1768 327 privilegiis

249 342 294 370 tes
319 342 349 370 et
373 337 537 371 absolutos
558 338 625 371 sore
646 344 824 379 censentes,
849 348 883 371 ex
905 340 991 371 certa
1026 348 1179 382 quoque,
1215 338 1346 371 indultis
1379 344 1409 371 et
1441 337 1553 371 litteris
1585 337 1769 380 apostolicis

247 390 381 424 scientia
408 401 444 424 ac
470 393 559 424 mera
592 391 826 425 deliberatione
858 393 988 431 nostra,

248 443 352 486 deque
377 444 572 487 apostolicae
589 444 755 488 potestatis
775 444 988 488 plenitudine,

248 496 484 530 institutionem
503 504 532 531 et
550 498 772 532 fundationem
794 509 852 542 pcr
869 498 989 531 dictum

248 550 445 594 Stephanum
473 551 587 585 factam
619 551 856 596 supradictam,
880 562 917 585 ac
949 551 989 583 il-

249 603 310 637 lius
335 604 590 647 acceptationem
617 611 648 638 et
672 604 873 638 conditiones
898 615 994 649 quas-

248 667 388 701 cumque
420 657 453 690 in
484 657 546 691 illis
571 657 755 702 appositas,
782 658 867 691 iuxta
894 668 989 701 prae-

248 710 386 744 insertae
399 710 507 744 bullae
528 711 722 754 magistralis
740 717 771 745 et
787 711 991 745 instrumenti

249 763 387 809 desuper
411 764 565 798 celebrati
590 770 729 806 tenores,
754 765 932 799 dummodo
953 766 991 798 li-

248 817 329 851 citae
349 818 412 851 sint
425 824 453 852 et
468 818 634 859 honestae,
650 829 687 852 ac
700 819 798 852 sacris
815 819 993 852 canonibus

249 877 280 904 et
309 872 593 906 constitutionibus
619 872 803 916 apostolicis
828 882 893 905 non
915 883 992 905 con-

249 925 358 967 traria,
382 937 419 959 ac
440 926 524 970 ipsas
544 926 761 970 praeinsertas
780 927 903 959 Bullam
924 937 992 959 ma-

249 978 412 1022 gistralem
432 985 462 1013 et
482 979 744 1021 instrumentum,
769 991 805 1013 ac
826 980 935 1013 omnia
963 985 993 1013 et

249 1033 377 1076 singula
395 1033 426 1066 in
441 1033 503 1067 illis
517 1039 679 1075 contenta,
701 1034 890 1067 auctoritate
905 1044 994 1078 apos-

250 1086 356 1127 tolica,
373 1092 484 1120 tenore
496 1087 726 1131 praesentium,
747 1093 904 1131 perpetuo
918 1098 994 1121 cou-

249 1138 417 1173 firmamus
435 1146 465 1174 et
481 1141 711 1184 approbamus,
734 1141 860 1185 illisque
877 1152 992 1185 perpe-

251 1199 324 1227 tuae
345 1199 377 1228 et
396 1195 590 1228 inviolabilis
614 1195 812 1239 apostolicae
832 1196 994 1229 firmitatis

249 1241 351 1280 robur
375 1248 564 1289 adiicimus,
593 1259 630 1282 ac
655 1259 768 1282 omnes
794 1254 825 1282 et
850 1249 994 1292 singulos

251 1306 314 1333 tam
336 1301 416 1335 iuris
436 1313 532 1346 quam
556 1302 628 1336 facti
648 1303 803 1344 desectus,
824 1303 849 1335 si
871 1303 925 1347 qui
947 1303 994 1336 in-

251 1355 490 1388 tervenerintin
505 1355 637 1397 eisdem,
661 1357 859 1400 supplemus,
883 1367 920 1390 ac
944 1357 994 1389 in-

250 1408 450 1442 stitutionem
477 1415 508 1443 et
532 1409 752 1443 fundationem
779 1410 990 1454 praedictam,

250 1467 348 1506 atque
368 1462 399 1495 in
418 1464 453 1496 ea
473 1473 638 1507 expressas
652 1463 854 1497 conditiones
867 1474 990 1499 omnes,

251 1515 290 1548 ab
311 1515 388 1560 ipsis
409 1516 562 1559 magistro
580 1522 612 1550 et
632 1513 790 1551 concentu
812 1523 994 1561 acceptatas

251 1575 283 1602 et
302 1569 513 1612 omologatas,
537 1576 694 1614 perpetuo
720 1571 862 1611 validas,
885 1572 994 1604 firmas

252 1627 284 1655 et
304 1622 449 1656 efficaces
471 1624 538 1657 fore
553 1629 582 1657 et
601 1634 680 1665 esse,
701 1635 738 1658 ac
758 1625 798 1658 ab
813 1625 888 1669 ipsis
909 1636 993 1659 nunc

252 1682 282 1709 et
302 1687 361 1721 pro
382 1683 528 1722 tempore
554 1678 764 1712 existentibus
790 1679 943 1721 magistro
965 1685 995 1713 et

252 1736 423 1771 conventu,
444 1731 643 1775 caeterisque
664 1733 701 1765 ad
721 1743 801 1776 quos
821 1738 941 1776 spectat
965 1738 995 1765 et,

253 1783 286 1816 in
306 1784 450 1817 futurum
472 1785 641 1828 spectabit,
666 1785 816 1820 inviolate
837 1791 994 1830 perpetuo

253 1838 406 1872 custodiri
426 1844 456 1872 et
473 1839 636 1872 observari
655 1840 790 1874 debere:
808 1840 917 1884 sicque
938 1852 996 1885 per

254 1891 339 1935 ipsos
360 1892 549 1935 magistrum
571 1898 601 1926 ct
621 1900 827 1934 conventum,
851 1894 995 1938 aliosque

253 1955 475 1990 quoscumque
494 1946 628 1988 iudices,
649 1948 832 1981 ordinarios
858 1954 887 1982 et
908 1949 995 1982 dele-

253 2004 356 2041 gatos,
375 1999 471 2033 etiam
494 2010 664 2033 causarum
685 2001 797 2034 Palatii
819 2001 993 2046 Apostolici

253 2053 419 2086 auditores
439 2053 578 2097 (sublata
603 2054 649 2087 eis
669 2059 700 2087 et
725 2064 837 2088 eorum
865 2055 992 2088 cuilibet

255 2106 365 2150 quavis
390 2107 482 2140 aliter
514 2107 678 2141 iudicandi
708 2114 738 2141 et
763 2108 994 2152 interpretandi

256 2160 407 2194 facultate
432 2166 463 2194 et
483 2161 688 2205 auctoritate)
710 2161 844 2195 iudicari
866 2168 893 2195 ct
916 2162 996 2195 defi-

256 2213 317 2246 niri
336 2214 464 2255 debere,
482 2225 518 2248 ac
539 2215 667 2248 irritum
687 2221 717 2248 ct,
730 2215 824 2249 inane
839 2215 995 2259 quidquid

256 2276 347 2300 secus
364 2267 523 2311 superbis
541 2279 558 2301 a
572 2279 750 2313 quoquam,
765 2269 875 2313 quavis
892 2275 998 2303 aucto-

256 2319 362 2361 ritate,
387 2321 526 2354 scienter
545 2321 593 2355 vel
612 2321 810 2364 ignoranter,
828 2323 997 2365 contigerit

257 2373 416 2415 attentari,
439 2374 656 2408 decernimus.

304 2426 368 2468 §5-
392 2428 461 2460 Non
487 2428 687 2461 obstantibus
716 2429 998 2462 constitutionibus

259 2485 289 2513 et
309 2481 568 2515 ordinationibus
589 2482 784 2526 apostolicis,
802 2493 838 2516 ac
855 2483 997 2515 eiusdem

259 2533 425 2578 hospitalis
441 2563 448 2576 ,
473 2535 568 2568 etiarn
599 2535 799 2577 iuramento,
820 2536 996 2569 confirma-

260 2587 345 2622 tione
363 2589 552 2632 apostolica,
574 2590 621 2623 vel
643 2590 753 2633 quavis
773 2590 924 2623 firmitate
938 2590 999 2623 alia

259 2642 429 2684 roboratis,
444 2644 566 2677 statutis
581 2651 609 2678 ct
624 2645 921 2687 consuetudinibus,
942 2651 999 2678 sta-

1026 391 1130 424 eidem
1153 391 1324 435 hospitali,
1345 392 1478 435 eiusque
1504 391 1669 433 magistro,
1693 400 1769 423 con-

1027 445 1133 477 ventui
1153 451 1180 477 et
1197 445 1351 478 fratribus
1369 456 1405 478 ac
1423 445 1589 489 quibusvis
1607 444 1677 477 aliis
1697 455 1769 488 per-

1026 498 1134 538 sonis,
1165 498 1224 531 sub
1256 499 1514 543 quibuscumque
1546 498 1712 531 tenoribus
1740 503 1771 531 et

1026 551 1148 589 formis,
1172 562 1207 584 ac
1229 563 1301 585 cum
1323 552 1487 596 quibusvis
1507 552 1602 586 etiam
1628 552 1766 594 deroga-

1028 604 1181 637 toriarum
1204 605 1428 647 derogatoriis,
1452 606 1587 650 aliisque
1609 605 1770 639 efficacio-

1027 658 1116 691 ribus
1134 664 1164 691 et
1181 658 1318 692 insolitis
1336 660 1497 700 clausulis,
1513 670 1549 693 ac
1568 659 1770 692 irritantibus

1027 717 1058 744 ct
1077 711 1147 745 aliis
1172 712 1321 753 decretis,
1338 713 1371 745 in
1392 713 1590 746 contrarium
1612 713 1769 756 praemis-

1027 775 1136 798 sorum
1167 766 1415 809 quomodolibet
1443 767 1620 807 concessis,
1645 767 1766 800 consu·-

1028 819 1121 852 matis
1142 825 1172 853 et
1197 820 1396 863 approbatis.
1421 820 1542 859 Quibus
1567 820 1718 853 omnibus
1740 826 1771 853 et

1027 871 1170 914 singulis,
1192 883 1305 906 eorum
1329 879 1455 906 tenores
1468 873 1691 917 praesentibus
1711 883 1770 917 pro

1027 926 1183 969 expressis
1201 927 1285 959 etad
1303 926 1435 960 verbum
1458 927 1586 960 insertis
1601 927 1767 966 babentes,

1028 978 1090 1012 illis
1110 979 1188 1013 alias
1203 980 1234 1012 in
1252 990 1310 1014 suo
1324 980 1442 1014 robore
1454 980 1686 1024 permansuris,
1710 980 1770 1013 bac

1027 1031 1093 1065 vice
1112 1032 1275 1066 dumtaxat
1297 1033 1481 1077 specialiter
1499 1039 1527 1066 et
1547 1044 1693 1076 expresse
1714 1033 1770 1066 de-

1028 1095 1190 1128 rogamus
1215 1087 1414 1130 caeterisque
1444 1087 1615 1120 contrariis
1640 1087 1771 1131 quibus-

1027 1150 1178 1183 cumque.
1741 1177 1745 1180 ⁴

1070 1194 1184 1226 Datum
1211 1195 1331 1227 Romae
1357 1195 1442 1238 apud
1467 1201 1612 1228 sanctuni
1641 1196 1770 1228 Petrum

1027 1246 1086 1279 sub
1107 1247 1228 1280 annulo
1246 1247 1416 1281 piscatoris
1431 1249 1481 1282 die
1495 1259 1560 1282 xvu
1577 1249 1648 1281 maii
1664 1259 1770 1290 MDCVI,

1027 1300 1234 1343 pontificatus
1254 1301 1355 1334 nostri
1375 1312 1458 1335 auno
1480 1312 1512 1335 11.

1063 1361 1123 1388 Dat.
1146 1361 1189 1389 die
1212 1363 1241 1388 17
1263 1363 1323 1389 maii
1347 1363 1424 1396 1007,
1447 1363 1690 1398 pontif.anno11.¹

1341 1488 1467 1521 LXXVI.

1031 1567 1219 1601 Commissio
1236 1569 1357 1601 mmcz'o
1371 1568 1544 1612 apostolico
1562 1569 1652 1612 apud
1669 1579 1770 1612 regycm

1074 1621 1314 1665 Jlispcmicwum
1336 1626 1372 1654 m
1390 1622 1499 1663 illum,
1517 1628 1682 1666 (uniquam
1702 1634 1774 1666 per-

1069 1678 1202 1717 petuum
1219 1675 1519 1708 admi'm'stralorrm
1536 1681 1564 1709 cl
1577 1677 1772 1719 masfe'strum

1074 1729 1217 1761 ,stlslitiae
1246 1729 1283 1761 cle
1307 1730 1462 1762 Momesia
1489 1729 1624 1762 Ordinis
1651 1730 1771 1763 Cister-

1074 1783 1201 1822 ciensis,
1227 1787 1386 1816 conseri-1¹!
1407 1784 1441 1816 7⁴71
1459 1783 1530 1815 iure
1540 1783 1775 1827 praesentandi

1074 1837 1113 1869 ab
1139 1841 1255 1880 septem
1279 1837 1486 1880 paroc-males
1511 1836 1658 1870 mles-ias
1683 1837 1772 1870 (liae-

1074 1891 1152 1922 rexv’s
1170 1890 1374 1923 Dertusensis
1388 1889 1408 1923 2.

1067 1961 1182 1989 Dilecto
1198 1963 1260 1990 filiu
1277 1966 1380 1990 nostro
1399 1965 1429 1991 et
1443 1963 1634 1997 Apostolicae
1652 1963 1738 1990 Sedis

1149 2007 1179 2033 in
1196 2008 1297 2041 reqnis
1315 2008 1527 2041 Hispaniarum
1543 2008 1653 2036 nuncio

1269 2053 1380 2080 Paulus
1401 2053 1481 2088 Papa
1501 2054 1530 2080 V-

1235 2115 1351 2143 Dilecto
1379 2116 1422 2143 fili
1450 2119 1574 2148 noster,

1075 2160 1206 2187 salutem
1221 2163 1251 2187 et
1265 2161 1461 2194 apostolicam
1476 2161 1725 2189 benedictionem.

1076 2231 1108 2263 ln
1136 2231 1220 2263 beati
1250 2232 1335 2264 Petri
1365 2233 1592 2275 Apostolorum
1618 2232 1774 2275 principis

1031 2283 1123 2325 solio,
1148 2285 1269 2317 meritis
1290 2285 1361 2318 licet
1384 2286 1572 2329 imparibus,
1597 2286 1702 2318 divin-[1
1725 2286 1771 2317 fa-

1070 2371 1079 2396 1
1104 2369 1151 2396 Die
1171 2370 1205 2396 22
1225 2371 1325 2397 mensis
1345 2370 1426 2397 liuius
1448 2371 1546 2397 Paulus
1573 2371 1691 2397 Pontifex
1709 2371 1776 2397 Con-

1032 2410 1198 2446 stitutiones,
1213 2410 1238 2437 in
1256 2411 1348 2438 ultimo
1365 2412 1487 2446 tlapitulo
1503 2412 1572 2438 sacri
1588 2411 1666 2437 buius
1682 2411 1777 2438 Milita-

1034 2451 1070 2477 ris
1085 2450 1192 2477 Ordinis
1203 2451 1298 2484 editas,
1323 2452 1489 2478 confirmavit
1506 2452 1530 2477 in
1548 2452 1630 2478 forins«
1648 2452 1775 2486 specifica

1034 2491 1142 2526 litteris,
1159 2491 1258 2526 quibus
1274 2492 1378 2518 initium
1407 2496 1464 2518 est:
1491 2492 1529 2519 Et
1556 2493 1582 2519 siff
1608 2493 1704 2526 rigsl'lt's
1721 2501 1776 2526 pa-

1033 2533 1137 2563 slorz's;
1167 2541 1212 2559 cas
1233 2536 1322 2559 autciu
1343 2532 1506 2559 omittendus
1529 2533 1689 2568 mummius,
1717 2541 1776 2559 cuin

1035 2572 1105 2599 facili
1122 2573 1234 2608 negocio
1251 2573 1301 2608 legi
1322 2573 1423 2608 possint
1447 2573 1471 2599 in
1489 2573 1580 2600 codice
1605 2573 1776 2608 diplomatico

1034 2612 1156 2640 ciusdem
1173 2613 1291 2640 Ordinis.

1069 2654 1084 2679 2²
1106 2654 1140 2680 Ex
1163 2654 1268 2688 llcgcstv
1290 2654 1314 2680 iu
1335 2655 1434 2681 Nimim.
1458 2654 1531 2681 brev,

1784 234 1832 261 An.
1849 233 1877 260 C.
1901 234 1964 261 1607

1817 2238 1935 2258 Exordium.
