2227 3241
41 239 89 267 Αιι.
108 237 138 266 C.
158 235 225 265 1604

54 565 106 587 Cura
115 563 221 590 campien-

40 594 70 614 uis
79 591 186 614 Ecclesiae
200 597 221 611 e-

41 620 126 646 piscupo
133 618 220 638 Horten<

40 646 58 667 si
68 644 185 667 commissa.

109 1149 223 1180 Derossatio

43 1179 202 1199 contrariorum.

829 230 975 254 CLEMENS

236 283 386 327 deinceps
397 282 561 326 perpetuis
575 281 689 314 t'uturis
705 279 906 323 temporibus
921 288 977 322 per

235 346 335 370 unum
357 335 546 380 episcopum
562 334 784 378 Camplensem
799 338 826 365 et
840 332 975 364 Horten-

234 401 301 424 sem
314 389 569 434 nuncupandum
583 393 746 430 regantur,
767 386 888 431 pariter
904 395 977 429 per-

234 450 331 489 petuo
348 444 490 483 unimus,
514 442 716 476 annectimus
737 447 766 474 et
791 440 978 483 incorpora-

236 508 318 531 mus.
569 503 591 525 ⁴

281 552 296 595 ἓ
325 551 354 584 7.
383 551 419 584 Et
446 549 658 583 nihilominus
689 548 793 582 eidem
825 546 978 580 ecclesiae

237 604 417 648 Camplensi
452 604 492 637 de
526 605 664 647 persona
697 601 773 635 dicti
806 600 977 634 Alexandri

237 657 378 702 episcopi
408 658 492 691 dicta
527 656 719 690 auctoritate
749 655 975 699 providemus,

237 711 409 756 ipsumque
434 711 479 744 illi
504 711 536 744 in
561 710 748 755 episcopum
774 708 979 753 praeficimus

237 771 268 799 et
284 764 477 809 pastorem¹,
495 775 603 798 curam
620 770 650 798 et
664 762 977 797 administrationem

237 819 380 853 eiusdem
402 818 557 852 ecclesiae
577 817 776 862 Camplensis
789 817 849 850 sibi
869 817 899 849 in
914 816 978 860 spi-

235 873 407 906 ritualibus
427 878 459 906 et
476 863 710 917 temporalibus
723 871 867 915 plenarie
885 881 975 903 com-

236 926 406 967 mittendo,
427 926 469 959 ita
487 926 575 970 quod
596 935 654 970 per
673 926 735 959 hoc
755 924 859 958 dictae
881 924 980 957 eccle-

236 980 302 1014 siae
330 979 480 1013 Hortensi
505 989 635 1024 praesse
662 989 725 1012 non
757 979 897 1018 desinat,
925 978 979 1011 sed

236 1033 322 1066 illius
338 1044 374 1066 ae
391 1033 535 1067 eiusdem
551 1033 703 1066 ecclesiae
720 1031 918 1076 Camplensis
931 1043 982 1065 ve-

237 1097 292 1121 rus
312 1087 484 1131 episcopus
506 1093 535 1121 et
551 1087 679 1131 praesul
699 1086 823 1120 existat,

284 1142 300 1183 ξ
321 1140 351 1174 8.
376 1141 445 1174 Non
470 1141 674 1174 obstantibus
699 1139 982 1173 constitutioniluis

239 1199 271 1228 ct
296 1194 557 1228 ordinationibus
584 1193 781 1238 apostolicis,
813 1204 848 1226 ac
874 1194 978 1227 eccle-

239 1248 360 1282 siarum
381 1248 632 1292 praedictarum,
651 1248 847 1282 iuramento,
864 1247 982 1281 confir-

240 1301 383 1335 matione
412 1302 601 1346 apostolica,
629 1301 677 1335 vcl
698 1301 810 1345 quavis
831 1301 981 1334 firmitate

241 1355 301 1389 alia
318 1356 490 1391 roboratis.
503 1355 629 1389 statutis
643 1361 671 1388 et
684 1355 982 1388 consuetudinibus.

240 1409 415 1453 privilegiis
426 1419 569 1453 quoque,
586 1408 718 1441 indultis
732 1414 762 1441 et
779 1408 893 1441 litteris
907 1418 984 1452 apo-

240 1462 373 1504 stolicis,
391 1462 558 1506 quibusvis
577 1462 724 1506 personis
738 1462 983 1506 quomodolibet

241 1516 412 1549 concessis.
432 1516 553 1555 Quibus
571 1515 734 1555 omnibus,
752 1516 876 1549 etiamsi
892 1516 930 1549 de
948 1515 985 1548 il-

242 1570 280 1603 lis
311 1580 491 1614 eorumque
523 1570 597 1603 totis
628 1569 795 1603 tenoribus
822 1569 981 1614 specialis,

241 1623 392 1668 specifica
405 1629 436 1656 et
454 1634 613 1667 expressa,
631 1633 667 1656 ac
684 1623 723 1656 de
740 1623 838 1656 verbo
856 1623 895 1655 ad
914 1633 985 1656 ver-

241 1678 329 1719 bum,
348 1687 412 1711 non
434 1683 541 1710 autem
561 1688 620 1721 per
640 1677 799 1711 clausulas
820 1678 986 1720 generales

243 1731 326 1765 idem
342 1731 696 1775 imp01·tantes,menti0
710 1742 766 1764 seu
780 1731 910 1775 quaevis
924 1731 986 1764 alia

242 1785 403 1830 expressio
421 1785 580 1826 habenda,
601 1790 655 1818 aut
671 1785 778 1829 aliqua
795 1785 857 1818 alia
874 1785 985 1829 exqui-

241 1839 301 1873 sita
322 1840 425 1873 forma
445 1839 485 1873 ad
502 1839 562 1872 hoc
583 1839 740 1872 servanda
762 1839 854 1879 soret,
872 1849 984 1873 eorum

242 1902 280 1926 ac
307 1893 382 1926 dicti
413 1892 620 1926 instrumenti
648 1897 792 1933 tenores,
824 1903 859 1925 ac
889 1892 914 1925 si
947 1893 986 1925 ‹le

242 1945 340 1980 verbo
354 1946 393 1980 ad
407 1946 541 1979 verbum
555 1946 814 1990 exprimerentur
826 1951 856 1979 et
867 1946 986 1979 insere-

242 2005 365 2040 rentur,
382 2010 507 2033 necnon
531 2005 646 2040 terrae,
667 1999 874 2044 oppidorum,
899 2000 986 2033 vilta-

241 2064 325 2094 rum,
338 2054 497 2094 locorum,
508 2053 986 2094 territoriorum,districtuum,

242 2106 416 2140 comitatus
438 2112 468 2140 et
488 2106 627 2139 aliorum
652 2106 906 2150 praemissorum
929 2117 983 2139 ve-

242 2159 345 2193 riores
363 2159 544 2203 qualitates,
570 2159 728 2200 confines,
748 2159 987 2193 denominatio-

242 2223 310 2253 nes,
330 2213 590 2257 nuncupationes
614 2218 644 2246 et
664 2213 832 2253 vocabula,
860 2213 987 2257 aliaque

243 2266 275 2299 in
296 2266 494 2310 praemissis,
519 2272 549 2299 et
569 2266 655 2299 circa
680 2276 717 2299 ea
741 2266 988 2310 quomodolibet

243 2318 424 2353 necessaria
437 2324 469 2352 et
481 2325 676 2363 opportuna,
690 2319 914 2363 praesentibus
928 2330 987 2362 pro

243 2371 339 2415 plene
359 2377 389 2405 et
409 2372 607 2406 sufficienter
629 2371 754 2405 insertis
776 2376 806 2405 et
832 2371 987 2415 expressis

245 2425 414 2467 habentes,
439 2426 501 2459 illis
522 2426 601 2459 alias
629 2425 660 2459 in
682 2435 741 2459 suo
772 2425 888 2459 robore
909 2436 984 2470 per-

282 2517 293 2543 1
316 2515 369 2543 Sic.
386 2516 439 2552 leg.
456 2515 572 2552 Ughelli3
589 2524 731 2552 perperam
747 2525 811 2544 vero
827 2516 890 2543 edit.
907 2515 986 2544 Main.

247 2559 329 2588 habet
339 2562 530 2596 pastoralem,
551 2570 612 2588 nam
628 2561 677 2588 bac
693 2561 810 2589 lectione
831 2561 927 2597 posita,
948 2562 988 2588 vel

247 2604 400 2633 coniunctio
411 2608 435 2633 et
446 2605 590 2640 redundat,
602 2605 643 2634 vel
655 2610 731 2641 poste
743 2605 903 2640 alegenduin
920 2605 989 2633 l'orct

247 2650 455 2679 committimus
472 2660 519 2686 pro
534 2650 739 2679 committendo
756 2652 791 2686 (a,
810 2657 856 2680 rt.

996 229 1053 253 vm
1074 229 1124 253 ΡΡ.

1012 277 1181 315 mansuris,
1199 275 1257 308 liat:
1276 275 1342 308 vice
1356 274 1518 307 dumtaxat
1537 272 1653 305 harum
1671 270 1753 304 serie

1011 329 1194 373 specialiter
1208 335 1237 362 et
1255 338 1402 372 expresse
1420 327 1626 369 derogamus,
1650 329 1755 357 caete-

1012 384 1119 428 risque
1146 383 1317 417 contrariis
1347 382 1617 426 quibuscumque:
1641 376 1753 411 firma¹

1011 447 1067 481 spe
1092 437 1275 481 fiduciaque
1307 436 1492 480 conceptis,
1521 434 1626 478 quod,
1653 431 1756 475 gratia

1011 492 1139 525 Domini
1158 492 1301 536 praefato
1316 490 1498 524 Alexandro
1513 488 1665 532 episcopo
1679 485 1756 519 assi-

1012 551 1114 579 stentc
1127 544 1278 589 propitia,
1302 544 1385 577 dicta
1406 543 1540 576 ecclesia
1560 539 1756 585 Camplensis

1012 599 1071 633 sub
1097 609 1154 632 suo
1181 598 1263 631 felici
1285 597 1443 640 regimine
1465 601 1593 639 regetur
1618 594 1754 633 utiliter,

1013 659 1043 687 et
1061 662 1217 696 prospere
1235 651 1406 693 dirigetur,
1430 661 1464 683 ar
1486 655 1575 692 grata
1589 648 1619 681 in
1635 648 1756 681 eisdem

1013 705 1236 750 spiritualibus
1249 710 1276 737 ct
1292 704 1527 748 temporalibus
1545 702 1695 747 suscipiet
1711 701 1757 734 in-

1014 765 1190 793 crementa.

1055 816 1070 856 ξ
1085 813 1115 847 9.
1128 814 1283 846 Volumus
1297 818 1402 846 autem
1415 811 1656 856 quodpropter
1668 810 1758 844 unio-

1015 878 1087 901 nem
1109 873 1139 900 et
1166 866 1379 900 annexionem
1402 871 1432 898 et
1449 864 1760 909 incorporationem,

1015 921 1199 966 praedictae
1209 919 1539 954 ecclesiaeHortensis
1551 924 1582 952 et
1593 918 1759 962 Camplen-

1015 975 1058 1009 sis
1077 974 1266 1008 huiusmodi
1287 973 1319 1006 in
1339 972 1563 1017 spiritualibus
1581 978 1611 1005 et
1629 977 1756 1016 tempo-

1017 1029 1139 1063 ralibus
1164 1028 1358 1062 detrimenta
1385 1037 1449 1060 non
1477 1025 1671 1066 sustineant,
1704 1025 1759 1058 sed

1016 1094 1127 1117 earum
1150 1092 1294 1125 congrue
1308 1086 1544 1125 supportentur
1565 1089 1664 1113 onera
1686 1089 1761 1112 con-

1015 1143 1117 1173 sueta:

1060 1193 1076 1232 ξ
1098 1189 1150 1222 10.
1167 1189 1336 1233 Quodque,
1353 1189 1384 1221 in
1405 1194 1553 1222 eventum
1575 1186 1760 1220 dissolutio-

1016 1245 1065 1278 nis
1083 1243 1188 1277 dictae
1208 1242 1354 1281 unionis,
1377 1241 1593 1276 communitas
1607 1247 1637 1274 et
1658 1241 1762 1274 homi-

1017 1309 1073 1332 nes
1093 1298 1297 1341 Camplenses
1310 1296 1442 1340 praefati
1458 1301 1630 1328 teneantur
1643 1305 1762 1337 augere

1018 1353 1126 1386 dotem
1139 1352 1243 1385 dictae
1255 1349 1447 1394 episcopalis
1458 1359 1588 1382 mensae
1599 1348 1763 1392 Camplen-

1017 1406 1059 1440 sis
1080 1416 1182 1450 usque
1199 1406 1238 1438 ad
1253 1414 1397 1437 annuum
1413 1403 1554 1435 valorem
1578 1402 1665 1435 mille
1686 1412 1760 1434 scu-

1019 1466 1141 1497 torum,
1171 1458 1256 1491 iuxta
1282 1456 1526 1501 dispositionem
1558 1456 1762 1489 decretorum

1018 1512 1149 1547 Concilii
1162 1511 1355 1551 Tridentini3
1373 1510 1450 1543 alias
1468 1516 1552 1542 terra
1566 1508 1764 1553 Camplensis

1019 1578 1055 1600 ac
1075 1567 1181 1606 villae,
1204 1565 1379 1605 territoria,
1403 1564 1567 1598 districtus
1585 1569 1615 1596 et
1631 1563 1764 1596 comita-

1019 1627 1068 1655 tus
1078 1619 1275 1660 huiusmodi,
1286 1624 1321 1652 ut
1330 1618 1512 1663 praefertur
1524 1616 1765 1657 dismembrata,

1020 1675 1058 1708 ad
1072 1674 1244 1719 pristinum
1260 1683 1345 1708 eum,
1356 1672 1386 1704 in
1402 1682 1466 1715 quo
1478 1677 1552 1704 ante
1566 1670 1762 1704 erectionem

1020 1735 1051 1762 et
1082 1726 1404 1761 dismembrationem
1441 1725 1628 1758 huiusmodi
1654 1730 1760 1761 erant,

1020 1789 1137 1817 statum
1156 1786 1369 1814 revertantur.

1065 1836 1079 1880 ξ
1101 1835 1152 1867 ll.
1176 1834 1334 1873 Quocirca
1353 1833 1458 1867 eidem
1485 1833 1666 1866 Alexandro
1691 1832 1761 1876 epi-

1020 1899 1119 1933 scopo
1140 1899 1198 1933 per
1219 1887 1396 1932 apostolica
1414 1886 1533 1931 scripta
1559 1886 1761 1927 mandamus,

1020 1949 1180 1987 quatenus
1200 1952 1283 1974 onus
1308 1951 1405 1974 curae
1425 1946 1455 1973 et
1475 1939 1765 1973 administrationis

1021 1996 1124 2029 dictae
1149 1995 1304 2028 ecclesiae
1329 1994 1525 2038 t'Iamplensis
1546 1993 1589 2027 sic
1615 2003 1764 2026 exercerc

1020 2050 1145 2083 studeat
1175 2049 1314 2085 solicite,
1349 2048 1488 2081 fideliter
1516 2053 1545 2080 ct
1574 2047 1761 2091 prudenter,

1020 2103 1107 2147 quod
1122 2103 1235 2136 exinde
1249 2102 1366 2146 sperati
1381 2102 1501 2134 fructus
1515 2100 1717 2144 proveniant,
1735 2106 1764 2132 et

1020 2167 1096 2190 suae
1116 2157 1221 2189 bonae
1243 2156 1348 2189 famae
1370 2156 1451 2188 odor
1469 2165 1504 2187 ex
1523 2154 1588 2186 suis
1612 2153 1761 2186 laudabi-

1021 2210 1104 2243 libus
1125 2209 1248 2243 actibus
1262 2209 1360 2242 latius
1381 2207 1613 2248 diffundattit‘³‚
1631 2218 1666 2240 ac
1680 2207 1765 2240 dicta

1021 2262 1156 2297 ecclesia
1175 2262 1372 2307 Camplensis
1386 2261 1595 2304 gubernatori
1614 2260 1761 2304 provido,

1021 2323 1051 2350 et
1081 2317 1247 2350 fructuoso
1279 2314 1534 2349 administratori
1567 2314 1704 2355 gaudeat
1732 2324 1764 2345 se

1021 2371 1240 2411 commissam,
1275 2370 1407 2414 ipseque
1433 2369 1614 2402 Alexander
1638 2367 1764 2411 cpisco-

1021 2436 1091 2470 pus,
1115 2430 1244 2470 praeter
1258 2430 1410 2458 aeternae
1431 2421 1652 2456 retributionis
1666 2431 1761 2466 prae-

1060 2517 1067 2542 t
1093 2515 1164 2542 Edit.
1190 2515 1270 2543 Main.
1300 2514 1392 2542 habet.
1424 2514 1571 2549 firmaque,
1601 2512 1648 2540 sed
1677 2512 1765 2548 aptius

1023 2559 1129 2595 Ughetti
1144 2560 1211 2596 legit
1225 2560 1313 2595 firma
1327 2566 1364 2593 ka.
1381 2559 1431 2591 T.).

1057 2605 1073 2631 9.
1093 2605 1162 2632 Tum
1183 2604 1248 2632 edit.
1275 2604 1354 2631 Maia.
1377 2608 1432 2630 tuin
1454 2602 1555 2638 t'ghettt
1582 2602 1632 2638 leg.
1655 2602 1762 2637 diffun-

1004 2650 1148 2679 utantur:
1166 2658 1290 2683 erronee,
1308 2653 1333 2676 ut
1352 2652 1424 2685 patet
1440 2655 1466 2679 (a
1494 2648 1540 2683 r),

1670 212 1712 245 69
1760 221 1809 246 Αῃ.
1831 219 1859 245 C.
1883 219 1950 246 teat

1843 815 1956 841 [musque

1771 843 1876 864 ecclesiae
1892 847 1957 862 onera

1772 869 1902 891 sustinenda.

1809 1204 1829 1223 St
1847 1203 1959 1224 dissolutio

1776 1232 1818 1252 fiat.
1829 1230 1959 1256 Cainplensis

1774 1259 1880 1278 ‹um-testae
1922 1256 1960 1276 dos

1776 1284 1879 1310 augenda.

1806 1845 1929 1866 Exhortatio
1938 1845 1964 1865 ad

1780 1874 1902 1898 episcopum
1944 1875 1964 1891 ut

1780 1905 1817 1919 <un
1833 1899 1914 1918 muneri
1933 1904 1965 1919 sa-

1781 1926 1879 1946 {iss-tvm!v
