2227 3241
37 222 87 250 An.
108 220 140 249 C.
151 220 220 248 ¹604

65 869 90 890 Ei
101 870 144 890 unit
152 873 223 889 mona-

39 897 125 917 sterium
145 895 167 916 S.
184 896 224 915 An-

40 923 79 950 goli
90 923 116 944 de
127 922 222 946 Lauini„

838 219 984 243 crnnnxs

236 268 369 302 mobilia
401 278 624 312 quaecumque
650 278 686 301 ex
712 267 757 300 eis
784 273 914 310 empta,
944 270 993 306 et}

235 321 344 366 quoad
368 321 473 366 ipsum
499 321 667 365 palatium,
695 321 754 354 sub
775 320 926 353 omnibus
945 324 993 352 et=

235 375 370 420 singulis
390 376 537 417 decretis,
559 375 841 415 declarationibus,
862 374 993 408 subm-t

230 428 429 470 gnfionibus,
456 429 727 470 obligationibus,
751 428 869 472 pactis,
893 437 973 460 con-

236 482 425 521 ditionibus,
442 482 691 523 firmastonibus,
707 482 838 515 cautelis
850 486 881 514 et
894 479 994 514 clau-'³

236 536 314 570 sutis
332 542 363 570 et
387 536 457 569 aliis
477 536 693 580 chirographo
713 542 742 569 et
761 536 976 569 instrumento

237 589 423 624 huiusmodi
441 590 599 624 contentis
617 596 648 623 et
668 590 833 634 appositis,
850 595 880 623 et
900 589 977 622 alias

238 644 376 689 desuper
395 644 584 678 necessariis
598 650 628 678 et
642 644 844 688 opportunis,
862 644 900 677 de
914 655 975 677 no-

236 709 288 740 vo,
311 709 370 743 pro
388 698 506 742 potiori
521 698 657 740 cautela,
675 698 866 732 auctoritate
884 704 914 731 et
934 703 979 731 te·
995 694 997 722 ἶ

237 762 317 785 noro
336 751 533 796 praemissis,
554 752 649 785 etiam
672 758 829 796 perpetuo
850 757 881 785 et
901 751 979 785 irre-

237 806 426 839 vocabiliter
443 806 601 839 donamus
620 811 650 839 et
668 806 886 839 concedimus.

284 860 300 901 ἓ
329 858 360 892 3.
399 860 570 893 Praeterea
605 859 711 893 eidem
748 859 885 902 collegio
919 870 998 903 pro=

238 915 381 955 congrua
398 918 429 946 et
447 912 643 957 competenti
661 912 729 946 eius
749 913 824 946 dote
845 923 900 946 seu
916 913 975 947 do-

239 966 278 1000 tis
302 966 458 1008 subsidio,
481 977 684 1010 onerumque
712 966 757 999 illi
783 966 976 1000 incumben-

238 1019 317 1053 tium
344 1019 479 1053 faciliori
511 1026 542 1053 et
566 1019 781 1053 commodiori
802 1025 976 1064 supporta-

238 1073 336 1115 tione,
355 1073 587 1107 monasterium
608 1073 638 1107 S.
662 1073 775 1116 Angeli
795 1074 834 1107 de
851 1074 979 1107 Lanulis

236 1126 267 1160 S.
291 1127 466 1169 Benedicti,
480 1138 535 1160 seu
550 1127 682 1160 alterius
697 1127 836 1168 Ordinis,
859 1127 979 1160 nullius

237 1181 393 1215 dioecesis
413 1181 599 1226 provinciae
625 1181 864 1222 Urbinatensis,
892 1182 978 1225 quod

239 1235 344 1269 bonae
379 1235 557 1269 memoriae
588 1235 803 1279 Hieronymus
835 1235 917 1268 tituli
945 1235 975 1269 S.

239 1288 400 1323 Pancratii
418 1289 587 1334 presbyter
600 1288 774 1322 cardinalis
791 1288 979 1322 Mattliaeius

236 1348 443 1387 nuncupatus
461 1342 491 1375 in
508 1343 736 1376 commendam
751 1342 790 1375 ad
805 1342 852 1375 sui
866 1342 975 1383 vitam,

237 1407 272 1429 ex
291 1396 499 1430 concessione
512 1402 541 1429 et
555 1396 766 1440 dispositione
787 1396 975 1440 apostoliea,

237 1450 314 1484 dum
332 1451 452 1484 viveret
472 1450 649 1490 obtinebat,
666 1456 696 1483 et
710 1450 798 1494 quod
819 1455 979 1483 conventu

237 1510 335 1546 caret,
355 1504 510 1548 cuiusque
529 1510 560 1537 et
575 1503 620 1537 illi
637 1504 744 1537 forsan
761 1502 893 1536 annexi¹
914 1504 979 1536 fru-

237 1563 315 1600 ctus,
340 1558 485 1591 redditus
510 1563 540 1590 et
564 1562 738 1601 proventus
761 1562 978 1590 trecentorum

238 1611 429 1644 ducatorum
444 1611 483 1644 de
496 1611 627 1645 Camera
644 1611 821 1644 secundum
839 1621 981 1644 commu-

238 1675 312 1699 nem
346 1665 615 1699 existimationem
642 1666 783 1699 valorem
820 1676 976 1707 annuum,

240 1725 275 1753 ut
299 1719 493 1763 accepimus,
513 1729 577 1752 non
600 1720 767 1760 excedunt,
788 1720 979 1753 commenda

239 1773 405 1817 praedicta
419 1783 476 1817 per
489 1773 612 1806 obitum
628 1773 704 1806 dicti
719 1773 904 1818 Hieronymi
917 1784 982 1806 car-

239 1826 355 1860 dinalis
366 1837 470 1871 nuper
483 1827 570 1871 apud
584 1827 698 1860 Sedem
710 1827 918 1871 apostolicam
931 1827 982 1860 de—

240 1880 339 1914 functi
362 1886 516 1922 cessante,
532 1880 637 1914 adhuc
652 1891 701 1922 eo,
722 1891 787 1925 quo
805 1886 878 1914 ante
892 1891 980 1914 com-

240 1934 391 1967 mendam
412 1934 512 1978 ipsam
534 1934 677 1975 vacabat,
701 1935 749 1968 vel
770 1934 848 1968 alias
869 1935 981 1978 quovis

241 1988 350 2029 modo,
374 1993 405 2021 et
425 1998 461 2021 ex
483 1987 717 2032 cuiuscumque
739 1990 878 2032 persona
894 2015 901 2027 ,
924 1999 980 2021 seu

240 2052 298 2086 per
317 2042 451 2076 liberam
475 2041 651 2075 cessionem
673 2041 811 2074 cuiusvis
836 2041 875 2074 de
897 2041 981 2074 illius

241 2094 399 2137 regimine
428 2100 459 2128 et
483 2094 763 2128 administratione
784 2094 815 2127 in
836 2095 980 2128 Romana

240 2148 338 2181 Curia
358 2148 406 2181 vel
428 2154 516 2181 extra
529 2159 599 2181 eam
615 2148 709 2181 etiam
727 2159 834 2181 coram
854 2148 981 2181 notario
998 2171 1000 2187 ,

240 2201 372 2246 publico
386 2207 417 2235 et
430 2202 564 2235 testibus
581 2207 694 2245 sponte
709 2202 836 2242 factam,
854 2212 978 2239 vacans;

241 2255 366 2288 etiamsi
392 2260 480 2288 tanto
512 2260 658 2298 tempore
691 2254 867 2293 vacaverit,
895 2255 980 2298 quod

242 2308 310 2341 eius
334 2308 486 2352 provisio,
515 2308 599 2341 iuxta
626 2308 848 2341 Lateranensis
865 2313 983 2341 statuta

241 2360 375 2395 Concilii
390 2367 445 2395 aut
458 2362 536 2395 alias
551 2362 722 2395 canonicas
734 2362 926 2402 sanctiones,
943 2361 982 2394 ad

242 2414 355 2448 Sedem
377 2415 576 2459 praedictam
596 2415 738 2458 legitime
756 2415 906 2448 devoluta
924 2415 984 2447 cxi-

242 2473 322 2509 stat,
346 2468 465 2513 illaque
489 2479 525 2503 ex
549 2468 661 2513 quavis
686 2479 781 2502 causa
805 2469 845 2502 ad
866 2468 981 2502 Sedem

281 2595 291 2620 1
322 2593 421 2622 Forsan
451 2594 593 2631 legendum
623 2602 807 2622 annexorum
842 2596 870 2620 ut
903 2601 984 2629 supra

245 2646 303 2674 pag.
321 2639 355 2665 85³
368 2639 405 2673 (n,
422 2640 467 2674 Τ.)

1009 220 1067 242 vttt
1088 220 1132 242 rr.
1681 206 1720 236 ..²3
1767 212 1859 239 An.C.
1883 211 1950 239 ¹604

1009 267 1154 300 eamdem
1176 267 1358 310 specialiter
1379 266 1426 299 vel
1445 265 1639 308 generaliter
1657 264 1750 307 perti-

1010 326 1093 360 neat,
1122 331 1158 353 ac
1183 321 1221 353 de
1248 320 1302 353 illo
1332 319 1598 353 consistorialiter
1622 317 1748 361 disponi

1010 373 1212 407 consueverit
1225 384 1278 407 seu
1295 374 1420 410 debeat,
1434 383 1531 417 super
1545 383 1582 405 eo
1597 370 1749 415 quoque¹‚

992 440 994 474 [
1010 436 1047 459 ac
1061 427 1217 469 regimine
1231 433 1260 460 et
1274 426 1553 460 administratione
1567 424 1750 470 praedictis,

1011 480 1094 513 inter
1107 481 1233 524 aliquos
1247 481 1295 521 lis,
1312 492 1368 514 seu
1384 481 1509 513 illarum
1526 479 1683 524 possessio
1702 478 1749 511 vel

1012 535 1101 578 quasi
1123 535 1269 568 molestia
1283 535 1386 577 (cuius
1399 535 1463 568 litis
1477 540 1603 575 statum,
1617 543 1748 567 verum-

1012 600 1075 633 que
1093 595 1123 622 et
1142 589 1292 622 ultimum
1314 589 1389 622 dis-ti
1410 588 1592 622 monasterii
1615 587 1752 620 vacatio-

1012 643 1061 677 nis
1075 643 1220 684 modum,
1238 643 1361 677 etiamsi
1377 654 1412 676 ex
1434 644 1489 677 illo
1507 643 1637 687 quaevis
1655 642 1750 675 etiam

1013 697 1172 740 generalis
1193 697 1377 737 reservatio,
1395 697 1490 731 etiam
1506 697 1537 729 in
1556 706 1692 740 corpore
1706 695 1753 728 iu-

1014 751 1056 784 ris
1082 751 1199 792 clausa,
1228 751 1383 791 resultet,
1412 750 1507 784 etiam
1530 749 1753 795 praesentibus

1013 804 1126 838 haberi
1146 805 1295 838 volumus
1309 815 1367 848 pro
1382 805 1544 848 expresso)
1559 804 1698 848 pendeat
1712 802 1754 835 in-

1015 858 1120 891 decisa
1147 858 1339 901 (dummodo
1366 864 1512 901 tempore
1541 857 1633 891 datae
1662 867 1754 902 prae-

1014 911 1152 944 sentium
1168 911 1272 945 eidem
1288 911 1484 945 monasterio
1497 911 1535 944 de
1549 911 1664 944 abbate
1677 921 1754 955 pro-

1013 964 1115 999 visum
1129 964 1151 1006 ²,
1183 972 1237 998 aut
1268 965 1346 998 illud
1374 965 1465 998 alteri
1490 965 1754 998 commendatum

1014 1019 1169 1052 canonice
1182 1029 1246 1052 non
1261 1019 1399 1062 existat),
1413 1029 1485 1052 cum
1501 1018 1631 1051 annexis
1645 1017 1755 1051 huius-

1014 1073 1124 1113 modi;
1149 1083 1275 1106 necnon
1302 1072 1469 1106 ecclesiam
1488 1072 1518 1105 S.
1546 1071 1689 1105 Caesarei
1716 1071 1755 1104 de

1014 1127 1098 1160 Urbe
1120 1127 1151 1160 in
1165 1127 1224 1167 via,
1242 1127 1281 1160 ad
1302 1133 1427 1171 portam
1446 1126 1579 1171 Appiam
1602 1126 1632 1159 S.
1656 1125 1753 1159 Seba-
1770 1133 1956 1180 ‘'¹⁸33311130ncgg3

1013 1180 1106 1214 stiani
1128 1186 1346 1225 nuncupatam
1367 1181 1529 1221 tendente,
1549 1180 1654 1221 sitam,
1672 1190 1754 1223 quae
1770 1189 1826 1208 sarci
1840 1175 1943 1210 ttetjrbez

1014 1244 1117 1278 nuper
1138 1234 1168 1266 in
1186 1234 1251 1267 suis
1268 1234 1436 1267 structuris
1449 1239 1480 1267 et
1496 1233 1650 1267 aedificiis
1668 1239 1755 1266 vetu-

1014 1293 1094 1321 state
1116 1287 1314 1331 consumptis
1339 1293 1369 1321 et
1390 1287 1515 1320 ruinam
1544 1286 1751 1327 minantibus,

1013 1348 1143 1386 sumptu
1164 1348 1274 1375 nostro
1296 1341 1504 1375 instauratam
1527 1346 1752 1384 ornatamque,

1014 1405 1050 1428 ac
1065 1406 1146 1439 quae.
1158 1395 1276 1429 dilecto
1292 1395 1358 1428 filio
1375 1400 1486 1428 nostro
1506 1394 1659 1428 Silvestro
1673 1393 1755 1426 eius-

1014 1450 1087 1483 dem
1108 1450 1138 1483 S.
1162 1449 1306 1483 Caesarei
1336 1450 1473 1482 diacono
1500 1448 1671 1489 cardinali,
1692 1457 1753 1480 no-

1013 1510 1080 1537 stro
1096 1504 1274 1537 secundum
1290 1514 1419 1536 carnem
1434 1502 1618 1546 pronepoti,
1632 1512 1690 1546 pro
1706 1502 1756 1534 de-

1014 1556 1237 1590 nominatione
1273 1557 1320 1589 sui
1358 1556 1576 1589 cardinalatus
1605 1566 1755 1588 concessa

1015 1610 1128 1652 extitit,
1146 1621 1218 1644 cum
1235 1610 1386 1644 omnibus
1400 1615 1428 1643 et
1444 1609 1578 1652 singulis
1591 1609 1655 1642 suis
1671 1609 1757 1642 aedi-

1015 1664 1107 1705 ficiis,
1131 1665 1293 1702 domibus,
1317 1664 1463 1703 aedibus,
1485 1663 1589 1703 bonis,
1610 1663 1757 1707 proprie-

1016 1718 1152 1759 tatibus,
1177 1718 1275 1759 villis,
1301 1717 1404 1759 terris,
1429 1717 1525 1760 agris,
1549 1717 1758 1761 possessioni—

1015 1771 1085 1812 bus,
1103 1771 1219 1813 fundis,
1239 1771 1350 1815 pratis,
1367 1770 1505 1815 pascuis,
1525 1770 1622 1811 silvis,
1643 1770 1754 1809 hortis,

1016 1825 1181 1866 fructibus,
1209 1825 1408 1866 redditibus,
1435 1825 1659 1869 proventibus,
1687 1825 1759 1858 iuri-

1015 1879 1086 1921 bus,
1103 1879 1364 1919 obventionibus,
1382 1879 1619 1919 emolumentis,
1634 1879 1756 1912 iurisdi‹

1016 1933 1187 1973 ctionibus,
1213 1933 1367 1966 membris
1391 1933 1533 1974 annexis,
1557 1933 1759 1977 pertinentiis

1015 1987 1080 2020 suis
1100 1987 1273 2025 universis,
1298 1987 1329 2020 in
1355 1987 1520 2031 quibusvis
1541 1987 1636 2020 rebus
1657 1987 1759 2020 consi-

1015 2040 1174 2074 stentibus
1189 2045 1215 2073 et
1238 2041 1467 2084 undecumque
1482 2040 1755 2085 p1·ovenientilnts;

1016 2094 1140 2128 vincam
1163 2104 1293 2138 quoque
1311 2095 1412 2128 dictae
1427 2094 1581 2129 ecclesiae
1595 2094 1695 2128 sancti
1709 2087 1759 2127 Cc-
1775 2098 1835 2150 ''f—32¹¹,
1846 2128 1926 2145 mum

1016 2148 1096 2181 sarei
1115 2149 1311 2191 contiguam,
1331 2154 1361 2182 et
1380 2149 1411 2182 in
1430 2149 1478 2181 via
1497 2148 1659 2192 praedicta
1675 2148 1758 2181 iuxta
1774 2158 1825 2171 ΜΗ·
1841 2154 1930 2177 t··1>¹¹³¹¹·

1017 2202 1097 2235 alios
1114 2213 1188 2235 suos
1207 2203 1347 2236 veriores
1361 2203 1504 2236 confines
1522 2203 1627 2243 sitam,
1645 2213 1681 2235 ac
1701 2213 1759 2245 per

1016 2266 1075 2289 nos
1094 2256 1189 2289 etiam
1219 2267 1324 2300 nuper
1344 2267 1361 2289 a
1381 2256 1507 2289 dilectis
1537 2256 1611 2289 filiis
1638 2255 1753 2288 haere-

1017 2309 1110 2342 dibus
1122 2309 1245 2343 Camilli
1256 2309 1431 2343 Crescentii
1445 2310 1520 2342 civis
1533 2309 1669 2349 romani,
1682 2309 1758 2341 dum

1018 2362 1104 2403 vixit,
1133 2363 1237 2407 pretio
1264 2363 1311 2396 bis
1333 2363 1419 2396 inille
1446 2369 1476 2396 et
1506 2363 1758 2406 quingentorum

1018 2422 1183 2449 scutorum
1206 2422 1359 2461 emptam,
1381 2417 1493 2450 eadem
1519 2416 1710 2449 auctoritate
1731 2421 1761 2448 ct

1823 2104 1903 2118 tineam
1912 2104 1959 2123 pru·

1839 2132 1857 2136 w
1898 2127 1959 2144 wiu-

1055 2507 1064 2532 t
1090 2504 1188 2541 Nempe
1204 2505 1394 2541 subintellige:
1413 2508 1438 2532 ct
1454 2513 1566 2540 quoque
1582 2504 1697 2532 etiamsi
1715 2513 1761 2532 su-

1015 2558 1068 2584 per
1082 2558 1112 2577 eo
1126 2570 1214 2577 .....
1235 2551 1270 2577 lis
1286 2553 1310 2577 et
1328 2550 1466 2585 possessio
1478 2549 1605 2584 pendeat
1620 2549 1743 2577 indecisa
1754 2559 1760 2575 .-

1019 2593 1078 2621 vide
1094 2602 1176 2629 supra
1194 2603 1255 2630 pag.
1273 2594 1307 2621 85
1321 2596 1359 2628 (n.
1378 2595 1427 2628 r).

1054 2638 1069 2664 ΞΣ
1085 2639 1261 2673 subintellige
1274 2649 1328 2666 mm
1342 2640 1479 2673 fueritve!
1496 2648 1551 2666 non
1568 2640 1745 2674 aristatmfs.
