2227 3241
14 264 17 273 .
46 247 96 286 ᾼῃ,
115 245 144 274 G.
161 245 230 275 1606

6 1695 7 1698 Ἴ
21 1720 23 1737 ;
54 1705 155 1730 accenset
163 1708 220 1735 tegas

83 1735 171 1757 sanauit
191 1736 220 1757 ta-

884 249 1002 275 PAULUS
1026 250 1046 274 V
1070 251 1116 274 PP.

240 294 380 329 savorem
399 306 436 329 ac
451 295 621 330 brachium
640 306 699 341 pro
720 297 915 341 exequendis
934 297 986 331 de-

240 349 335 384 cretis
355 355 386 384 et
406 350 565 384 mandatis
582 351 724 386 eiusdem
750 351 851 385 sancti
880 351 983 386 Officii

239 415 276 439 ac
305 404 448 439 eiusdem
481 405 624 450 episcopi
662 405 693 439 in
729 405 842 439 iisdem
879 405 983 439 causis

237 458 395 502 praestari
420 459 606 493 decernitur
630 465 661 492 et
689 459 876 492 ordinatur:
905 459 979 502 qui-

237 512 327 547 nimo
352 523 407 547 vos
432 513 481 546 his
505 513 684 547 statuendis
709 519 740 546 et
770 513 982 546 decernendis

239 576 388 609 magnam
414 577 432 600 a
456 567 521 600 Deo
546 566 792 600 retributionem
810 594 818 608 ,
847 577 864 599 a
888 566 982 599 nohis

237 630 312 654 vero
326 626 358 654 et
370 620 554 665 Apostoliea
567 620 648 654 Sede
662 620 810 662 gratiam,
828 620 867 653 ab
882 620 983 653 omni-

237 673 297 707 hus
317 673 446 707 laudem
465 680 496 708 et
512 674 830 708 commendationem
853 684 982 718 prome-

237 727 356 761 rituros
376 738 436 772 pro
457 734 624 773 comperto
649 727 804 762 habeatis.

280 781 394 815 Datum
413 782 535 816 Romae
553 782 638 827 apud
657 780 804 816 sanctum
822 781 976 823 Marcum,

236 836 296 871 sub
328 837 448 871 annulo
480 837 652 871 Piscatoris
681 837 732 870 die
763 847 807 871 x11
838 836 981 871 octobris

236 900 346 932 MDcw,
369 890 578 936 pontificatus
595 891 698 925 nostri
719 902 804 925 anno
824 902 858 925 11.

272 952 330 980 Dat.
349 953 392 981 die
411 953 442 981 12
461 953 580 982 octobris
602 953 680 989 1606,
696 953 790 990 pontif.
804 961 848 981 an.
862 960 888 980 11.

577 1144 638 1178 Lx.

234 1267 275 1302 In
292 1267 378 1302 idem
398 1272 631 1312 arqumencum
648 1269 791 1312 episcopo
811 1268 950 1301 Lunensi
956 1267 975 1301 ¹.

234 1384 404 1414 Venerabili
419 1384 507 1413 fratri
522 1385 687 1413 Alexandro
703 1385 841 1421 episcopo
853 1386 979 1414 Lunensi

478 1458 591 1486 Paulus
612 1458 692 1492 Papa
712 1459 742 1485 V.

439 1548 625 1576 Venerabilis
655 1549 768 1581 frater,

274 1603 405 1631 salutem
420 1605 450 1630 et
470 1602 669 1637 apostoticam
688 1601 942 1631 benedictionem.

262 1701 295 1745 ,ᾖ
315 1700 344 1734 1,
368 1700 458 1742 Cum,
476 1700 558 1735 sicut
575 1701 769 1746 accepimus,
791 1701 898 1734 dilecti
920 1700 976 1733 filii

234 1754 360 1789 nobiles
377 1754 436 1788 viri
457 1755 612 1789 vexillifer
629 1761 659 1789 et
679 1755 799 1789 antiani
821 1755 977 1799 reipubli-

235 1818 290 1842 cae
310 1808 456 1842 Lucanae
487 1814 606 1843 statuta
626 1814 656 1842 et
677 1809 804 1843 decreta
825 1809 977 1842 condide-

234 1863 321 1905 rint,
344 1873 427 1907 quae
447 1873 614 1897 sacrorum
636 1874 795 1897 canonum
818 1863 973 1904 decretis,

234 1916 470 1951 ecclesiasticae
500 1916 715 1950 iurisdictioni
746 1923 776 1950 et
799 1916 900 1950 sancti
926 1916 975 1950 ln-

233 1969 415 2014 quisitionis
431 1969 531 2005 Officii
553 1970 729 2015 privilegiis
757 1971 916 2004 adversari
940 1981 976 2004 ac

231 2023 457 2068 praeiudicare
474 2024 698 2069 perspeximus
724 2025 777 2068 (ut
797 2031 891 2069 puta:
921 2025 975 2058 de-

232 2078 458 2113 nunciationes
482 2078 515 2113 in
545 2079 681 2113 crimine
712 2079 853 2113 haeresis
880 2080 974 2113 certis

233 2138 346 2166 eorum
367 2132 558 2167 officialibus
579 2133 741 2167 faciendas
762 2144 846 2168 esse:
876 2133 975 2167 libros

232 2184 439 2220 haereticalia
464 2188 667 2221 continentes
700 2193 730 2221 et
761 2187 970 2229 seandalosa,

233 2249 372 2283 quorum
393 2240 558 2284 catalogus
578 2240 618 2274 ab
639 2240 676 2274 iis
697 2240 792 2274 etiarn
814 2251 972 2285 propone·

231 2298 331 2335 retur,
348 2294 540 2337 legentibus,
557 2294 582 2328 si
600 2294 831 2339 poenituerint,
848 2295 972 2328 veniam

233 2347 485 2390 concedendam,
516 2348 713 2393 eosdemque
738 2349 839 2382 libros
859 2359 917 2393 per
941 2359 973 2382 se

231 2398 317 2444 ipsos
337 2400 376 2434 ab
396 2401 443 2442 iis,
472 2401 526 2447 qui
552 2402 624 2436 illos
644 2401 812 2443 haberent,
841 2402 974 2436 combu-

231 2453 361 2496 rendos,
396 2460 451 2488 aut
475 2454 672 2489 confessario
704 2455 895 2496 tradendos;
924 2456 973 2489 lit-

231 2511 315 2540 teras
339 2507 378 2541 ab
403 2508 574 2543 haereticis
606 2510 645 2543 ad
677 2509 803 2554 aliquos
838 2509 973 2554 scriptas

231 2558 345 2594 iisdem
370 2561 564 2598 officialibus
584 2564 792 2605 exhibendas,
817 2569 846 2597 et
873 2563 903 2596 in
925 2563 973 2596 his

270 2677 280 2702 1
303 2674 341 2703 Ex
361 2675 467 2713 Regest.
490 2678 517 2706 in
537 2679 634 2707 Secret-
652 2680 732 2709 Brev.

1018 298 1143 331 casibus
1164 298 1203 332 ab
1224 299 1418 333 officialibus
1442 298 1616 343 praedictis
1640 309 1757 343 proce-

1017 352 1179 393 dendu1n;
1207 359 1375 397 praeterea
1398 364 1416 387 a
1440 360 1550 387 sancto
1571 353 1684 388 Officio
1709 353 1757 387 ci-

1017 411 1110 447 tatos,
1134 407 1200 450 qui,
1223 413 1396 452 antequam
1418 408 1624 442 declarentur
1648 407 1761 441 haere-

1000 459 1082 499 ttici,
1110 460 1219 504 elapso
1245 472 1329 495 anno
1351 462 1594 506 comparuerint
1615 468 1645 496 et
1671 471 1760 495 man-

1016 513 1098 546 datis
1120 514 1263 547 eiusdem
1285 515 1385 548 sancti
1407 515 1511 549 Officii
1532 515 1710 560 paruerint,
1733 515 1760 549 si

1016 567 1055 600 ab
1085 578 1197 601 eorum
1228 569 1422 603 officialibus
1451 569 1658 604 condemnati
1690 570 1759 602 fue-

1015 620 1089 662 rint,
1110 621 1179 665 ipso
1201 621 1271 655 iure
1291 623 1456 657 absolutos
1473 624 1668 664 censendos;
1686 633 1758 657 cum

1015 676 1170 719 suspectis
1197 676 1415 710 communiter
1446 677 1485 710 de
1516 677 1642 711 haeresi
1667 683 1698 711 et
1727 677 1760 710 in

998 729 1093 763 ·locis
1136 731 1291 775 suspectis
1334 731 1553 765 habitantibus
1592 741 1756 765 commer-

1015 783 1112 825 cium,
1137 784 1415 818 conversationem
1442 790 1473 819 et
1496 785 1629 828 longum
1660 785 1760 819 collo·

1015 838 1126 881 quium
1155 839 1276 883 absque
1302 850 1415 873 eorum
1452 840 1580 874 licentia
1613 851 1677 874 nou
1703 840 1761 873 ha-

1014 891 1157 936 benda),
1186 898 1217 926 et
1250 893 1437 927 huiusmodi
1470 895 1677 928 decretorum
1703 905 1759 928 seu

1014 952 1208 980 statutorum
1235 947 1345 990 vigore
1370 954 1482 982 contra
1500 948 1693 981 Teutonicos
1718 948 1758 981 ad

1014 1010 1126 1034 eorum
1145 1000 1304 1035 civitatem
1322 1002 1422 1035 libros
1439 1002 1620 1046 prohibitos
1638 1002 1759 1046 impor-

1014 1060 1117 1088 tantes
1140 1056 1379 1100 processerint,
1409 1056 1574 1101 librosque
1609 1055 1758 1090 comburi

996 1108 1157 1150 iecerint,
1185 1110 1312 1154 aliaque
1344 1111 1545 1155 peregerint,
1574 1122 1656 1156 quae
1685 1111 1758 1145 abs-

1014 1174 1076 1207 que
1116 1165 1350 1205 ecelesiasticae
1390 1165 1621 1199 iurisdictionis
1656 1165 1758 1199 sancti

1013 1216 1118 1250 Officii
1135 1218 1335 1262 praeiudicio
1352 1229 1388 1252 ac
1410 1219 1607 1253 detrimento
1634 1230 1652 1252 a
1669 1219 1758 1254 laicis

1014 1269 1082 1304 fieri
1107 1271 1203 1315 plane
1229 1283 1293 1305 non
1317 1278 1470 1316 possunt,
1500 1273 1628 1317 quibus,
1653 1283 1756 1318 quan-

1014 1324 1129 1358 tumvis
1149 1326 1309 1368 religiosis
1326 1337 1362 1359 ac
1383 1327 1579 1370 potentibus,
1600 1337 1758 1371 quocum-

1013 1389 1076 1422 que
1094 1379 1161 1412 zelo
1179 1379 1241 1413 hoc
1258 1379 1386 1421 faciant,
1411 1381 1450 1414 de
1472 1381 1638 1425 quibusvis
1655 1381 1758 1416 eccle-

1012 1432 1147 1466 siasticis
1178 1434 1368 1477 praesertim
1398 1434 1576 1468 catholicae
1602 1435 1676 1468 fidei
1702 1445 1758 1469 ne-

1012 1487 1108 1529 gotiis
1140 1487 1338 1529 decernere,
1373 1494 1535 1530 statuere,
1561 1499 1757 1532 cognoscere

1012 1541 1060 1574 vel
1092 1541 1256 1581 iudicare,
1284 1547 1338 1575 aut
1362 1542 1407 1576 eis
1436 1553 1569 1587 quoquo
1599 1544 1696 1577 modo
1724 1554 1758 1578 se

1012 1594 1195 1628 immiscere
1220 1606 1353 1640 prorsus
1378 1602 1425 1629 est
1449 1596 1582 1630 vetitum
1608 1603 1639 1631 et
1663 1597 1760 1631 inter-

1012 1645 1155 1680 dictum:
1184 1658 1224 1681 ne
1249 1647 1282 1680 in
1307 1648 1422 1681 ultimo
1455 1648 1506 1682 die
1537 1649 1757 1693 praetermissi

1012 1700 1108 1734 officii
1127 1702 1297 1746 pastoralis
1315 1702 1361 1736 rei
1379 1713 1396 1736 a
1413 1703 1550 1736 Domino
1569 1714 1756 1747 arguamur,

1012 1760 1043 1788 et
1066 1756 1223 1799 praedicti
1244 1757 1404 1790 Lucenses
1425 1757 1501 1790 talia
1521 1757 1756 1792 committendo

1010 1809 1113 1843 Saulis
1141 1816 1172 1844 et
1197 1810 1277 1844 Ozae
1308 1811 1473 1845 horrcndo
1506 1810 1675 1856 exemplo¹
1700 1812 1755 1846 Dei

1012 1863 1266 1905 indignationem
1304 1865 1335 1897 in
1365 1876 1398 1898 se
1430 1871 1628 1909 provocent,
1664 1866 1754 1900 nullo

1011 1918 1108 1951 modo
1134 1918 1366 1952 dissimulanda
1391 1919 1653 1954 existimavimus.

1055 1973 1070 2014 ξ
1089 1970 1119 2004 2.
1137 1971 1366 2014 Quamobrem,
1384 1984 1456 2006 cum
1474 1974 1677 2008 veneralibus
1695 1974 1754 2008 fra-

1012 2024 1113 2058 tribus
1133 2025 1250 2059 nostris
1264 2026 1294 2059 S.
1313 2026 1348 2059 R.
1366 2026 1398 2059 E.
1414 2027 1633 2074 cardinalibys
1647 2027 1752 2061 eidem

1009 2085 1137 2113 sanctae
1162 2079 1382 2124 Inquisitionis
1408 2081 1515 2114 officio
1541 2082 1754 2125 praesidenti-

1010 2132 1068 2166 bus
1092 2143 1186 2178 saepe
1211 2134 1339 2178 saepius
1373 2145 1408 2168 re
1439 2137 1694 2178 communicata,
1723 2143 1754 2171 et

1010 2188 1134 2220 matura
1149 2187 1384 2222 deliberatione
1398 2188 1549 2230 discussa,
1566 2189 1752 2233 supradicta

1009 2240 1136 2274 decreta
1155 2247 1185 2274 et
1204 2247 1321 2275 statuta
1342 2252 1378 2275 ac
1395 2241 1512 2275 similia
1530 2242 1682 2286 (quorum
1701 2254 1753 2277 ve-

1009 2294 1110 2328 riores
1132 2300 1260 2329 tenores
1277 2296 1500 2340 praesentibus
1518 2307 1576 2341 pro
1594 2297 1751 2341 expressis

1010 2347 1121 2382 haberi
1143 2349 1310 2392 volumus)
1331 2349 1459 2393 aliaque
1485 2350 1559 2383 inde
1589 2357 1725 2394 sequuta
1740 2378 1747 2391 ‚

1008 2408 1173 2446 tamquam
1209 2413 1374 2437 sacrorum
1407 2414 1567 2437 canonum
1600 2405 1725 2438 statutis
1740 2432 1747 2446 ‚

1008 2455 1221 2489 iurisdictioni
1247 2457 1481 2490 ecclesiasticae
1514 2463 1544 2491 et
1575 2457 1752 2501 privilegiis

1007 2510 1108 2543 sancti
1123 2510 1227 2544 Officii
1246 2512 1420 2552 contraria,
1438 2512 1509 2544 licet
1528 2522 1586 2555 per
1601 2522 1634 2545 se
1652 2512 1750 2553 nulla,

1007 2564 1099 2597 irrita
1120 2570 1151 2598 et
1180 2565 1328 2606 invalida,
1361 2576 1396 2598 ac
1425 2565 1545 2598 nullius
1573 2565 1700 2599 roboris
1720 2572 1750 2600 et

1045 2636 1054 2662 1
1083 2635 1148 2663 Vide
1178 2640 1266 2663 notam
1296 2637 1328 2663 ad
1360 2636 1485 2672 praeced.
1509 2636 1650 2664 Constitut.
1675 2637 1749 2673 posi-

1008 2685 1061 2707 tam
1080 2681 1120 2716 (Β.
1138 2681 1187 2716 Τ.),

1664 239 1723 275 371
1774 249 1825 276 An.
1845 249 1876 276 c.
1894 249 1962 277 {606

1776 1978 1861 2007 Easque
1876 1978 1952 2001 irritat.
