2227 3241
42 235 89 262 An.
103 234 132 261 C.
156 233 224 262 1603

107 2427 240 2448 Confirmatio

72 2455 228 2479 praedia-tarum

59 2479 240 2502 Constitutinnum.

842 230 986 255 CLEMENS
1006 231 1063 254 vni
1086 231 1136 255 1³1¹.
1683 214 1726 250 45
1772 226 1821 253 An.
1836 225 1866 253 C.
1891 224 1957 253 1503

239 281 450 326 provincialia
474 281 519 325 (in
540 281 657 325 quibus
678 280 718 314 ad
738 280 844 313 minus
871 279 981 322 viginti

241 334 390 368 monaehi
412 334 603 377 congregari
617 334 748 374 debent,
769 344 835 366 non
850 332 981 377 quidem

240 399 298 432 per
315 388 552 432 antiquitatem,
566 388 622 421 sed
639 398 697 432 per
713 387 850 421 aliorum
868 387 982 420 suffra-

241 441 293 484 gia
312 442 479 485 eligendi),
495 452 592 486 quam
617 441 851 482 conventualia,
878 441 982 474 taliter

243 496 448 529 celebrentur
475 501 510 529 ut
540 506 668 539 semper
698 496 801 529 maior
821 505 906 539 pars,
934 495 981 528 vel

242 550 355 583 saltem
376 550 530 594 aequalis,
547 549 735 592 suffragium
751 549 923 582 ferentium
944 549 984 582 sit

243 614 280 635 ex
300 603 401 643 laicis,
422 608 452 636 et
465 602 558 635 aliter
578 602 695 635 factum
716 602 837 636 nullius
857 602 897 635 sit
916 612 984 635 mo-

245 656 355 689 menti.
379 656 471 690 Circa
490 656 598 689 locum
620 661 727 689 autem
746 661 776 688 et
793 656 871 689 alias
891 666 984 699 prae-

245 710 407 744 cedentias
421 738 428 751 ,
456 711 605 744 volumus
629 710 812 744 sacerdotes
833 710 985 744 omnibus

243 764 411 808 praeferri;
435 764 518 797 inter
534 764 632 798 laicos
657 774 733 797 vero
758 770 789 797 ct
814 764 982 805 choristas,

245 817 342 851 etiam
353 818 504 861 decanos,
519 824 608 851 extra
621 818 757 851 chorum
768 817 869 851 etalia
881 817 985 851 cultus

246 870 344 904 divini
377 871 574 912 ministeria,
602 872 691 905 nulla
716 871 756 905 sit
781 870 983 911 differentia,

245 924 301 958 sed
320 925 544 969 unusquisque
567 925 746 959 secundum
766 935 843 958 suae
863 924 988 969 profes—

247 978 346 1012 sionis
371 978 594 1024 antiquitatem
613 979 824 1024 praeferatur.

542 1096 625 1131 CAP.
655 1096 692 1129 X.

352 1194 396 1226 De
421 1194 701 1226 conditationibus
725 1193 885 1236 faciendis

480 1251 506 1279 et
531 1246 758 1289 approbandis.

296 1353 511 1386 Concedimus
526 1353 620 1386 etiam
636 1354 810 1396 praedictis
823 1355 992 1388 monacbis

251 1405 430 1438 reformatis
450 1412 485 1438 ut
504 1407 543 1438 ad
565 1407 782 1450 praesentium
804 1409 992 1451 exequutio-

251 1468 324 1490 nem
350 1463 381 1490 et
406 1459 672 1499 declarationem,
701 1470 759 1493 nec
781 1470 846 1493 non
867 1461 906 1493 ad
929 1461 990 1494 divi

251 1511 358 1544 Basilii
383 1512 513 1554 regulae
539 1512 777 1546 observantiam
793 1541 800 1554 ,
829 1514 988 1548 eonstitu-

253 1563 354 1597 tiones
375 1571 605 1599 concernentes
621 1571 651 1599 et
663 1566 741 1599 alias
754 1578 988 1612 quascumque,

251 1618 291 1651 ad
312 1619 570 1653 commodiorem
596 1625 627 1653 et
647 1619 823 1654 feliciorem
846 1621 992 1665 ipsorum

251 1671 284 1704 in
303 1671 419 1706 virtute
442 1678 472 1706 et
491 1673 649 1716 religione
670 1684 893 1718 progressum,
914 1686 992 1709 con-

251 1725 392 1767 stituere,
417 1732 543 1760 mutare
568 1733 598 1761 et
623 1727 793 1769 innovare,
817 1739 853 1762 ac
880 1729 990 1764 decla-

251 1789 322 1812 rare
349 1779 449 1814 libere
481 1786 511 1814 et
537 1780 623 1814 licite
652 1781 790 1825 possini3
814 1782 992 1831 dummodo

251 1834 486 1876 praesentibus,
515 1834 562 1867 vel
585 1834 711 1878 reliquo
732 1835 797 1868 divi
817 1836 924 1869 Basilii
946 1837 993 1870 in-

251 1886 363 1921 stituto
383 1898 440 1921 seu
460 1889 601 1931 regulae,
631 1899 722 1923 sacro
749 1889 894 1924 Concilio
918 1891 989 1924 Tri-

253 1940 396 1982 dentino,
409 1952 464 1975 seu
478 1942 663 1986 apostolicis
676 1943 746 1976 aliis
759 1944 989 1986 sanctionibus,

253 1995 417 2028 contraria
441 2006 506 2028 non
527 1996 600 2037 sint,
624 1997 820 2041 easdemque
846 2009 989 2042 exequu-

255 2047 333 2081 tioni
354 2049 460 2081 statim
483 2051 648 2091 mandare,
672 2051 715 2084 ita
741 2058 848 2085 tamen
869 2058 903 2086 ut
923 2053 993 2086 illas

253 2102 365 2136 saltem
387 2103 471 2136 intra
491 2104 750 2148 quinquennium
773 2117 788 2139 a
809 2106 890 2140 Sede
909 2108 993 2151 Apo-

253 2156 365 2190 stolica
386 2157 500 2191 faciant
524 2158 720 2192 confirmari.

402 2274 571 2318 Hucusque
601 2275 849 2308 Constitutione<

493 2328 754 2371 Reformuli'om's.

305 2431 322 2471 ᾗ
347 2427 399 2460 14.
427 2427 511 2467 Quas
532 2427 790 2468 constitutiones,
819 2427 946 2470 regulas
966 2433 997 2461 et

257 2487 395 2522 statuta,
427 2492 483 2514 seu
517 2480 778 2514 reformationem
810 2485 841 2513 et
865 2480 996 2523 regulae

257 2536 287 2570 S.
304 2535 410 2569 Basilii
426 2535 679 2575 innovationem,
696 2534 995 2578 interpretationem

258 2595 289 2622 et
308 2588 594 2633 dispensationem,
623 2593 711 2621 motu
734 2587 878 2631 proprio,
902 2593 933 2620 et
958 2588 997 2621 ad

1017 284 1127 312 nostra
1150 279 1297 320 scientia,
1328 284 1358 312 et
1385 278 1424 312 de
1445 276 1640 322 apostolicae
1668 281 1759 319 pote-

1016 333 1105 366 statis
1129 332 1348 377 plenitudine,
1391 338 1503 365 tenore
1537 329 1758 375 praesentium

1017 386 1271 427 confirmamus,
1302 386 1472 419 statuimus
1497 390 1528 418 et
1554 384 1755 424 ordinamus,

1017 450 1054 473 ac
1067 449 1180 473 omnes
1194 445 1223 472 et
1237 439 1380 482 singulos
1398 444 1461 472 tam
1481 438 1559 471 iuris
1573 448 1670 481 quam
1686 436 1759 470 facti

1017 494 1171 534 defectus,
1188 493 1279 536 siqui
1294 493 1442 536 desuper,
1460 491 1706 536 quomodolibet
1718 490 1761 523 in-

1018 553 1236 587 tervenerunt,
1266 547 1297 579 in
1319 547 1380 579 illis
1400 547 1601 590 supplemus.

1064 603 1079 643 5
1101 600 1152 633 15·
1181 600 1471 644 Desiderantesque
1489 600 1559 633 illas
1580 599 1624 633 sic
1644 598 1761 643 practi-
1841 606 1912 627 Poena
1927 611 1961 626 ex-

1019 654 1096 695 cari,
1119 654 1263 698 recipiet
1281 654 1454 694 introduci,
1479 653 1630 686 omnibus
1648 658 1676 685 et
1699 652 1762 685 sin·
1782 635 1963 681 ssfffss‘llliffiffifi

1019 708 1102 751 gulis
1127 707 1203 740 dicti
1225 707 1353 740 Ordinis
1385 706 1571 747 monachis,
1599 717 1655 739 seu
1691 705 1762 738 aliis
1783 687 1961 743 {gsggffissffissffss

1020 762 1280 806 quibuscumque
1297 760 1444 805 personis
1462 760 1686 794 ecclesiasticis
1705 769 1762 793 seu
1784 742 1918 762 commum

1020 815 1253 856 saecularibus,
1277 825 1483 859 quacumque
1519 814 1675 857 dignitate
1695 814 1760 847 sul-

1020 869 1180 913 gentibus,
1203 869 1262 902 sub
1283 867 1627 902 excommunicationis
1644 877 1761 912 poena,

1020 924 1234 968 prohibemus
1257 933 1298 956 ne
1318 922 1446 956 illarum
1473 921 1761 961 introductionem,

1021 988 1078 1012 seu
1091 977 1196 1011 dictae
1209 976 1449 1011 reformationis
1467 974 1765 1018 augmentationem

1023 1038 1054 1066 et
1077 1032 1358 1077 propagationem,
1386 1030 1508 1065 directe
1532 1029 1581 1063 vel
1609 1029 1766 1062 indirecte

1023 1086 1219 1130 prohibere,
1257 1086 1434 1126 retardare,
1468 1095 1525 1118 seu
1557 1093 1766 1128 quocumque

1024 1141 1122 1174 modo
1143 1139 1313 1184 impedire,
1339 1139 1385 1172 vel
1406 1137 1596 1179 monachos,
1619 1147 1675 1170 seu
1696 1147 1766 1170 mo-

1024 1193 1164 1226 nachum
1195 1193 1337 1236 aliquem
1368 1192 1527 1225 volentem
1554 1191 1642 1223 illam
1669 1201 1764 1224 acce—

1025 1251 1127 1288 ptare,
1164 1245 1349 1278 dissuadere
1389 1243 1528 1277 audeant
1561 1243 1607 1276 vel
1633 1253 1766 1287 praesu-

1026 1304 1124 1331 mant.

1071 1354 1086 1394 g
1109 1352 1160 1384 “lb'.
1178 1352 1381 1395 Quapropter
1400 1350 1577 1383 venerabili
1596 1349 1686 1382 fratri
1710 1359 1768 1382 no·
1789 1357 1896 1403 Evtscqpo
1907 1356 1968 1403 Giga-

1026 1412 1092 1439 stro
1123 1406 1252 1439 Sanctio
1277 1405 1431 1449 episcopo
1451 1404 1625 1438 Giennensi
1651 1389 1967 1447 (eoquei¹a‘³⁰e{¹ei11⁸1iii³i¹0³.‘¹‘

1026 1459 1207 1499 deficiente,
1232 1458 1350 1491 dilecto
1368 1458 1435 1490 filio
1449 1462 1560 1490 nostro
1581 1462 1610 1490 et
1633 1457 1769 1500 Aposto-

1026 1513 1106 1546 licae
1119 1512 1210 1546 Sedis
1225 1512 1256 1545 in
1271 1512 1377 1555 regnis
1391 1511 1620 1555 Hispaniarum
1635 1510 1769 1552 nuncio)

1026 1578 1083 1611 per
1100 1571 1285 1610 praesentes
1303 1565 1506 1605 mandamus,
1523 1569 1681 1608 quatenus
1702 1563 1770 1607 ipse

1027 1620 1109 1653 infra
1128 1620 1208 1653 duos
1229 1629 1367 1659 menses,
1391 1628 1408 1650 a
1429 1618 1481 1651 die
1502 1615 1770 1661 praesentationis

1026 1673 1141 1707 harum
1172 1673 1339 1705 literarum
1366 1671 1621 1715 computandos,
1651 1669 1769 1703 dictam

1027 1726 1292 1761 reformationem
1325 1725 1358 1758 in
1390 1724 1542 1762 omnibus
1563 1723 1668 1757 dictae
1687 1733 1767 1767 pro-

1028 1781 1151 1815 vinciae
1166 1779 1370 1815 monasteriis
1384 1779 1478 1812 saciat
1490 1777 1660 1822 publicari,
1674 1782 1771 1821 atque

1027 1836 1099 1869 illos
1120 1834 1310 1873 monachos,
1338 1832 1394 1877 qui
1415 1832 1503 1865 illam
1525 1836 1694 1875 acceptare
1713 1840 1770 1863 vo·

1028 1889 1158 1930 luerint,
1170 1889 1208 1922 ad
1224 1888 1278 1921 illa
1290 1887 1354 1920 duo
1369 1885 1566 1919 monasteria
1580 1885 1631 1918 del
1644 1885 1771 1918 Tardon

1028 1949 1059 1976 et
1084 1943 1114 1976 S.
1140 1941 1269 1975 Antonii
1284 1940 1374 1974 vallis
1391 1940 1430 1973 de
1450 1939 1651 1981 Galliguillos
1671 1938 1772 1982 recipi

1028 2003 1059 2030 et
1078 1995 1201 2035 reduci;
1222 1995 1246 2028 si
1269 1994 1325 2038 qui
1346 1999 1454 2026 autem
1474 1992 1505 2025 in
1524 1992 1586 2025 illis
1606 1991 1772 2025 invenian-

1030 2058 1090 2091 tur,
1125 2049 1244 2094 quibus
1269 2047 1457 2082 resormatio
1488 2046 1595 2079 minus
1619 2045 1768 2090 placeat,

1028 2105 1067 2138 ad
1092 2104 1155 2137 alia
1180 2114 1245 2137 non
1265 2103 1439 2136 reformata
1464 2100 1611 2134 transire:

1073 2160 1089 2199 ξ
1115 2157 1167 2190 17.
1202 2156 1325 2190 Deinde
1359 2155 1536 2199 capitulum
1572 2152 1771 2198 provinciale
1787 2156 1971 2209 „ffssg'ssssfflugssggj

1030 2210 1264 2245 monachorum
1298 2210 1548 2243 reformatorum
1586 2208 1618 2240 in
1653 2217 1768 2241 mona·
1787 2211 1843 2233 dum-

1028 2264 1126 2298 sterio
1147 2264 1178 2298 S.
1203 2263 1308 2297 Basilii
1336 2262 1436 2296 eremi
1458 2262 1509 2295 del
1529 2261 1657 2294 Tardon
1682 2260 1768 2294 cele-

1029 2318 1128 2358 brari,
1153 2317 1185 2350 in
1198 2327 1263 2361 quo
1284 2317 1351 2361 ipse
1368 2326 1426 2360 per
1446 2326 1490 2356 se,
1515 2315 1575 2356 vel,
1590 2315 1615 2348 si
1630 2313 1772 2357 negociis

1030 2371 1237 2416 praepeditus
1257 2370 1362 2411 fuerit,
1386 2380 1444 2414 per
1462 2369 1562 2402 alium
1583 2368 1722 2413 probum
1742 2373 1773 2401 et

1030 2425 1217 2468 religiosum
1238 2424 1342 2457 virum
1364 2423 1557 2468 praesideat,
1582 2427 1612 2455 et
1631 2421 1773 2455 visitato-

1030 2490 1097 2512 rem
1118 2478 1363 2523 provincialem‚
1384 2477 1585 2516 diffinitores,
1609 2481 1772 2509 monaste-

1032 2534 1154 2567 riorum
1180 2533 1312 2567 abbates
1336 2538 1366 2566 et
1392 2532 1536 2575 reliquos
1563 2530 1667 2564 dictae
1692 2529 1773 2563 Con-

1031 2586 1227 2630 gregationis
1247 2587 1440 2619 reformatae
1452 2584 1616 2623 officiales,
1640 2593 1677 2617 ex
1698 2582 1772 2626 ipsis

259 2642 378 2676 nullius
398 2642 562 2686 petitionis
578 2642 775 2683 instantiam,
795 2642 852 2675 sed
863 2651 899 2675 ex
913 2647 998 2675 certa
1031 2646 1062 2675 et
1082 2652 1140 2685 per
1160 2641 1246 2684 ipsos
1260 2640 1450 2673 reformatos
1465 2638 1564 2672 libere
1582 2643 1613 2671 et
1626 2637 1694 2671 sine
1707 2636 1772 2671 ulla
