2227 3241
243 267 292 293 Λι.
313 264 339 293 C.
361 264 429 292 1605

272 480 389 501 Exordium.

274 1352 355 1371 musae
369 1351 431 1371 buin*

246 1380 397 1398 :elocatiotttm

475 254 538 287 ί356

677 319 788 347 Paulus
804 319 883 354 Papa
896 319 933 352 V,

565 373 602 400 ad
622 375 798 407 perpetuam
817 373 862 400 rei
881 371 1063 400 memoriam.

488 472 522 504 In
543 470 691 503 maximis
708 480 815 503 rerum
837 469 1079 503 difficultatibus
1099 474 1131 502 et
1150 470 1182 503 in

445 524 483 556 iis
500 523 685 557 reddituum
703 524 855 557 Gamerae
873 529 1002 556 nostrae
1021 522 1182 566 Apostoli-

445 587 499 609 cae
513 575 678 617 angustiis,
694 576 725 608 in
739 576 857 619 quibus
869 576 924 619 (ob
939 576 1083 618 ingentes
1095 585 1183 608 sum-

444 636 530 674 ptus,
553 635 618 662 tum
638 639 675 662 ex
689 631 784 662 causa
799 629 959 662 bellorum
975 639 1057 672 quae
1071 633 1184 662 contra

443 683 562 716 Turcas
573 682 604 714 in
619 682 782 724 llungaria
791 682 1013 725 superioribus
1027 682 1118 715 annis
1131 691 1184 723 ge·

445 742 491 768 sta
512 741 597 776 sunt,
622 741 688 768 tum
710 735 805 768 etiam
831 745 868 768 ex
885 735 1016 768 caritate
1036 739 1184 768 annonae

445 799 509 831 qua
529 788 605 821 urbs
625 788 727 821 Roma
745 794 772 820 et
788 788 894 821 Status
906 793 1016 821 noster
1028 788 1184 821 Ecclesia-

445 841 542 875 sticus
559 841 614 875 diu
633 842 837 885 multumque
862 842 1028 882 laboravit,
1051 852 1109 885 per
1128 842 1184 874 Se-

446 895 519 928 dem
533 895 750 938 Apostolieam
761 900 792 928 et
805 894 972 928 Cameram
986 895 1183 938 praedictam

445 948 620 992 praecipue
645 948 757 990 factos)
794 949 906 981 eadem
936 949 1067 982 Gamera
1100 958 1186 981 nunc

446 1002 618 1035 constituta
637 1001 810 1045 reperitur,
833 1001 964 1045 aliquod
990 1002 1049 1045 ipsi
1074 1002 1186 1035 Game-

447 1065 501 1088 rae
519 1055 664 1088 levamen
682 1060 712 1088 et
725 1054 904 1088 subsidium
923 1055 1037 1088 afferre
1056 1055 1188 1098 cupien-

448 1114 509 1148 tes,
533 1118 570 1141 ea
594 1108 758 1141 interdum
784 1108 888 1141 facere
913 1108 1080 1150 cogimur,
1105 1118 1205 1151 quac3

448 1161 586 1194 libenter
596 1161 940 1205 praetermitteremus‚
955 1161 980 1194 si
992 1161 1053 1194 alia
1063 1161 1187 1194 ratione

448 1215 567 1248 nostris
591 1220 622 1248 et
645 1214 829 1258 praedictae
853 1214 1005 1248 Gamerae
1036 1224 1074 1247 ae
1097 1214 1187 1247 Sedis

447 1267 689 1301 necessitatibus
709 1268 877 1300 consulere
895 1268 1085 1300 valeremus.

495 1323 511 1363 g
532 1320 563 1353 ¹1.
587 1321 663 1354 Cum
686 1321 806 1364 itaque,
829 1327 958 1364 praeter
975 1320 1118 1354 diversas
1138 1321 1187 1353 in-

448 1375 601 1407 troituum
617 1374 707 1407 Sedis
726 1380 757 1407 et
776 1375 927 1407 Gamerae
947 1374 1187 1418 praedictorum

446 1427 657 1460 alienationes
671 1432 702 1460 et
719 1427 971 1470 pignorationes,
988 1427 1053 1460 sive
1070 1426 1103 1459 in
1116 1437 1188 1470 per-

446 1487 589 1524 petuum⁷
601 1480 665 1513 sive
679 1481 718 1513 ad
732 1486 867 1523 teinpus,
884 1480 1048 1514 nonnullis
1062 1481 1100 1514 de
1115 1492 1189 1514 eau-

448 1534 489 1567 sis
518 1545 536 1566 a
563 1533 682 1566 nostris
706 1533 1010 1576 praedecessoribus
1035 1534 1188 1567 Romanis

446 1586 655 1619 Pontificibus
668 1586 775 1626 factas,
796 1586 906 1629 plures
920 1586 1138 1620 immunitates
1151 1597 1187 1621 ae

447 1640 667 1683 exemptiones
697 1650 715 1672 a
742 1640 957 1673 solutionibus
985 1640 1187 1674 dohanarum

447 1699 475 1726 et
497 1693 708 1735 gabellarum,
729 1703 877 1733 onerum,
899 1693 1143 1737 impositionum
1158 1701 1188 1728 ct

447 1746 650 1788 vectigalium
670 1745 823 1779 Gamerae
837 1752 965 1780 nostrae
985 1748 1188 1790 Apostolicae
1204 1772 1205 1780 1

447 1799 643 1839 debitorum,
658 1809 717 1832 nec
737 1810 801 1832 non
815 1800 989 1843 pleraeque
1011 1800 1092 1833 aliae
1113 1812 1205 1834 conv

449 1853 610 1886 cessiones
631 1853 795 1895 etgratiae
815 1853 1038 1896 infrascriptae
1056 1854 1188 1887 diversis

447 1905 746 1945 communitatibus,
762 1905 1035 1945 universitatibus,
1059 1906 1189 1939 baroni-

446 1958 517 1998 bus,
538 1958 717 1991 domicellis
742 1964 773 1990 et
787 1959 856 1991 aliis
876 1959 993 1992 nostris
1011 1965 1042 1992 et
1060 1965 1189 1992 sanctae
1205 1979 1206 1984 =

446 2011 611 2044 Romanae
631 2011 791 2044 Ecclesiae
813 2011 999 2044 feudatariis
1025 2019 1055 2045 et
1080 2013 1189 2046 subdi-

448 2064 498 2105 tis,
522 2064 617 2097 etiam
638 2064 841 2107 qualificatis‚
859 2065 898 2097 ab
918 2065 1038 2098 eisdem
1055 2067 1190 2109 praede-

447 2118 628 2150 cessoribus
641 2117 757 2150 nostris
767 2129 803 2150 ac
817 2128 834 2150 a
847 2118 939 2151 nobis
953 2119 1060 2151 forsan
1073 2120 1190 2153 etSedc

447 2171 643 2214 Gameraque
671 2171 856 2214 praedictis,
886 2182 1011 2205 necnon
1037 2183 1054 2204 a
1079 2174 1190 2215 legatis

448 2230 479 2257 et
505 2225 575 2257 aliis
607 2224 819 2265 officialibus,
848 2226 1135 2260 communitatibus
1161 2234 1191 2260 et

448 2277 726 2318 universitatibus,
751 2278 816 2310 sive
845 2278 877 2310 in
906 2285 1099 2322 perpetuum
1126 2280 1190 2314 sive

448 2331 487 2364 ad
503 2337 627 2374 tempus
641 2341 811 2364 concessae
830 2331 1042 2374 reperiantur,
1058 2331 1109 2365 ex¹
1127 2333 1191 2366 bis-

447 2394 510 2428 que
528 2394 592 2417 non
614 2385 719 2417 solum
737 2384 880 2417 eiusdem
892 2385 1043 2418 Gamerae
1057 2391 1088 2418 et
1100 2386 1190 2419 Sedis

448 2438 651 2482 Apostolicae
681 2438 826 2471 redditus
858 2444 889 2471 et
918 2445 1094 2482 proventus
1124 2451 1189 2474 non

446 2517 509 2552 gina
527 2517 588 2545 557.
611 2517 699 2544 Aliam
716 2521 805 2544 antem
820 2518 1019 2545 revocationem
1035 2519 1189 2554 generalem

447 2562 543 2589 xidein
556 2564 647 2589 Gonst.
665 2570 702 2596 rt,
717 2562 780 2589 Sixti
794 2570 819 2597 r,
844 2563 925 2590 Inter
938 2565 1044 2594 varens,
1060 2568 1123 2591 tom.
1140 2572 1189 2591 vni

448 2615 508 2641 pag.
526 2607 588 2633 578.

1016 262 1199 286 BULLARIUM
1224 261 1377 286 noitANUM

1217 309 1378 342 modicam
1409 308 1574 352 patiantur
1603 308 1874 350 diminutionem,
1902 309 1958 343 sed

1216 361 1325 402 etiam,
1348 366 1385 394 ut
1408 361 1605 405 plurimum,
1629 361 1672 401 id,
1696 361 1784 404 quod
1809 361 1959 395 divitibus

1217 420 1247 447 et
1264 414 1357 447 bonis
1377 414 1610 458 temporalibus
1620 413 1825 447 affluentibus
1837 424 1894 457 per
1907 424 1960 447 ex-

1216 467 1396 511 emptiones
1416 472 1447 500 et
1470 467 1693 500 concessiones
1715 467 1900 500 huiusmodi
1923 477 1960 501 ex

1216 520 1369 553 oneribus
1385 520 1524 564 publicis
1537 520 1576 553 ab
1591 520 1635 554 eis
1649 520 1764 553 debitis
1773 519 1959 561 remittitur,

1218 573 1248 605 in
1270 573 1408 606 aliorum
1430 573 1536 606 minus
1557 573 1689 606 divitum
1705 579 1736 606 et
1756 573 1958 606 affluentium

1217 636 1391 669 gravamen
1411 627 1584 666 redundet,
1608 632 1721 660 contra
1735 636 1866 660 omnem
1880 626 1959 659 iuris

1218 685 1249 712 et
1269 679 1440 723 aequitatis
1470 679 1628 712 rationem
1662 685 1692 713 et
1716 678 1959 723 impositionum

1218 732 1378 765 dictorum
1400 742 1536 766 onerum
1561 738 1723 773 naturam,
1743 743 1827 776 quae
1847 741 1960 765 omnes

1219 786 1407 829 aequaliter,
1431 796 1491 830 pro
1518 788 1587 819 rata
1617 786 1777 819 bonorum
1799 790 1830 819 et
1848 795 1959 818 rerum

1219 849 1301 882 quae
1318 839 1500 883 possident,
1524 839 1802 883 comprehendere
1829 838 1962 872 deberet

1220 894 1297 935 (qua
1318 892 1357 925 de
1384 894 1480 925 causa
1501 892 1622 925 multae
1651 901 1848 935 pauperum,
1864 897 1961 935 atque

1220 945 1491 979 communitatum
1520 952 1552 978 et
1581 945 1827 978 universitatum
1855 944 1961 978 Status

1220 998 1320 1031 nostri
1338 998 1550 1032 Ecclesiastici
1572 999 1723 1042 querelae
1743 998 1783 1031 ad
1797 1008 1856 1031 nos
1872 998 1961 1031 dela-

1222 1057 1271 1084 tae
1291 1052 1446 1093 fuerunt);
1469 1062 1539 1092 nos,
1566 1058 1602 1085 ut
1626 1051 1777 1085 omnibus
1802 1051 1834 1084 in
1861 1061 1959 1095 prae-

1222 1104 1325 1138 missis
1347 1104 1467 1138 institia
1487 1105 1666 1148 aequaliter
1679 1105 1840 1138 tribuatur
1856 1110 1888 1138 et
1906 1104 1963 1138 Ga-

1221 1168 1330 1191 merae
1341 1163 1470 1191 nostrae
1484 1158 1728 1191 necessitatibus
1740 1157 1959 1198 subveniatur,

1221 1211 1260 1244 ab
1278 1211 1440 1262 acquitate
1460 1211 1594 1244 minime
1614 1211 1755 1244 alienum
1776 1221 1845 1244 esse
1861 1210 1964 1244 existi-

1222 1264 1390 1305 mavimus,
1410 1269 1446 1297 ut
1466 1274 1503 1297 ea
1523 1274 1606 1308 quae
1628 1275 1665 1297 ex
1684 1264 1787 1306 gratia
1807 1269 1838 1297 et
1856 1263 1959 1308 privi-

1221 1318 1316 1360 legio,
1336 1318 1376 1350 ab
1397 1316 1509 1350 eadem
1535 1317 1617 1351 Sede
1642 1323 1673 1351 et
1691 1317 1825 1351 Camera
1841 1322 1873 1351 et
1891 1316 1963 1351 aliis

1222 1370 1483 1414 quibuscumque
1503 1370 1571 1404 eius
1591 1369 1794 1404 offficialibus
1812 1375 1844 1403 et
1858 1369 1959 1403 mini-

1221 1423 1294 1456 stris
1318 1429 1415 1468 atque
1440 1423 1728 1456 communitatibus
1752 1428 1784 1456 et
1799 1423 1960 1456 universi-

1222 1476 1349 1518 tatibus,
1361 1476 1477 1509 dive'rsi
1490 1477 1652 1520 spersonis
1671 1486 1822 1510 concessa
1834 1475 1965 1509 fuerunt

1221 1534 1252 1563 et
1268 1529 1442 1569 subtracta,
1459 1529 1563 1562 eidem
1581 1529 1654 1562 Sedi
1669 1534 1699 1562 et
1712 1529 1863 1563 Gamerae
1876 1538 1965 1562 eom-

1221 1582 1500 1625 munitatibusque
1520 1588 1549 1615 et
1574 1581 1846 1623 universitatibus,
1863 1592 1880 1615 a
1894 1582 1965 1626 qui-

1221 1635 1280 1668 bus
1304 1645 1403 1668 onera
1426 1635 1531 1668 eidem
1558 1635 1709 1668 Gamerae
1736 1635 1965 1679 persolvuntur

1222 1695 1253 1722 et
1284 1696 1411 1722 caetera
1442 1689 1571 1733 publica
1597 1699 1698 1722 onera
1717 1694 1961 1733 supportantur,

1223 1742 1343 1775 iustitia
1367 1748 1398 1775 et
1423 1742 1584 1786 aequitate
1613 1753 1650 1775 ac
1676 1742 1779 1775 dictae
1810 1741 1901 1775 Sedis
1933 1747 1965 1775 et

1222 1794 1375 1827 Gamerae
1400 1794 1646 1827 difficultatibus
1678 1793 1721 1826 ita
1750 1793 1962 1836 exigentibus,

1223 1847 1439 1887 restituamus,
1463 1847 1643 1890 quinimmo
1656 1847 1689 1880 id
1702 1847 1837 1890 aequius
1854 1847 1962 1879 feren-

1223 1900 1299 1933 dum
1318 1910 1397 1940 esse,
1421 1911 1518 1943 quam
1539 1900 1564 1934 si
1589 1900 1680 1933 novis
1704 1899 1966 1944 impositionibus

1222 1954 1359 1997 populos
1379 1953 1472 1986 nobis
1493 1953 1793 1993 subditos,·sieutin
1807 1953 1966 1986 similibus

1223 2006 1448 2039 occasionibus
1468 2006 1546 2039 alias
1562 2012 1689 2039 nostros
1703 2007 1966 2050 praedecessores

1224 2060 1387 2104 paedictos
1412 2060 1523 2093 secisse
1536 2060 1729 2104 accepimus,
1743 2070 1962 2103 gravaremus.

1269 2114 1285 2154 ἓ
1311 2112 1341 2145 ⁶2.
1375 2113 1550 2156 Propterea
1579 2118 1669 2146 motu
1701 2112 1833 2157 proprio
1865 2118 1896 2146 et
1926 2123 1965 2145 cx

1224 2169 1309 2199 certa
1333 2166 1487 2207 scientia,
1519 2176 1556 2200 ac
1581 2170 1706 2200 matura
1726 2166 1964 2199 deliberatione

1224 2221 1344 2259 nostra,
1367 2219 1473 2262 deque
1493 2220 1688 2263 apostolicae
1712 2219 1878 2263 potestatis
1897 2219 1965 2262 ple-

1224 2272 1382 2313 nitudine,
1407 2273 1638 2305 nonnullorum
1660 2273 1755 2305 etiam
1781 2273 1966 2316 praedeces-

1224 2335 1332 2358 sorum
1359 2331 1565 2365 nostrorum,
1595 2331 1627 2358 et
1650 2325 1839 2368 praesertim
1865 2324 1966 2358 felicis

1225 2378 1457 2411 recordationis
1475 2378 1564 2411 Pauli
1584 2378 1634 2417 111,
1657 2377 1730 2411 tulii
1754 2378 1804 2417 ill,
1828 2377 1874 2410 Pii
1894 2377 1918 2410 V
1935 2383 1968 2411 et

1223 2432 1393 2465 Clementis
1414 2431 1477 2464 VlII
1503 2432 1723 2464 Romanorum
1751 2430 1963 2472 Pontificum,

1224 2485 1255 2517 in
1288 2484 1448 2517 similibus
1479 2495 1544 2518 non
1582 2490 1646 2518 tam
1677 2485 1786 2517 forsan
1816 2484 1966 2527 gravibus

1223 2538 1477 2578 necessitatibus,
1490 2537 1631 2579 vestigiis
1644 2537 1859 2577 inhaerentes,
1876 2546 1967 2580 quas-

1223 2601 1361 2635 cumque
1382 2591 1572 2624 eorumdem
1594 2596 1624 2624 et
1645 2591 1783 2624 aliorum
1804 2591 1967 2623 Romano-

482 2652 493 2676 ‘l
515 2651 660 2686 perperam
677 2651 740 2679 edit.
757 2651 932 2687 Main4babet
949 2653 1186 2688 ‹·thisqz‹e(n.¹r).
1223 2655 1294 2677 runi
1326 2644 1517 2676 Pontificum
1554 2644 1608 2686 (et
1642 2643 1832 2687 praesertim
1866 2642 1966 2686 ipsius

2000 2129 2110 2151 innovatio
2116 2126 2160 2154 buk-
2190 2130 2191 2152 1
2203 2133 2211 2148 ¹

1978 2157 2045 2178 larum
2059 2155 2159 2180 editam!
2188 2155 2209 2181 ¹¹,-

1978 2188 2042 2209 super
2075 2185 2160 2212 τονοῳ·
2187 2191 2191 2194 -
2203 2186 2209 2202 .·

1978 2210 2035 2231 tione
2050 2209 2165 2235 exempuw
2188 2217 2202 2222 ·*

1979 2242 2034 2258 num.
2157 2251 2161 2253 -

2222 2259 2227 2264 .
2216 2184 2227 2246 -ΛΔ
