2227 3241
260 312 307 337 An.
330 310 355 337 C.
382 310 446 337 1607

288 2573 358 2594 Causa
372 2573 435 2594 tintus

251 2600 409 2622 moderationis.

494 301 557 334 390
1033 306 1215 330 numanum

458 357 612 398 sinensis,
640 356 717 389 alias
749 361 876 389 sanctae
904 355 1053 395 Iustinae,
1082 365 1198 399 nempe

470 414 647 451 toinanam,
675 409 935 453 Neapolitanam,
963 408 1116 449 Siculam,
1141 409 1198 442 Ye-

457 470 576 504 netam,
597 475 634 497 ac
653 463 832 504 llctruriae‚
856 473 981 495 necnon
1002 462 1151 504 Liguriae
1169 467 1199 495 et

457 517 680 558 Lombardiae,
708 522 866 561 perpetuo
888 516 1148 550 constituerimus
1170 522 1197 549 ct

457 571 736 615 deputave1·i1m1s;
758 570 885 614 illisque
904 581 940 603 ac
958 580 1068 602 earum
1090 569 1198 611 singu-

457 625 495 658 lis
516 624 720 660 monasteriis
738 624 898 658 dictorum
923 624 1051 658 Ordinis
1072 629 1102 656 et
1119 623 1198 656 Con-

455 679 652 722 gregationis
673 678 705 712 in
729 679 819 712 Italia
837 689 873 711 ac
896 678 1007 711 insulis
1026 677 1199 721 praedictis

455 733 704 767 consistentibus
717 732 901 776 suppositis,
918 732 1018 768 sancti
1033 731 1117 765 Petri
1136 732 1199 765 Mu-

456 788 588 821 tinensis
608 798 644 821 ac
665 787 807 821 eiusdem
829 786 928 819 sancti
950 785 1035 819 Petri
1063 785 1198 828 Regien-

453 842 496 875 sis
517 841 712 875 monasteria
730 840 890 874 dictorum
912 840 1039 873 Ordinis
1060 845 1090 873 et
1116 840 1198 873 Con-

454 895 650 937 gregationis
680 895 784 928 dictae
809 893 993 938 provinciae
1028 893 1198 926 Iletruriae

454 949 549 983 etiam
575 954 732 993 perpetuo
757 947 989 982 subieceriinus
1017 953 1045 980 et
1066 958 1193 994 'suppo-

453 1003 631 1044 suerimus;
660 1009 691 1036 ct
722 1001 808 1046 quod
841 1012 876 1034 ex
903 1008 977 1034 tunc
1003 1001 1042 1034 de
1068 1006 1196 1034 caetero

452 1056 617 1100 perpetuis
653 1055 768 1089 suturis
801 1054 1001 1099 temporibus
1034 1055 1066 1086 in
1104 1054 1197 1087 dictis

452 1115 574 1152 septeni
608 1108 782 1153 provinciis
807 1118 922 1148 noveni
954 1108 1085 1141 abbates
1110 1107 1193 1140 dess-

452 1163 593 1204 nitorcs,
619 1174 655 1196 ex
682 1162 744 1196 illis
769 1162 944 1206 respective
972 1161 1121 1202 oriundi,
1150 1161 1196 1194 di-

452 1226 616 1250 versarum
644 1222 750 1249 tamen
775 1216 943 1248 nationum
966 1221 995 1248 et
1020 1214 1195 1259 professio-

452 1280 554 1310 num,
589 1280 625 1303 ac
656 1275 795 1313 quatuor
827 1269 986 1302 dictorum
1013 1268 1141 1302 Ordinis
1166 1275 1193 1301 ct

452 1323 717 1366 Congregationis
743 1322 932 1361 visitatores,
948 1333 983 1355 cx
1007 1322 1194 1355 eisdemmet

452 1377 627 1421 provinciis
644 1376 785 1416 oriundi,
802 1376 1008 1418 eligerentur,
1025 1381 1054 1409 ct
1072 1376 1104 1408 in
1123 1386 1196 1419 qua·
1211 1383 1212 1403 l

451 1431 529 1464 libet
547 1442 583 1464 ex
602 1430 775 1475 provinciis
793 1429 965 1474 praedictis
985 1435 1027 1462 tot
1049 1429 1191 1470 abbates,

451 1485 586 1528 priores,
602 1483 759 1517 cellerarii
774 1494 809 1516 ac
823 1483 968 1525 magistri
988 1482 1195 1523 novitiorum,

452 1549 488 1571 ex
502 1541 538 1571 ea
554 1542 659 1572 tamen
678 1537 820 1578 oriundi,
838 1543 913 1581 quot
932 1542 1004 1569 sunt
1023 1537 1054 1569 in
1072 1547 1108 1570 ea
1126 1547 1194 1569 mo-

451 1592 600 1633 nasteria,
617 1592 665 1624 vel
684 1592 885 1635 praelaturae
900 1597 928 1623 et
948 1590 1051 1623 ellit-ia
1070 1597 1191 1627 essent:
1209 1605 1211 1615 <

451 1646 626 1689 quodque,
660 1645 784 1689 quoties
815 1644 1017 1687 contingeret
1045 1639 1211 1677 abbatem?

451 1699 638 1732 monasterii
670 1698 771 1731 sancti
804 1698 892 1731 Pauli
925 1708 1025 1742 prope
1051 1704 1082 1731 et
1106 1705 1210 1732 extra

452 1763 561 1786 muros
579 1753 683 1786 almae
699 1752 793 1785 Urbis
810 1757 938 1785 nostrae
961 1752 1120 1785 (lictorum
1139 1752 1194 1785 Or-

451 1807 536 1840 dinis
567 1812 598 1840 et
635 1805 899 1849 Congregationis
936 1805 1109 1839 oriundum
1148 1807 1192 1839 rel

450 1860 630 1904 professum
652 1869 720 1892 esse
741 1870 777 1892 ex
799 1858 1004 1892 monasteriis
1033 1859 1190 1892 Lo'inbar-

451 1913 534 1955 diae,
563 1908 703 1947 Venetae
725 1918 756 1946 ct
780 1912 928 1955 Liguriae
953 1913 1193 1956 provinciarum

450 1967 702 2011 praedictarum,
727 1972 801 2000 tunc
822 1972 1015 2010 procurator
1035 1967 1194 2009 generalis

451 2021 551 2065 ipsius
575 2020 704 2055 Ordinis
729 2026 760 2054 et
788 2020 1055 2063 CongrcgatiOnis
1085 2022 1194 2055 oriun-

451 2075 511 2108 dus
528 2075 576 2108 vel
597 2075 709 2108 saltem
728 2075 888 2119 professus
907 2085 943 2107 ex
961 2074 1070 2118 aliquo
1088 2086 1196 2108 mona-

450 2129 549 2163 sterio
573 2129 749 2170 Romanae,
776 2129 1006 2172 Neapolitanae
1024 2135 1055 2162 et
1074 2130 1191 2162 lletru-

451 2183 518 2217 riae
543 2183 784 2227 provinciarum
812 2182 1019 2223 huiusmodi,
1044 2193 1080 2215 ac
1105 2182 1191 2216 vice-

450 2239 552 2277 versa,
580 2241 662 2270 esset
688 2242 718 2269 et
747 2246 813 2269 esse
835 2236 984 2277 del›e1·et;
1013 2246 1072 2269 nec
1098 2235 1194 2269 ambo

450 2291 517 2324 ullo
553 2301 709 2334 umquam
742 2296 887 2334 tempore
922 2302 958 2323 ex
990 2290 1194 2323 monasteriis

450 2344 650 2385 earumdem,
667 2344 722 2377 sed
740 2343 937 2376 diversarum
953 2343 1192 2387 provinciarum

449 2398 689 2442 praedictarum
704 2408 772 2431 esse
786 2397 953 2438 deberent,
966 2397 1113 2430 similiter
1126 2408 1195 2441 per-

448 2457 558 2495 petuo,
578 2457 676 2496 prout
693 2451 725 2484 in
743 2450 834 2484 dictis
848 2450 962 2483 litteris
975 2450 1102 2494 plenius
1117 2461 1193 2484 con-

450 2504 580 2545 tinetur,
604 2504 811 2538 statuerimus
832 2509 863 2537 et
882 2503 1159 2541 ordinaverimus,

495 2559 512 2600 ξ
537 2558 590 2591 36.
621 2558 837 2591 Nihilominus
862 2568 898 2591 ex
925 2557 1080 2591 relatione
1106 2557 1189 2590 dile-

451 2615 577 2643 ctorum
598 2609 740 2643 tiliorum
762 2609 918 2643 Anastasii
939 2620 955 2641 a
971 2609 1191 2652 Carpenedulo

451 2662 575 2696 abbatis
601 2662 676 2696 dicti
702 2662 888 2696 monasterii
914 2662 1013 2696 sancti
1029 2661 1134 2702 Pauli,
1155 2671 1191 2694 ac

450 2716 576 2752 loannis
590 2716 748 2761 Baptistae
761 2716 897 2751 Romani
910 2715 1037 2750 Ordinis
1055 2721 1086 2749 et
1109 2714 1191 2749 Con-

1211 1438 1212 1458 :
1229 1425 1356 1458 Ordinis
1374 1431 1401 1458 et
1424 1426 1697 1469 Congregationis,
1722 1439 1793 1460 cum
1816 1428 1855 1461 de
1873 1427 1918 1461 eis
1938 1428 1970 1461 in

2184 83 2203 115 ’ἕ

2180 129 2198 169 ²2

1240 306 1393 331 Ronlanum
1983 305 2033 333 An.
2050 305 2077 334 C.
2098 306 2166 336 1607
2192 307 2205 335 -ἶ

1232 354 1426 397 gregationis
1438 353 1675 397 praedictorum
1689 355 1908 397 procuratoris
1922 366 1972 398 ge·
2179 338 2227 400 3¹3]

1232 408 1372 448 neralis,
1401 408 1439 440 ad
1471 417 1529 440 nos
1558 418 1615 451 per
1640 407 1768 440 illorum
1794 408 1969 452 capitulum
2179 394 2227 452 Ἐκ

1232 461 1381 503 generale
1410 461 1568 505 superiori
1596 471 1680 494 anno
1706 461 1914 502 celebratum,
1937 467 1971 494 ut
2184 453 2227 531 {a

1233 525 1268 547 ex
1288 514 1401 547 litteris
1422 514 1514 547 nobis
1539 514 1687 548 exhibitis
1714 520 1849 554 constat,
1873 514 1971 548 desti-

1231 573 1380 600 natorum
1415 567 1617 611 accepimus,
1645 567 1810 611 praedicta
1837 577 1969 601 monas·
2188 540 2226 616 ki?

1234 621 1311 654 teria
1338 621 1437 654 sancti
1465 621 1548 654 Petri
1576 621 1782 663 Mutinensis,
1811 633 1848 656 ac
1872 621 1971 666 ipsius

1232 675 1332 707 sancti
1364 669 1447 707 l‘e'tri
1470 675 1634 718 Regiensis
1661 675 1766 709 eidem
1786 675 1971 720 provinciae

1232 728 1460 768 Lomliardiae,
1491 739 1587 772 quarn
1619 729 1786 763 Hetruriae
1817 729 1972 764 viciniora

1233 793 1310 823 esse,
1328 782 1425 826 idque
1443 782 1572 815 illorum
1590 782 1761 816 abbatibus
1781 793 1817 816 ac
1835 794 1973 817 conven-

1233 836 1316 869 tibus
1332 836 1576 870 incommodum
1609 837 1743 877 inserre;
1778 842 1809 871 et
1841 837 1970 872 illorum

1232 890 1617 932 regularibus‘institutis
1654 891 1755 933 inagis
1792 901 1971 925 consonum

1232 954 1309 984 esse,
1328 949 1359 977 ut
1373 944 1506 987 professi
1526 944 1796 977 monasteriorum
1812 944 1969 978 dictorum

1231 996 1358 1030 Ordinis
1384 1003 1411 1030 ct
1438 997 1712 1040 Congregationis,
1734 998 1789 1042 qui
1814 1009 1879 1031 non
1898 995 1972 1032 sunt

1231 1050 1359 1083 oriundi
1381 1050 1544 1083 civitatum
1568 1051 1614 1083 vel
1636 1051 1782 1084 locorum
1805 1057 1859 1084 aut
1889 1045 1969 1095 pro-
2017 1071 2020 1074 ⁴

1231 1103 1405 1137 rint-iarum
1429 1105 1459 1136 in
1482 1104 1598 1148 quibus
1631 1104 1863 1148 professionem
1891 1105 1971 1139 emi-

1230 1163 1350 1199 serunt,
1372 1157 1522 1190 omnibus
1548 1157 1678 1190 illorum
1704 1158 1915 1200 dignitatibus
1941 1164 1971 1192 et

1231 1210 1346 1243 officiis
1376 1210 1573 1254 prirentur¹3
1605 1211 1737 1245 abbates
1762 1222 1837 1245 vero
1862 1217 1893 1246 et
1917 1213 1970 1246 alii

1230 1264 1365 1307 praelati
1381 1265 1484 1298 (lictae
1502 1265 1688 1308 provinciae
1708 1265 1833 1299 Siculae
1851 1277 1869 1299 a
1888 1266 1972 1310 regi-

1230 1317 1316 1351 mine
1341 1318 1440 1361 ipsius
1467 1318 1653 1352 monasterii
1673 1317 1774 1352 sancti
1797 1319 1909 1361 Pauli,
1934 1331 1971 1353 ac

1229 1372 1335 1405 officio
1368 1372 1590 1415 procuratoris
1619 1373 1777 1415 generalis
1809 1373 1969 1407 dictorum

1229 1479 1401 1522 praedictis
1430 1480 1543 1513 litteris
1572 1480 1611 1513 ad
1637 1480 1715 1513 haec
1740 1481 1827 1514 nulla
1848 1481 1970 1515 mentio

1230 1533 1310 1566 sacta
1332 1533 1437 1574 suerit,
1461 1533 1492 1566 in
1515 1544 1626 1566 eorum
1650 1534 1803 1567 (laninam
1823 1540 1853 1568 et
1878 1545 1970 1578 prae-

1229 1586 1382 1619 iudicium
1402 1587 1624 1620 ext-ludantur.
2167 1628 2170 1630 v

1273 1641 1289 1682 ξ
1308 1639 1359 1672 537.
1382 1640 1443 1673 Nos
1466 1640 1562 1681 igitur
1584 1641 1613 1673 in
1632 1652 1784 1684 supremo
1803 1641 1968 1683 dignitatis
1990 1680 1993 1684 .
2016 1636 2179 1694 Μυῑᾶῑῑζιᾱῆο-’κ
2202 1648 2208 1655 “

1229 1694 1390 1734 culmine,
1424 1694 1530 1726 (lirina
1559 1694 1748 1738 disponente
1773 1695 1965 1737 clementia,
1985 1679 2175 1748 ffffi}}}in⁹eiff;
2204 1703 2215 1731 14

1229 1747 1413 1785 constituti,
1444 1747 1474 1779 in
1500 1747 1548 1779 liis
1573 1747 1753 1780 remedium
1779 1748 1970 1792 provisionis
2099 1742 2103 1746 ⁵

1228 1806 1356 1834 nostrae
1377 1800 1532 1833 adhibere
1553 1801 1727 1844 cupienteS,
1745 1801 1901 1835 dictarum
1921 1802 1970 1835 lit-

1229 1861 1369 1887 terarum
1392 1854 1533 1887 veriores
1561 1859 1591 1887 et
1621 1859 1702 1888 totos
1724 1860 1850 1889 tenores
1870 1865 1967 1899 prae-

1228 1909 1371 1941 sentibus
1399 1918 1458 1951 pro
1488 1907 1644 1951 expressis
1675 1907 1851 1949 habentes,
1881 1914 1970 1942 motu

1228 1961 1361 2005 proprio
1376 1967 1405 1994 et
1427 1971 1462 1994 ex
1482 1962 1568 1994 certa
1589 1963 1699 1994 nostra
1716 1961 1860 2003 scientia,
1877 1973 1913 1995 ac
1931 1962 1970 1996 de

1228 2015 1423 2059 apostolicae
1442 2015 1610 2059 potestatis
1633 2015 1845 2059 plenitudine,
1870 2016 1971 2050 sancti

1228 2070 1313 2103 Petri
1334 2070 1522 2103 Mutinensis
1543 2081 1578 2103 ac
1600 2070 1744 2104 eiusdem
1765 2070 1867 2104 sancti
1884 2071 1971 2105 Petri

1228 2124 1392 2166 Regiensis
1407 2124 1601 2158 monasteria
1612 2124 1808 2166 huiusmodi,
1830 2125 1972 2159 illorum-

1229 2188 1291 2221 que
1311 2178 1454 2219 abbates,
1479 2178 1614 2222 priores,
1638 2183 1813 2212 conventus
1837 2189 1875 2212 ac
1894 2179 1971 2212 alias

1228 2231 1358 2264 illorum
1391 2241 1546 2274 personas
1570 2241 1656 2264 nunc
1682 2237 1713 2264 et
1740 2241 1799 2275 pro
1824 2237 1971 2276 tempore

1229 2284 1410 2324 existentes,
1429 2285 1467 2317 ab
1482 2285 1594 2318 eadem
1612 2284 1777 2328 provincia
1801 2285 1970 2318 Iletruriae

1228 2346 1385 2383 perpetuo
1404 2338 1618 2381 disiungimus
1638 2345 1878 2382 etscparamus,
1900 2339 1970 2372 illa-

1228 2403 1290 2436 que
1311 2398 1341 2425 et
1363 2392 1434 2425 illos
1454 2392 1640 2436 praedictae
1659 2392 1845 2436 provinciae
1869 2392 1967 2425 Lorn-

1227 2445 1357 2480 bardiae
1368 2446 1463 2479 etiam
1482 2451 1639 2490 perpetuo
1652 2445 1842 2479 subiit-imus
1856 2451 1886 2479 et
1898 2456 1970 2490 sup-

1227 2509 1389 2543 pommus.

1271 2552 1362 2595 538.
1391 2553 1546 2597 Quodque
1576 2552 1615 2586 de
1645 2557 1771 2586 caetero
1803 2551 1967 2596 perpetuis
2028 2549 2172 2575 Pf⁰f⁰⁵³³⁰¹⁹=
2198 2567 2199 2571 ¹

1982 2577 2086 2605 quemodo
2095 2577 2117 2600 in
2123 2578 2178 2598 mir-‚³
2198 2575 2199 2595 l

1226 2677 1266 2705 vel
1287 2677 1567 2713 legendum-abbates
1578 2685 1643 2705 vero
1659 2680 1685 2704 et
1701 2677 1774 2715 alios
1788 2676 1966 2712 praelatos...

1263 2635 1272 2659 l
1297 2633 1362 2660 Heic
1389 2633 1428 2660 vel
1453 2632 1543 2668 aliqua
1569 2632 1685 2664 desunt,
1717 2640 1756 2659 ex.
1778 2640 1805 2667 g.
1830 2635 1857 2660 et
1876 2632 1966 2667 quod3
2196 2623 2204 2671 δ”
2224 2636 2225 2639 ’

2196 2686 2198 2702 l

1225 2722 1340 2750 ea‘clztdc⁴
1358 2724 1393 2756 (ss.
1411 2722 1458 2755 Τ.).
2198 2644 2204 2759 J
