2227 3241
55 244 110 272 An.
125 242 155 270 C.
171 242 240 270 1609

905 237 1026 264 PAULUS
1046 238 1065 262 V
1082 238 1131 261 ΡΡ.

254 288 419 323 iudicandi
437 293 467 322 et
484 287 717 332 interpretandi
732 287 882 321 facultate
899 292 929 320 et
945 297 997 319 au-

256 342 416 385 ctoritate)
438 342 574 375 iudicari
602 347 631 375 et
656 341 783 375 definiri
810 340 939 382 debere,
960 350 996 373 ac

255 395 413 440 quidquid
442 406 533 428 secus
561 404 659 438 super
682 393 731 426 liis
759 404 777 426 a
806 403 993 436 quoquam,

256 448 366 493 quavis
392 448 594 489 auctoritate,
613 447 752 480 scienter
772 446 818 479 vel
840 446 994 488 ignoran-

257 509 315 543 ter,
340 501 511 546 contigerit
531 500 692 540 attentari,
713 499 839 532 irritum
859 504 889 532 et
903 499 997 532 inane

256 555 406 589 similiter
434 553 650 587 decernimus.
683 552 840 592 Quocirca
875 551 999 585 dilectis

256 608 330 641 filiis
344 605 536 651 Hispalensi,
559 605 757 639 Cordubensi
778 610 809 638 et
827 604 998 639 Giennensi

257 660 452 700 officialibus
472 670 531 703 per
557 663 742 703 praesentes
768 657 1000 690 committimus

257 719 289 747 et
308 713 518 754 mandamus,
542 716 701 757 quatenus
730 711 812 756 ipsi,
842 711 889 744 vel
910 711 996 752 duo,

257 773 313 801 aut
332 777 415 801 unus
436 776 561 807 eorum,
585 776 644 809 per
669 775 714 805 se,
732 765 781 798 vel
806 763 916 805 alium,
944 774 1001 798 seu

257 820 348 862 alios,
362 825 547 864 praesentes
563 819 686 852 litteras
698 817 774 851 etin
793 817 837 850 eis
851 822 1001 850 contenta
1017 843 1018 846 ,

258 873 444 907 huiusmodi
462 871 692 905 inviOlabiliter
707 870 870 904 observari
888 875 1002 903 curent

259 933 290 961 et
302 927 437 968 faciant3
457 924 710 960 contradictores
725 923 886 969 quoslibet
903 929 934 957 et
952 934 1002 957 re-

258 981 358 1015 belles
374 990 434 1025 per
453 989 605 1013 censuras
625 983 656 1012 et
672 988 795 1022 poenas
812 976 1002 1011 ecclesiasti-

260 1044 322 1075 cas,
347 1042 552 1078 quacumque
573 1031 789 1076 appellatione
810 1029 998 1075 postposita,

260 1087 508 1132 compescendo,
532 1096 578 1127 ac,
595 1084 748 1128 legitimis
772 1094 869 1128 super
885 1083 934 1117 his
947 1083 1003 1116 ha—

260 1139 375 1174 bendis
399 1138 531 1173 servatis
555 1136 771 1182 processibus,
795 1146 948 1169 censuras
973 1141 1020 1169 et

260 1204 381 1238 poenas
409 1191 589 1237 praedictas
618 1191 713 1224 etiam
739 1189 861 1224 iteratis
881 1189 1021 1234 vicibusi

261 1246 478 1291 aggravando,
507 1245 655 1278 invocato
682 1243 778 1277 etiam
805 1243 844 1276 ad
869 1243 951 1284 hoc,
978 1242 1022 1275 sit

262 1311 344 1346 opus
369 1299 464 1333 suerit
480 1326 488 1340 ,
517 1297 635 1331 auxilio
661 1297 784 1330 brachii
817 1295 1000 1329 saecularis.

262 1356 324 1388 Nos
345 1353 431 1387 enim
450 1351 645 1386 officialibus
664 1350 827 1395 praefatis,
849 1355 1003 1383 eteorum

263 1409 406 1450 cuilibet,
428 1413 602 1442 conventus
621 1412 651 1439 et.
672 1407 785 1439 fratres
803 1405 1002 1449 praedictos,

264 1475 300 1498 ac
325 1463 405 1497 alios
426 1471 660 1507 quoscumque,
678 1460 772 1493 etiam
786 1470 845 1504 per
865 1459 1005 1492 edictum

265 1519 443 1564 publicum,
468 1516 604 1551 constito
630 1516 675 1549 eis
700 1515 876 1549 summarie
897 1521 927 1549 et
948 1526 1002 1548 ex-

263 1570 507 1606 traiudicialiter
523 1570 563 1603 de
576 1580 641 1603 non
662 1575 730 1603 tuto
748 1580 888 1611 accessu,
913 1570 1007 1603 desu-

262 1637 321 1672 per
338 1624 468 1665 citandi;
489 1633 616 1657 necnon
638 1623 682 1657 eis
703 1629 733 1656 et
754 1623 919 1667 quibusvis
936 1624 1006 1657 aliis

262 1679 427 1725 personis,
457 1678 554 1712 etiam
579 1678 638 1711 sub
664 1678 1007 1712 excommunicationis

263 1740 294 1768 et
320 1733 389 1767 aliis
413 1732 580 1766 sententiis
613 1742 649 1765 ac
674 1731 817 1765 censuris
843 1737 873 1765 et
897 1732 1008 1776 poenis

264 1787 497 1828 ecclesiasticis,
514 1786 649 1820 etetiam
664 1786 870 1831 pecuniariis,
895 1797 1005 1820 eorum

264 1842 398 1877 arbitrio
416 1840 631 1885 imponendis,
656 1839 857 1884 applicandis
882 1845 912 1874 et
937 1847 1026 1874 exe-³

264 1896 423 1942 quendis,
455 1905 494 1928 ne
525 1905 580 1928 vos
601 1899 655 1927 aut
679 1894 819 1938 aliquem
852 1899 1004 1936 vestrum,

265 2005 311 2039 vis
332 2005 429 2038 modo
447 2003 631 2044 molestare,
648 2002 850 2046 perturbare,
874 2014 929 2036 seu
951 2003 1010 2035 im-

265 2059 378 2104 pedire
402 2062 631 2102 praesumant,
661 2056 757 2090 etiam
782 2056 878 2089 simili
905 2057 1009 2090 edicto

267 2111 445 2151 inhibendi;
465 2116 496 2144 et
509 2110 570 2144 alia
584 2110 615 2143 in
631 2109 813 2154 praemissis
831 2110 1011 2143 necessaria

268 2177 323 2200 seu
346 2165 592 2210 quomodolibet
612 2169 797 2209 opportuna
817 2163 953 2197 faciendi
980 2170 1008 2197 et

269 2219 460 2264 exequendi,
487 2219 616 2263 plenam
644 2223 671 2251 et
699 2217 845 2257 liberam,
874 2217 1011 2251 auctori-

269 2278 332 2307 tate
353 2278 384 2307 et
404 2278 516 2306 tenore
529 2271 712 2316 praedictis,
734 2271 917 2305 facultatem
937 2281 1012 2304 con-

270 2327 425 2361 cedimus.
442 2326 510 2360 Non
526 2325 729 2359 obstantibus
746 2325 818 2370 piac
838 2326 1012 2359 memoriae

269 2380 422 2415 Bonifacii
443 2380 547 2424 Papae
560 2379 625 2413 VIII
644 2380 739 2413 etiam
758 2380 1013 2423 praedecessoris

270 2435 369 2468 nostri
387 2435 427 2468 de
441 2436 503 2468 una
516 2440 546 2468 et
560 2433 686 2473 concilii
705 2433 863 2477 generalis
877 2434 916 2467 de
934 2434 1013 2467 dua-

271 2490 331 2523 bus
359 2488 472 2529 dietis‚
505 2487 683 2521 dummodo
712 2487 794 2521 ultra
821 2492 883 2521 tres
915 2487 1015 2522 dietas

273 2542 387 2586 aliquis
407 2542 597 2576 auctoritate
621 2541 838 2585 praesentium
864 2541 904 2575 ad
926 2541 1011 2575 iudi--

273 2595 358 2629 cium
390 2606 456 2629 non
493 2595 658 2636 trahatur,
690 2606 726 2628 ac
755 2594 921 2639 quibusvis
945 2595 1015 2629 aliis

274 2647 555 2682 constitutionibus
574 2648 875 2682 ‹at-ordinationibus
890 2654 1016 2693 aposto-

360 2710 438 2738 Bull.
459 2711 540 2739 Rom.
560 2726 594 2731 —
612 2711 670 2739 Vol.
691 2710 741 2738 XI.
922 2711 954 2737 76

1029 285 1109 326 licis,
1137 295 1195 318 nec
1221 294 1285 318 non
1310 282 1479 324 Ordinum,
1501 280 1771 316 monasteriorum

1030 344 1060 372 et
1073 339 1245 372 domorum
1258 336 1455 377 huiusmodi,
1471 336 1565 370 etiam
1581 336 1773 377 iuramento,

1031 392 1275 425 confirmatione
1289 391 1476 435 apostolica,
1505 390 1553 424 vel
1578 389 1688 434 quavis
1713 388 1770 422 fir·-

1032 445 1140 478 mitate
1165 445 1226 478 alia
1251 444 1420 485 roboratis,
1447 444 1572 477 statutis
1593 449 1623 476 et
1645 453 1775 476 consue-

1032 498 1208 539 tudinibus,
1231 497 1407 542 privilegiis
1428 507 1570 541 quoque,
1591 496 1723 530 indultis
1744 501 1775 529 et

1032 551 1146 585 litteris
1167 551 1363 595 apostolicis,
1381 551 1475 584 etiam
1493 560 1581 583 mare
1601 559 1771 593 magymmz,

1033 606 1080 638 vel
1101 605 1178 637 alias
1197 604 1404 648 nuncupatis,
1428 604 1486 637 sub
1513 603 1775 647 quibuscumque

1034 658 1200 692 tenoribus
1232 664 1263 690 et
1290 657 1423 698 formis,
1456 667 1492 690 ac
1517 667 1590 690 cum
1612 655 1775 700 quibusvis

1016 739 1017 742 ,
1035 712 1131 745 etiam
1147 710 1427 754 derogatoriarum
1447 708 1669 752 derogatoriis,
1691 708 1776 742 aliis-

1035 776 1097 809 que
1127 764 1361 798 efficacioribus
1387 769 1417 797 et
1442 762 1577 796 insolitis
1603 761 1772 802 clausulis,

1035 829 1071 852 ac
1085 817 1285 851 irritantibus
1299 822 1330 850 et
1342 816 1413 850 aliis
1431 816 1579 857 decretis,
1596 815 1776 860 quomodo-

1017 871 1112 905 tlibet
1132 882 1189 915 per
1209 871 1369 915 praefatos
1394 870 1442 904 vel
1463 869 1592 914 quosvis
1616 868 1696 902 alios
1712 869 1776 902 Ro-

1036 934 1149 958 manos
1177 923 1349 957 Pontifices
1371 922 1520 957 similiter
1543 921 1774 966 praedecesso-

1036 987 1087 1010 res
1100 983 1227 1010 nostros
1248 986 1284 1009 ac
1301 986 1359 1009 nos
1381 981 1411 1009 et
1430 975 1544 1009 Sedem
1565 973 1774 1018 praedictam,

1037 1030 1132 1064 etiam
1151 1030 1190 1063 ad
1205 1028 1420 1074 imperatoris,
1433 1038 1559 1072 regum,
1577 1027 1708 1067 ducum,
1722 1037 1778 1060 seu

1037 1083 1175 1117 aliorum
1201 1082 1397 1128 principum,
1422 1086 1477 1115 aut
1501 1080 1630 1122 nullius,
1655 1080 1777 1113 instan-

1039 1137 1125 1178 tiam,
1150 1136 1246 1170 etiam
1266 1141 1355 1169 motu
1372 1134 1518 1180 proprio,
1539 1133 1710 1174 concessis,
1728 1144 1780 1177 ap-

1038 1189 1182 1234 probatis
1211 1194 1242 1222 et
1270 1187 1440 1222 innovatis.
1473 1186 1595 1227 Quibus
1627 1185 1780 1220 omnibus

1039 1243 1176 1287 (etiamsi
1203 1252 1262 1287 pro
1283 1242 1413 1275 illorum
1443 1240 1615 1274 sufficienti
1645 1240 1780 1282 deroga-

1021 1297 1126 1330 {tione
1157 1297 1196 1330 de
1225 1297 1288 1330 illis
1316 1306 1494 1340 eorumque
1516 1294 1589 1328 totis
1614 1294 1780 1327 tenoribus

1039 1352 1197 1397 specialis,
1216 1351 1377 1396 specifica,
1394 1360 1542 1395 expressa
1556 1354 1586 1383 et
1603 1349 1777 1390 individua,

1022 1417 1075 1439 rac
1097 1406 1136 1439 de
1158 1406 1257 1439 verbo
1277 1405 1482 1446 adverbum,
1506 1414 1572 1437 non
1592 1409 1698 1437 autem
1724 1413 1782 1447 per

1041 1462 1198 1495 clausulas
1230 1461 1397 1504 generales
1430 1460 1514 1494 idem
1544 1460 1756 1504 importantes
1771 1486 1778 1500 ,

1042 1515 1163 1549 mentio
1181 1525 1237 1548 seu
1255 1514 1384 1559 quaevis
1400 1514 1461 1547 alia
1482 1513 1645 1558 expressio
1665 1513 1783 1547 haben-

1041 1570 1081 1603 da
1099 1575 1153 1603 aut
1165 1569 1273 1613 aliqua
1290 1569 1351 1602 alla
1369 1568 1525 1613 exquisita
1543 1569 1647 1602 forma
1664 1569 1703 1602 ad
1721 1568 1783 1602 hoc

1042 1624 1198 1658 servanda
1224 1623 1318 1666 soret)
1337 1628 1465 1656 tenores
1486 1622 1684 1664 huiusmodi,
1706 1633 1741 1655 ac
1758 1622 1782 1656 si

1042 1678 1081 1711 de
1102 1678 1201 1711 verbo
1219 1677 1259 1711 ad
1277 1677 1410 1710 verbum
1433 1676 1665 1717 insererentur,
1688 1687 1782 1721 prae-

1042 1732 1185 1765 sentibus
1204 1742 1264 1776 pro
1285 1730 1483 1764 sufficienter
1497 1730 1652 1775 expressis
1664 1730 1785 1764 haben-

1043 1792 1100 1827 tes,
1122 1785 1183 1819 illis
1196 1785 1274 1818 alias
1291 1785 1322 1817 in
1337 1794 1395 1818 suo
1413 1784 1532 1818 robore
1550 1785 1781 1828 permansuris,

1043 1840 1102 1873 bac
1124 1839 1190 1873 vice
1212 1839 1388 1879 dumtaxat,
1412 1837 1527 1870 harum
1549 1837 1642 1879 serie,
1663 1839 1785 1882 specia-

1025 1893 1116 1946 3liter
1143 1898 1174 1926 et
1199 1902 1346 1936 expresse
1375 1891 1586 1934 derogamus,
1615 1892 1785 1926 contrarfis

264 1961 362 1996 super
382 1949 565 1995 praemissis
588 1949 635 1982 vel
658 1959 770 1982 eorum
792 1948 912 1992 aliquo,
930 1959 1027 1998 quo-¹,

1043 1947 1320 1991 quibuscumque,
1349 1951 1402 1978 aut
1427 1946 1452 1978 si
1478 1945 1598 1979 eisdem
1620 1946 1784 1980 conventi·
1822 1974 1830 1982 .

1026 2002 1102 2035 ¹bus
1128 2006 1158 2034 et
1183 2000 1345 2041 fratribus,
1373 2010 1410 2033 ae
1435 2000 1504 2033 aliis
1528 2000 1711 2044 praedictis,
1737 2001 1785 2034 vel

1044 2055 1209 2100 quibusvis
1230 2055 1310 2096 aliis,
1336 2054 1551 2088 communiter
1574 2055 1621 2088 vel
1645 2055 1782 2097 divisim,

1044 2109 1084 2142 ab
1103 2110 1215 2143 eadem
1235 2109 1274 2142 sit
1294 2108 1374 2142 Sede
1395 2108 1568 2150 indultum,
1586 2109 1672 2153 quod
1694 2109 1787 2142 inter-

1045 2163 1129 2204 dici,
1161 2162 1314 2208 suspendi
1347 2162 1393 2196 vel
1422 2162 1693 2196 excommunicari
1722 2173 1787 2196 non

1046 2217 1167 2261 possint
1194 2227 1252 2262 per
1279 2216 1402 2250 litteras
1427 2216 1618 2261 apostolicas
1650 2226 1714 2249 non
1742 2217 1787 2249 sa-

1046 2272 1165 2306 cientes
1185 2272 1313 2316 plenam
1336 2275 1367 2304 et
1383 2280 1563 2315 expressam
1585 2280 1621 2303 ac
1639 2270 1678 2303 de
1691 2269 1788 2303 verbo

1047 2326 1086 2359 ad
1111 2325 1243 2359 verbum
1270 2325 1309 2358 de
1334 2324 1460 2358 indulto
1484 2323 1669 2357 huiusmodi
1692 2333 1786 2356 men-

1048 2379 1179 2413 tionem.
1200 2380 1315 2413 Datum
1334 2379 1453 2412 Romae
1474 2378 1559 2422 apud
1579 2377 1609 2412 S.
1634 2378 1785 2419 Marcum,

1048 2433 1105 2467 sub
1124 2433 1243 2466 annulo
1260 2432 1433 2466 piscatoris
1448 2432 1499 2465 dic
1516 2442 1579 2465 xxii
1592 2431 1658 2464 iulii
1673 2441 1785 2471 nexu,

1048 2482 1254 2531 pontificatus
1271 2485 1371 2519 nostri
1389 2496 1474 2518 auno
1488 2496 1530 2519 vn
1543 2483 1562 2518 ⁴.

1094 2542 1110 2583 g
1131 2540 1160 2573 ΕΞ.
1185 2540 1259 2574 Cum
1283 2546 1405 2579 autem,
1429 2540 1508 2572 sicut
1534 2539 1740 2573 charissimus
1757 2539 1789 2573 in

1086 2613 1095 2638 1
1121 2610 1279 2638 lluiusmodi
1308 2610 1380 2638 Pauli
1402 2610 1435 2636 Ill
1458 2610 1571 2637 Constit.
1599 2610 1624 2637 in
1654 2611 1789 2640 Bullart'o

1050 2655 1188 2693 hucusque
1204 2664 1255 2684 non
1277 2656 1417 2692 legebatur
1440 2657 1474 2691 tn.
1491 2656 1540 2689 r).

1831 2547 1940 2574 Philippus

1678 222 1736 256 601
1787 233 1837 259 An.
1854 231 1882 259 C,
1907 231 1973 259 1609

1962 2547 1989 2569 Ill
