2227 3241
37 283 84 311 An.
100 281 126 308 C.
151 279 218 307 1606

37 351 103 372 mur,
117 348 219 372 mogun.
234 327 463 361 canonicarum
486 326 683 368 huiusmodi,
701 337 773 360 cum
795 325 977 370 spirituales

37 375 125 403 plicatur
149 374 218 399 Papae

37 401 219 450 amam?

71 1683 107 1705 nic
117 1683 162 1704 ideo
173 1683 225 1704 Pon·

47 1710 94 1732 tit-x
113 1711 160 1732 illud
178 1716 226 1731 con-

47 1736 118 1759 firmat».
148 1738 151 1741 ’

876 276 994 302 PAULL'S

235 381 356 414 fructus
370 380 429 425 ipsi
444 380 692 424 Congregationi
711 380 893 424 provenire,
910 385 974 413 tum

234 434 459 468 christifideles
475 434 655 468 recitationi
675 434 863 467 earumdem
881 433 977 466 hora-

235 498 306 521 rum
322 487 549 521 interessentes
563 488 603 521 ad
617 487 820 521 devotionem
836 486 976 529 excitari,

235 541 367 585 provida
393 541 626 575 deliberatione
652 541 790 585 desuper
814 540 921 573 habita
945 539 976 573 in

236 605 349 629 eorum
372 595 512 639 capitulo
533 594 674 638 generali
700 594 872 628 novissime
894 594 977 627 cele-

235 649 328 683 brato
349 650 523 693 (reservato
552 654 662 682 nostro
683 654 713 682 et
733 648 822 682 Sedis
843 649 978 692 Aposto-

234 702 314 736 licae
338 702 554 746 beneplacito)
576 702 768 736 ordinarunt
797 708 827 736 et
853 707 974 735 statue-

236 761 322 797 runt,
338 755 424 800 quod
439 766 474 788 ex
490 762 565 789 tunc
579 756 617 790 de
632 762 759 789 caetero
781 755 978 800 quicumque

235 819 272 842 ex
289 809 444 843 fratribus
464 809 568 843 dictae
583 809 848 853 Congregationis
864 809 979 843 recita-

235 862 313 897 tioni
328 863 484 897 dictarum
500 863 654 898 horarum
674 863 781 898 idonei
800 869 916 904 essent,
934 863 979 896 illi

235 917 283 951 ad>
296 917 519 952 recitationem
540 918 728 952 earumdem
750 918 904 952 horarum
928 923 975 951 te-

235 977 399 1012 nerentur,
424 978 454 1006 et
484 983 541 1016 per
566 972 721 1006 horarum
752 971 976 1006 recitationem

235 1024 419 1059 huiusmodi
449 1024 629 1059 recitationi
660 1025 831 1059 Orationis
860 1025 976 1058 Domi—

237 1080 350 1119 m'cae,
381 1091 417 1113 ex
442 1080 646 1123 regularibus
678 1091 791 1114 eorum
828 1079 980 1113 institutis

236 1133 463 1178 praescriptae,
480 1134 660 1168 satisfacere
673 1140 889 1168 censerentur.
903 1134 979 1168 Cum

237 1193 355 1229 autem,
379 1187 461 1221 sicut
482 1188 593 1221 eadem
617 1188 773 1232 expositio
799 1188 977 1231 subiunge-
997 1222 999 1236 ι

236 1240 303 1282 bat,
324 1241 465 1275 Isidorus
480 1247 509 1275 et
528 1241 714 1275 (le-finitores
732 1253 768 1275 ac
785 1242 837 1275 alii
856 1237 999 1275 vocales!

238 1295 395 1339 praedicti
410 1295 586 1339 plurimum
598 1295 727 1339 cupiant
742 1295 979 1329 ordinationem
998 1290 999 1327 ἶ

239 1354 269 1382 et
289 1354 441 1382 statutum
474 1349 670 1390 huiusmodi,
687 1360 747 1394 pro
769 1350 836 1383 eius
856 1349 978 1383 subsis-

240 1403 349 1443 tentia,
366 1413 424 1447 per
444 1413 502 1436 nos
515 1403 691 1447 apostolica
705 1404 895 1437 auctoritate
911 1414 1001 1437 con-·

239 1455 362 1489 firmari
384 1462 414 1489 et
435 1457 619 1500 approbari,
646 1457 717 1490 ideo
742 1457 835 1490 nobis
870 1457 980 1489 humi-
1000 1474 1002 1490 ,ι

240 1510 312 1543 liter
331 1510 505 1554 supplicari
528 1511 690 1551 fecerunt,
720 1517 754 1544 ut
778 1510 807 1543 in
830 1511 1002 1555 praemiss

239 1563 281 1597 sis
294 1563 464 1608 providere
476 1564 515 1598 de
533 1564 730 1607 benignitate
745 1564 918 1609 apostolica
937 1564 984 1597 di-

240 1628 424 1661 gnaremur.

286 1673 303 1714 ἕ
320 1671 350 1705 3.
369 1672 431 1705 Nos
446 1672 544 1715 igitur
564 1672 721 1706 Isidorum
745 1684 780 1706 ac
799 1673 985 1707 definitores
1002 1714 1003 1718 Ἰ

243 1731 274 1760 et
299 1726 378 1760 alios
400 1726 524 1760 vocales
552 1728 746 1771 praedictos,
767 1738 893 1762 necnon
915 1728 983 1761 sin-

243 1779 334 1822 gulos
360 1780 462 1814 dictae
487 1781 752 1824 Congregationis
777 1783 887 1816 fratres
913 1793 985 1826 spe-

243 1833 331 1867 cialis
352 1834 473 1877 gratiae
492 1835 598 1868 favore
620 1835 770 1879 prosequi
786 1835 939 1876 volentes,
957 1841 984 1869 et
1002 1824 1004 1841 ²

243 1896 260 1919 a
278 1886 442 1930 quibusvis
468 1888 822 1928 excommunicationis,
847 1899 983 1933 suspen·
1003 1893 1005 1934 ξ

242 1940 341 1974 sionis
361 1947 391 1974 et
412 1941 587 1982 interdic-ti,
609 1942 743 1986 aliisque
765 1937 1005 1976 ecclesiasticis³

243 1995 419 2036 sententiis,
444 1995 588 2029 censuris
608 2001 638 2029 et
662 1996 785 2040 poenis,
811 2007 826 2029 a
850 1996 917 2029 iure
940 1997 986 2030 vel

243 2048 283 2081 ab
307 2047 462 2090 homine,
488 2049 598 2093 quavis
625 2049 793 2083 occasione
815 2050 860 2083 rel
892 2053 987 2083 causa

244 2101 338 2143 latis,
370 2102 393 2135 si
421 2103 537 2147 quibus
569 2103 815 2147 quomodolibet
842 2103 985 2137 innodati

244 2156 392 2198 existunt,
414 2157 453 2190 ad
475 2156 623 2190 effectum
651 2157 868 2201 praesentium
895 2158 987 2190 dum-

247 2213 330 2244 taxat
347 2210 624 2254 consequendum,
643 2210 756 2243 harum
779 2211 861 2244 serio
883 2212 987 2244 absol-

246 2270 354 2298 ventes
379 2270 410 2297 et
434 2264 597 2297 absolutos
626 2264 692 2297 fore
717 2270 900 2306 censentes,
926 2265 1006 2312 hU’t

248 2317 383 2352 iusmodi
402 2317 692 2362 supplicationibus
712 2318 867 2359 inclinati,
885 2319 923 2352 de
941 2315 1006 2352 xe-Y

248 2371 440 2405 nerabilium
474 2372 608 2405 fratrum
641 2377 826 2405 nostrorum
861 2377 988 2406 sanctae
1006 2369 1007 2372 '

248 2424 411 2459 Romanae
431 2425 590 2459 Ecclesiae
608 2425 834 2465 cardinalium,
852 2425 989 2467 negotiis

249 2483 279 2511 et
305 2478 593 2513 consultationibus
622 2479 852 2523 Episcoporum
880 2479 1008 2527 etite-¹

250 2531 408 2574 gularium
434 2533 707 2577 praepositorum,
732 2532 877 2573 consilio,
902 2532 989 2565 ordi-

251 2585 413 2619 nationem
431 2591 461 2620 et
477 2591 594 2620 statuta
611 2586 786 2631 praedicta,
815 2585 991 2629 apostolica

253 2639 452 2681 auctoritate,
479 2646 590 2674 tenore
613 2639 851 2684 praesentium,
878 2649 992 2682 perpe-

255 2697 308 2725 tuo
333 2692 563 2727 confirmamus
577 2699 605 2727 et
621 2693 850 2737 approbamus,
866 2692 992 2735 illisque

1015 277 1034 300 v
1055 278 1104 302 PP.

1013 331 1189 370 perpetuae
1211 332 1238 359 et
1270 325 1462 359 inviolabilis
1483 324 1678 369 apostolicae
1698 324 1753 357 fir-

1013 379 1131 412 mitatis
1157 380 1257 413 robur
1282 380 1462 420 adiicimus,
1486 390 1522 413 ac
1543 379 1581 412 ab
1603 378 1754 412 omnibus

1011 432 1114 466 dictae
1139 432 1405 476 Congregationis
1435 433 1588 466 fratribus
1622 432 1755 466 inviola-

1011 485 1119 519 biliter
1137 486 1299 519 observari
1323 487 1524 520 mandamus.

1057 540 1073 582 ξ
1094 539 1124 572 4.
1149 540 1185 573 Et
1205 540 1416 574 nihilominus
1432 569 1439 581 ,
1460 541 1547 584 quod
1568 541 1607 574 de
1628 545 1754 574 caetero
1796 549 1896 576 memque
1917 551 1954 570 ›10-

1770 582 1815 597 rum
1830 577 1911 597 statuit.

1012 592 1177 636 perpetuis
1199 593 1314 626 futuris
1329 593 1540 637 temporibus,
1558 594 1755 638 quicumque

1013 657 1048 680 ex
1070 647 1173 681 dictae
1187 647 1451 691 Congregationis
1472 648 1621 682 fratribus
1642 647 1757 682 recita-

1015 700 1092 734 tioni
1125 701 1278 734 horarum
1311 702 1540 735 canonicarum
1570 701 1693 735 habiles
1726 705 1757 734 et

1014 754 1121 788 idonei
1141 761 1246 796 erunt,
1266 755 1308 788 illi
1331 756 1370 789 ad
1391 755 1580 789 earumdem
1601 754 1757 789 horarum

1014 808 1236 842 recitationem
1258 815 1415 854 perpetuo
1438 815 1608 843 teneantur
1625 814 1656 843 et
1675 809 1756 843 obli-

1013 862 1077 905 gati
1103 862 1249 907 existant,
1270 874 1307 896 ac
1331 874 1389 908 per
1420 863 1640 897 recitationem
1663 863 1759 896 hora-

1015 927 1084 949 rum
1112 916 1342 950 canonicarum
1377 917 1557 951 recitationi
1588 916 1757 951 Orationis

1014 970 1205 1004 Dominz'cae
1219 976 1249 1004 et
1263 970 1484 1005 Salutatiom's
1504 970 1694 1014 Anqelicae,
1719 970 1757 1003 ad

1015 1035 1110 1068 quam
1134 1025 1218 1058 iuxta
1237 1024 1397 1068 regularia
1418 1035 1531 1058 eorum
1551 1023 1694 1058 instituta
1716 1029 1759 1057 te-

1014 1085 1179 1119 nerentur,
1200 1079 1393 1112 satisfaciant
1419 1084 1450 1113 et
1474 1078 1658 1112 satisfacere
1679 1088 1756 1111 cen-

1015 1137 1164 1173 seantur,
1189 1132 1336 1166 similiter
1357 1137 1514 1176 perpetuo
1540 1130 1709 1165 statuimus
1730 1136 1759 1164 et

1015 1186 1213 1221 ordinamus.

1061 1240 1120 1283 gf).
1136 1241 1204 1273 Non
1220 1240 1422 1273 obstantibus
1433 1239 1716 1275 constitutionibus
1729 1244 1758 1272 et

1016 1294 1274 1327 ordinationibus
1287 1293 1483 1338 apostolicis,
1508 1304 1634 1326 necnon
1656 1293 1759 1326 dictae

998 1370 1000 1378 s
1016 1348 1291 1391 Congregationis,
1315 1347 1410 1380 etiam
1427 1347 1619 1387 iuramento,
1641 1346 1760 1379 confir-

1019 1402 1159 1434 matione
1189 1401 1377 1445 apostolica,
1401 1400 1448 1433 vel
1475 1400 1585 1444 quavis
1611 1399 1762 1432 firmitate

1021 1455 1083 1487 alia
1109 1455 1280 1496 roboratis,
1298 1454 1424 1487 statutis
1456 1460 1487 1487 et
1515 1451 1760 1487 consuetudini-

1019 1509 1087 1550 bus,
1102 1508 1276 1552 privilegiis
1290 1518 1432 1552 quoque,
1450 1507 1583 1540 indultis
1601 1512 1631 1539 et
1648 1505 1762 1539 litteris

1019 1562 1204 1606 apostolicis
1225 1562 1330 1595 eidem
1345 1560 1592 1604 Congregationi
1614 1559 1763 1603 illiusque

1001 1615 1173 1648 ‘visitatori
1204 1614 1345 1658 generali
1379 1625 1415 1648 ac
1452 1613 1602 1647 fratribus
1633 1620 1663 1646 et
1695 1612 1764 1646 aliis

1020 1668 1241 1713 superioribus
1263 1674 1289 1701 et
1306 1664 1462 1712 personis,
1479 1668 1538 1701 sub
1556 1667 1765 1711 quibuscum-

1002 1720 1083 1771 [que
1104 1722 1268 1756 tenoribus
1289 1728 1319 1755 et.
1342 1722 1463 1762 formis,
1482 1732 1517 1755 ac
1538 1732 1611 1755 cum
1633 1719 1765 1765 quibus-

1021 1777 1065 1810 xis
1091 1776 1186 1810 etiam
1213 1776 1493 1819 derogatoriarum
1525 1774 1762 1818 derogatoriis,

1022 1831 1156 1875 aliisque
1178 1830 1413 1864 efficacioribus
1434 1829 1584 1863 clausulis
1606 1834 1634 1862 et
1657 1829 1766 1862 decre-

1023 1885 1071 1925 tis,
1094 1885 1123 1917 in
1145 1895 1263 1927 genere
1289 1884 1336 1917 vel
1363 1883 1393 1916 in
1420 1883 1545 1928 specie,
1574 1894 1609 1916 ac
1636 1882 1713 1916 alias
1734 1881 1766 1915 in

1022 1938 1219 1972 contrarium
1243 1937 1493 1982 praemissorum
1520 1935 1767 1980 quomodolibet

1023 1993 1193 2033 concessis,
1212 1992 1412 2025 confirmatis
1427 1998 1457 2025 et
1469 1990 1678 2036 approbatis·,
1696 1990 1767 2034 qui-

1022 2048 1081 2081 bus
1099 2047 1250 2080 omnibus
1277 2053 1302 2079 et
1331 2046 1482 2089 singulis,
1508 2056 1618 2078 corum
1644 2050 1768 2078 tenores

1023 2101 1245 2145 praesentibus
1264 2111 1322 2144 pro
1343 2099 1500 2144 expressis
1518 2099 1684 2139 hahentes,
1706 2097 1767 2130 illis

1023 2156 1099 2189 alias
1114 2156 1143 2188 in
1163 2166 1221 2189 suo
1240 2155 1356 2189 robore
1378 2153 1608 2198 permansuris,
1627 2152 1686 2185 hac
1699 2152 1766 2185 vice

1023 2210 1184 2242 dumtaxat
1217 2208 1398 2252 specialiter
1415 2214 1445 2240 et
1467 2216 1612 2251 expresse
1635 2206 1769 2247 deroga-

1024 2260 1768 2306 mus,caeterisquecontrariisquibuscumque.

1069 2318 1083 2358 ξ
1110 2315 1139 2348 si.
1170 2315 1322 2349 Volumus
1351 2320 1456 2348 autem
1486 2320 1516 2347 ut
1551 2312 1767 2357 praesentium

1024 2368 1189 2413 exemplis,
1209 2369 1303 2401 etiam
1326 2368 1498 2412 impressis,
1515 2377 1610 2400 manu
1632 2365 1768 2399 alicuius

1025 2423 1142 2456 notarii
1170 2422 1290 2466 publici
1312 2421 1510 2465 subscriptis,
1535 2425 1565 2453 ct
1585 2420 1689 2462 sigillo
1710 2418 1768 2452 ali—

1025 2477 1115 2510 cuius
1141 2487 1297 2520 personae
1324 2476 1354 2508 in
1376 2476 1529 2518 dignitate
1555 2472 1769 2507 ecclesiastica

1026 2530 1217 2563 constitutae.
1245 2529 1386 2569 munitis,
1405 2529 1514 2561 eadem
1539 2538 1669 2572 prorsus
1691 2526 1769 2560 fides

1027 2584 1240 2625 adhibeatur,
1271 2595 1352 2627 quae
1379 2583 1453 2627 ipsis
1480 2581 1690 2623 originalibus
1712 2581 1766 2613 lit-

1028 2638 1103 2671 teris
1128 2638 1347 2677 adhiberetur,
1376 2637 1400 2669 si
1419 2637 1520 2669 forent
1543 2635 1702 2668 exhibitae
1723 2634 1769 2667 vel

1028 2697 1183 2725 ostensae.

1656 265 1719 300 ⁶277
1767 275 1816 302 An.
1838 274 1865 302 c.
1886 274 1952 303 ¹606

1789 1248 1903 1275 Dei-ugano
1912 1255 1962 1271 eon-

1775 1277 1895 1297 uariorum.

1820 2318 1968 2344 ‘frausumpto-

1785 2351 1828 2366 ruiu
1844 2346 1904 2365 futes,
