2227 3241
257 261 305 286 Λιι,
323 260 351 286 C.
377 259 441 287 1502

488 250 529 284 98

442 308 622 346 audiendi,
638 305 852 349 cognoscendi
871 311 901 338 et
918 304 981 338 sine
1000 305 1108 338 debito
1132 310 1192 338 ter-

293 1975 402 1996 Clau-uias
424 1974 450 1994 :ut

266 2003 355 2023 limus-ee
375 2004 451 2022 cousti-

267 2029 353 2049 iuueni<
375 2034 451 2054 perpe-

267 2058 322 2075 tuam
333 2057 451 2078 tii-mitatem

268 2084 362 2109 appuuit.

456 360 616 399 minandi,
640 370 765 392 necnon
786 368 1010 401 quoscumque
1037 358 1192 392 interesse

455 414 622 452 habentes,
650 418 711 444 tam
730 411 761 443 in
780 411 864 443 dicta
882 411 971 444 curia
990 422 1086 455 quam
1105 417 1192 444 extra

455 478 537 507 cam,
558 466 651 499 etiam
674 475 731 508 per
751 464 893 497 edictum
914 465 1093 508 publicum,
1115 475 1192 498 con-

455 520 527 553 stito
545 518 606 551 sihi
623 517 800 551 summarie
818 517 857 551 de
876 527 942 550 non
964 523 1031 551 tuto
1049 528 1191 559 accessu,

456 571 586 612 citandi,
607 577 637 604 et
657 570 821 614 quibusvis
835 570 905 604 aliis
918 570 1061 604 eiusdem
1083 571 1193 604 curiae

456 624 615 658 iudicibus
643 630 673 657 et
689 624 855 668 personis,
880 623 996 667 quibus
1017 629 1049 657 et
1068 624 1194 668 quoties

456 690 536 722 opus
561 677 665 717 suerit,
693 677 751 710 sub
776 677 963 718 sententiis,
993 677 1137 711 censuris
1164 683 1194 712 et

457 730 568 775 poenis
581 730 860 771 ecclesiasticis,ac
873 730 968 763 etiam
987 730 1191 774 pecuniariis,

457 784 495 817 de
516 783 633 827 quibus
649 783 709 816 sibi
732 783 902 823 videbitur,
924 783 1102 823 inhibendi,
1119 783 1194 816 etin

457 843 606 870 eventum
628 847 693 870 non
709 837 878 880 paritionis
892 837 931 869 ad
946 836 1194 869 declarationem

457 891 605 924 incursus
613 891 857 932 sententiarum,
868 901 1074 924 censurarum
1086 896 1116 923 et
1123 900 1197 934 poe-

458 955 572 978 narum
592 944 777 978 huiusmodi
790 944 999 988 procedendi,
1016 955 1052 978 ae
1069 949 1196 977 senten-

460 998 517 1032 tias
532 998 669 1042 desuper
686 999 833 1032 serendas
851 998 977 1032 debitae
992 996 1197 1041 exequutioni

459 1052 699 1093 demandandi,
732 1063 788 1085 seu
820 1052 1008 1085 demandari
1037 1051 1195 1094 faciendi,

460 1106 712 1140 contradictores
736 1105 896 1149 quoslibet
923 1111 953 1138 et
978 1105 1114 1138 rebelles
1141 1116 1199 1149 per

459 1160 579 1193 similes
613 1159 804 1199 sententias,
835 1169 985 1191 censuras
1011 1165 1041 1191 et
1064 1169 1195 1202 poenas,

461 1214 587 1258 aliaque
604 1218 786 1257 opportuna
808 1212 884 1245 iuris
906 1217 934 1244 et
956 1212 1027 1245 sacti
1042 1212 1196 1253 remedia,

462 1266 709 1310 compescendo,
729 1276 765 1298 ac
786 1265 881 1298 etiam
903 1264 1055 1298 auxilium
1077 1265 1198 1298 brachii

461 1320 634 1354 saecularis
669 1320 708 1353 ad
743 1319 805 1352 boc
841 1319 1036 1359 invocando,
1075 1329 1198 1352 necnon

462 1384 686 1419 quaecun·1que
708 1373 815 1413 dubia,
837 1372 1052 1413 difficultates,
1072 1373 1097 1405 si
1119 1384 1200 1416 quae

461 1428 712 1472 praemissorum
749 1426 918 1459 occasione
955 1426 1201 1470 quomodolibet

462 1482 539 1516 oriri
565 1481 748 1523 contigerit³
782 1480 966 1514 declarandi
988 1486 1017 1512 et
1039 1480 1197 1524 interpre-

465 1535 573 1575 tandi,
598 1529 771 1577 omniaque
803 1539 832 1566 et
861 1533 987 1575 singula
1018 1533 1048 1566 iu
1081 1533 1200 1567 eisdem

462 1588 657 1634 praemissis,
679 1593 707 1620 et
729 1587 813 1620 circa
831 1598 867 1619 ea
887 1587 1129 1630 quomodolibet
1148 1598 1202 1620 ne-

464 1644 601 1678 cessaria
621 1649 651 1676 et
671 1648 855 1686 opportuna
879 1642 1035 1683 faciendi,
1064 1642 1202 1681 dicendi,

464 1696 615 1741 gerendi,
639 1695 807 1729 exercendi
828 1700 858 1728 et
886 1695 1083 1738 exequendi,
1107 1697 1200 1728 etiam

465 1751 552 1784 omni
568 1755 597 1783 et
615 1759 819 1794 quacumque
837 1749 1052 1792 appellatione
1071 1751 1202 1791 remota,

464 1804 604 1848 plenam,
625 1803 758 1835 liberam
779 1808 809 1835 et
830 1802 1050 1835 omnimodam
1073 1803 1203 1835 faculta-

466 1864 527 1891 tem
549 1863 579 1890 et
596 1856 820 1890 auctoritatem
841 1856 961 1899 pariter
977 1862 1135 1900 perpetuo
1155 1856 1205 1889 tri-

465 1911 595 1944 buimus
620 1915 651 1943 et
671 1909 855 1952 elargimur.

510 1966 526 2006 g
545 1964 573 1997 9.
598 1964 812 1997 Decernentes
832 1967 1015 2006 praesentes
1033 1962 1151 2003 literas,
1168 1974 1203 1995 ac

467 2018 497 2051 in
518 2018 563 2051 eis
584 2023 735 2051 contenta
752 2026 986 2060 quaecumque,
1003 2016 1099 2049 etiam
1114 2027 1148 2049 ex
1167 2027 1204 2050 eo

467 2072 552 2116 quod
567 2070 752 2115 superiores
769 2069 843 2103 dicti
857 2069 993 2109 Ordinis,
1011 2074 1039 2102 et
1059 2069 1204 2113 quicum-

467 2137 529 2170 que
547 2124 600 2158 alii
616 2124 647 2157 in
662 2122 846 2168 praemissis
866 2122 1111 2166 quomodolibet
1124 2123 1204 2156 inte—

466 2190 551 2220 resse
569 2178 723 2211 habentes
744 2177 789 2210 vel
808 2177 927 2209 babere
944 2177 1200 2220 praetendentes,

467 2232 529 2266 iliis
549 2242 614 2265 non
635 2230 874 2270 consenserint,
898 2230 937 2262 ad
962 2241 1063 2274 eaque
1088 2231 1200 2268 vocati.

468 2292 498 2319 et
518 2295 632 2319 causae
648 2289 780 2328 propter
797 2294 876 2327 quas
896 2283 975 2316 haec
995 2283 1103 2316 omnia
1124 2284 1204 2317 sacta

467 2338 596 2378 fuerint,
613 2348 720 2371 coram
736 2337 839 2370 dictae
859 2336 1088 2372 Urbis-vicario
1110 2343 1140 2370 et
1156 2338 1203 2371 lo-

467 2402 579 2426 corum
594 2390 782 2431 Ordinariis,
799 2390 895 2423 etiam
915 2395 1077 2433 tamquam
1093 2402 1110 2423 a
1124 2391 1205 2425 Sede

467 2444 642 2489 apostoliea
656 2443 821 2486 delegatis,
834 2443 881 2476 vel
895 2443 982 2484 alibi,
993 2443 1201 2485 examinatae,

466 2498 649 2532 verificatae
662 2507 726 2531 non
741 2496 869 2537 suerint,
886 2507 990 2542 neque
1005 2497 1035 2529 in
1051 2497 1095 2529 eis
1109 2508 1204 2541 quae-

469 2564 606 2597 cumque
627 2551 857 2592 solemnitates,
875 2557 904 2584 et
922 2551 984 2584 alia
1004 2552 1042 2585 de
1061 2551 1140 2593 iure,
1157 2553 1204 2585 vel

470 2606 723 2645 consuetudine,
751 2605 800 2638 vel
830 2604 1015 2648 privilegio,
1040 2615 1094 2638 seu
1119 2605 1206 2638 iuxta

1027 258 1207 281 BULLARlUM
1233 257 1384 281 ROMANEM

1226 306 1274 339 bis
1289 310 1319 339 et
1336 306 1487 339 Gamerae
1500 304 1696 348 praedictae,
1716 310 1770 338 aut
1783 305 1861 339 alias
1881 316 1960 350 quo-

1227 358 1403 391 modolibet
1428 357 1596 401 requisita,
1617 363 1648 390 et
1671 357 1703 390 in
1727 357 1886 392 similibus
1906 369 1961 392 ne·

1227 412 1362 446 cessaria
1380 411 1623 452 intervenerint,
1641 422 1695 445 seu
1710 411 1805 445 etiam
1820 412 1962 446 enormis

1228 472 1258 499 et
1278 464 1521 499 enormissimae
1540 464 1703 506 laesionis,
1726 470 1781 498 aut
1799 465 1863 499 alio
1883 475 1962 510 quo-

1228 519 1271 551 vis
1291 523 1468 562 praetextu,
1482 529 1538 551 seu
1553 517 1630 551 alias
1650 529 1686 551 ex
1703 517 1870 562 quibusvis
1886 528 1961 553 cau-

1227 572 1269 606 sis
1289 572 1493 617 quantumvis
1516 571 1665 614 legitimis
1687 577 1718 604 et
1743 571 1904 613 iuridicis,
1924 569 1971 606 de*

1227 625 1445 669 subreptionis
1460 625 1509 657 rel
1519 623 1729 668 obreptionis,
1743 629 1797 657 aut
1811 624 1964 658 nullitatis

1228 677 1315 719 vitio,
1331 689 1386 711 seu
1401 677 1587 710 intentionis
1599 682 1728 710 nostrae
1745 677 1792 710 vel
1810 677 1964 722 quopiam

1228 731 1291 764 alio
1304 731 1431 765 defectu
1445 731 1560 772 notari,
1577 731 1770 775 impugnari,
1785 730 1962 772 retractari,

1231 784 1260 817 in
1276 785 1324 818 ius
1343 785 1390 818 vel
1405 784 1655 818 controversiam
1670 784 1787 825 vocari,
1803 784 1843 818 ad
1859 784 1967 818 termi—

1230 849 1288 872 nos
1305 837 1382 871 iuris
1403 838 1524 878 reduci,
1549 838 1595 871 ve]
1614 837 1765 871 adversus
1782 837 1851 871 illas
1869 837 1967 881 quod-

1231 891 1456 935 cumqueiuris
1466 891 1513 924 vel
1526 890 1597 924 sacti
1611 890 1789 924 remedium
1803 890 1968 935 impetrari

1232 945 1414 978 nullatenus
1441 955 1595 988 umquam
1628 954 1743 988 posse;
1775 954 1880 988 neque
1908 943 1966 978 sub

1232 997 1395 1041 quibusvis
1415 997 1569 1031 similium
1594 998 1643 1031 vel
1668 996 1872 1031 dissimilium
1898 1008 1968 1040 gra-

1235 1051 1348 1084 tiarum
1363 1062 1399 1085 ac
1410 1051 1578 1093 unionum,
1595 1051 1858 1096 applicafionum,
1873 1051 1967 1085 etiam

1233 1105 1380 1138 effectum
1409 1116 1502 1138 suum
1529 1105 1709 1149 plenarium
1737 1106 1881 1139 nondum
1901 1116 1970 1139 sor-

1235 1160 1378 1199 titarum,
1399 1158 1667 1199 revocationibus,
1692 1158 1966 1202 suspensionibus,

1234 1212 1496 1253 imitationibus,
1517 1218 1571 1245 aut
1587 1212 1656 1245 aliis
1674 1212 1843 1245 contrariis
1861 1212 1970 1256 dispo-

1234 1266 1404 1299 sitionibus
1418 1276 1474 1309 per
1488 1276 1546 1299 nos
1564 1266 1611 1299 vel
1625 1265 1703 1299 alios
1716 1266 1878 1299 Romanos
1889 1266 1971 1299 Pon-

1235 1319 1336 1353 tifices
1356 1329 1556 1352 successores
1574 1324 1712 1360 nostros,
1729 1318 1824 1352 etiam
1839 1318 1871 1352 in
1885 1329 1971 1353 eras-

1237 1374 1339 1406 tinum
1357 1372 1586 1417 assumptionis
1606 1383 1828 1406 successorum
1846 1378 1973 1407 nostro-

1235 1438 1306 1460 rum
1336 1427 1375 1460 ad
1404 1425 1588 1459 huiusmodi
1618 1426 1815 1469 apostolatus
1835 1426 1970 1470 apicem,

1235 1481 1293 1514 sub
1316 1480 1576 1524 quibuscumque
1598 1479 1768 1513 verborum
1790 1480 1970 1524 expressio-

1237 1534 1329 1567 nibus
1350 1539 1380 1566 et
1398 1533 1518 1574 formis,
1536 1533 1633 1566 etiam
1652 1538 1741 1566 motu
1759 1539 1790 1567 et
1809 1534 1973 1578 potestatis

1237 1586 1435 1631 plenitudine
1456 1585 1626 1627 similibus,
1642 1597 1701 1629 pro
1717 1591 1860 1631 tempore
1874 1587 1973 1627 factis,

1238 1639 1486 1684 comprehendi,
1507 1639 1562 1672 sed
1589 1643 1753 1683 tamquam
1778 1650 1838 1684 pro
1859 1640 1973 1674 sunda-

1239 1694 1323 1728 tioue
1345 1699 1374 1727 et
1394 1704 1450 1726 seu
1470 1704 1529 1737 pro
1560 1692 1724 1726 dotatione
1751 1692 1826 1727 dicti
1848 1693 1974 1737 collegii

1237 1746 1428 1782 Clementini
1454 1746 1493 1779 ad
1522 1746 1680 1779 bonarum
1707 1746 1825 1780 artium
1852 1744 1973 1780 cultum

1238 1800 1373 1834 instituti
1388 1810 1565 1841 concessas,
1582 1810 1710 1843 semper
1726 1798 1766 1833 ab
1784 1799 1846 1833 illis
1862 1799 1975 1844 excipi,

1238 1860 1268 1888 et
1288 1854 1413 1898 quoties
1431 1854 1503 1887 illae
1524 1852 1731 1894 emanabunt,
1750 1853 1841 1887 toties
1858 1853 1891 1886 in
1910 1853 1975 1898 pri-

1238 1910 1355 1942 stInum
1378 1912 1409 1940 et
1429 1917 1514 1947 eum,
1538 1906 1568 1939 iu
1590 1916 1654 1950 quo
1675 1912 1767 1940 antea
1788 1907 1971 1950 quomodo-

1239 1960 1314 1995 libet
1334 1965 1425 1993 erant
1447 1965 1576 2001 statum,
1600 1959 1745 2002 restituta
1758 1987 1765 2001 ‚
1788 1959 1929 2004 reposita
1946 1964 1977 1994 et

1239 2014 1380 2059 plenarie
1397 2013 1604 2056 reintegrata,
1629 2023 1665 2046 ac
1685 2013 1725 2047 de
1745 2024 1838 2054 novo,
1863 2019 1894 2047 et
1917 2012 1975 2047 sub

1239 2069 1311 2101 data
1331 2078 1389 2112 per
1404 2073 1633 2112 protectorem,
1655 2072 1813 2100 rectorem
1834 2072 1865 2101 et
1885 2067 1976 2101 seho-

1239 2123 1321 2155 lares
1346 2131 1404 2165 pro
1431 2126 1573 2165 tempore
1598 2120 1766 2154 existentes
1794 2121 1976 2165 praedictos

1239 2176 1512 2222 quandocumque
1533 2174 1699 2217 eligenda,
1725 2174 1764 2208 de
1789 2185 1872 2208 novo
1894 2185 1973 2225 co-n-

1238 2240 1326 2264 cessa
1353 2229 1419 2263 sore
1445 2233 1475 2261 et
1501 2238 1587 2268 esse,
1610 2238 1768 2273 suumque
1796 2227 1975 2272 plenarium

1239 2284 1386 2317 effectum
1405 2281 1513 2315 sortiri
1538 2286 1569 2315 et
1592 2281 1757 2322 obtinere;
1780 2291 1838 2314 nec
1857 2291 1973 2325 quem-

1239 2347 1333 2381 quam
1349 2336 1388 2369 ad
1402 2335 1529 2369 easdem
1544 2339 1728 2379 praesentes
1742 2334 1864 2367 litteras
1877 2334 1909 2367 in
1922 2334 1976 2369 Ca-

1240 2392 1328 2424 mera
1340 2389 1517 2434 praedieta3
1530 2389 1615 2423 iuxta
1629 2387 1891 2422 constitutionem
1905 2388 1977 2432 piae

1240 2444 1416 2478 memoriae
1442 2443 1489 2477 Pii
1521 2443 1626 2486 Papae
1653 2443 1691 2476 IV
1720 2435 1977 2486 praedecessoris

1240 2500 1340 2532 nostri
1361 2499 1499 2541 desuper
1519 2496 1648 2536 editam,
1672 2500 1726 2529 aut
1745 2495 1822 2529 alias
1841 2506 1977 2539 quomo-

1241 2553 1362 2586 dolibet
1388 2550 1669 2595 praesentandum,
1693 2549 1922 2583 insinuandum
1948 2555 1979 2583 et

1242 2604 1404 2647 registrari
1434 2603 1615 2637 faciendum
1638 2604 1759 2643 teneri,
1782 2612 1888 2646 neque
1908 2601 1978 2636 illas

471 2664 597 2700 statuta,
615 2658 834 2692 ordinationes
848 2663 878 2692 et
891 2657 1135 2692 constitutiones
1147 2658 1206 2692 Ur·
1239 2663 1413 2703 propterea
1433 2657 1538 2691 irritas
1558 2666 1637 2698 esse,
1651 2656 1706 2691 sed
1719 2656 1852 2691 omuino
1873 2655 1977 2690 valere

1971 258 2018 285 An.
2037 257 2067 285 e.
2087 259 2156 289 4604
2206 290 2207 293 ,

2182 1092 2202 1138 ’,μό

2175 1247 2201 1476 ’νέμὲ-’,ἉΜΨ-Ἆκ
2178 1150 2206 1235 ³³55*-
