2227 3241
252 290 303 317 An.
322 289 348 315 C.
370 288 435 317 1608

253 353 319 375 vetur,
335 351 391 377 quud
404 356 436 370 ex·

252 378 310 401 teris,
325 378 360 403 qui
377 377 437 398 hahi-

251 404 316 425 htatis
338 406 358 424 et
379 403 436 427 rcum

252 430 355 451 franciae
379 430 436 450 luco-

252 458 284 478 lae
295 459 388 477 nunsunt
396 461 436 476 non

251 483 381 509 recipiamur
417 484 437 502 ct

252 512 293 529 tam
317 515 351 529 rex
375 514 436 534 quam

251 536 329 556 caeteri
346 536 378 555 tlte
388 541 436 555 cmi-

251 562 394 587 flrogationem
404 567 437 585 gc-

251 589 329 608 ner-stis
352 587 436 608 Euchai-

252 616 331 635 usnam
354 619 434 634 §uiuere

252 643 368 661 teneantur.

278 1037 321 1057 Rex
337 1037 362 1057 ad
379 1039 434 1057 exto-

251 1069 284 1083 ros
300 1069 385 1089 quoque
397 1063 435 1084 mi-

250 1090 315 1110 huam
352 1090 435 1111 extendi

249 1116 435 1137 etEucharistiaui

250 1145 298 1163 ante
320 1148 435 1169 congrega-

251 1169 329 1189 tionem
344 1175 433 1194 genera-

250 1196 274 1215 lis
297 1195 350 1216 sumi
373 1201 434 1222 posse

250 1222 309 1248 petit.

310 2266 437 2289 Conceditur

253 2294 332 2318 ¹2²q¹107
354 2296 437 2323 οᾳίρῐοι

251 2324 315 2344 posse
329 2326 411 2347 recipi,

481 279 545 313 lffi'i
1023 287 1207 314 Bt'LLAntUM

453 336 578 369 Ordinis
597 336 696 368 sancti
711 336 859 380 Spiritus,
874 336 963 369 cuius
979 336 1125 369 maiestas
1141 341 1193 370 tua

451 394 626 433 perpetuus
639 388 880 422 administrator
894 399 961 422 esse
983 388 1193 432 dignoscitur,

453 442 535 475 inter
555 441 616 474 alia
634 447 762 475 cautum
783 448 839 483 est,
864 453 903 476 nc
929 442 1037 483 exteri,
1058 443 1112 487 qui
1138 443 1193 477 ha-

452 494 567 526 bilitati
602 500 629 527 et
675 495 764 537 regni
794 495 948 529 Franciae
978 495 1102 530 incolae
1127 506 1191 530 non

451 553 535 587 sunt,
560 548 590 580 in
614 548 730 581 milites
751 548 854 581 dictae
880 548 1009 582 Militiae
1034 549 1192 594 recipian-

453 605 521 640 tur,
557 600 607 633 die
636 611 711 634 vcro
745 601 905 644 generalis
933 602 1192 645 congregationis

451 652 527 686 dicti
553 652 700 690 Ordinis.
729 654 858 697 quando
891 654 985 688 ctiam
1012 655 1127 699 aliquis
1152 656 1192 689 ad

450 706 578 740 habitus
594 718 654 751 per
674 707 816 741 eiusdem
840 708 973 741 militiae
998 708 1114 742 milites
1139 719 1192 751 ge-

450 760 526 793 stari
552 760 637 793 soliti
671 762 906 805 susceptionem
934 762 1129 803 admittitur,
1158 768 1192 795 ut

451 818 514 845 tam
539 813 689 848 maiestas
715 819 789 855 tua,
816 825 912 858 quam
939 815 1090 849 officiales
1115 815 1190 849 dicti

450 865 589 908 Ordinis,
614 871 646 899 et
664 867 792 909 milites,
816 873 847 901 et
867 867 1012 912 quisquis
1036 868 1077 902 ad
1101 867 1192 901 habi-

452 925 517 952 tum
540 920 735 962 admittitur,
759 921 996 955 sanctissimum
1023 921 1190 955 Eucharis-

452 972 513 1005 tiae
532 979 771 1007 sacramentum
793 984 920 1008 sumere
941 980 1121 1008 teneantur.

496 1027 512 1067 ἓ
529 1025 558 1058 ΕΖ.
576 1026 652 1060 Cum
670 1033 789 1068 autem,
806 1027 888 1061 sicut
908 1028 1018 1061 cadem
1035 1028 1192 1072 expositio

451 1078 676 1122 subiungebat,
701 1080 850 1114 maiestas
873 1086 935 1122 tua,
960 1091 1041 1125 (luae
1059 1081 1141 1114 sicut
1163 1087 1193 1114 et

450 1132 606 1176 praedicti
625 1133 777 1167 officiales
795 1145 831 1168 ac
853 1134 970 1168 milites
987 1140 1106 1168 statuta
1138 1134 1193 1167 hu-

451 1184 589 1218 iusmodi
612 1186 782 1220 observare
800 1192 872 1221 voto
900 1192 931 1220 et
958 1187 1139 1221 iuramento
1160 1198 1192 1220 se

450 1238 700 1280 adstrinxerunt,
718 1241 756 1273 ad
779 1240 914 1284 Spiritus
931 1240 1037 1274 Sancti
1056 1240 1191 1283 gloriam

450 1298 481 1325 et
507 1292 683 1326 catholicae
710 1292 786 1326 fidei
819 1292 1045 1327 exaltationem
1072 1293 1191 1326 dictum

449 1345 601 1379 Ordinem
628 1345 723 1378 etiam
757 1351 844 1379 extra
876 1356 1010 1389 regnum
1041 1346 1193 1380 Franciac

449 1399 576 1442 longius
597 1398 731 1432 diffundi
756 1406 786 1432 et
810 1399 841 1432 in
862 1405 987 1433 exteros
1009 1399 1082 1433 fidei
1100 1409 1193 1444 prae-

449 1453 552 1486 dictae
566 1454 633 1486 zclo
653 1453 843 1498 conspicuos
864 1464 900 1488 ac
918 1454 994 1488 alias
1014 1454 1097 1487 iuxta
1111 1454 1193 1488 eius-

450 1507 522 1539 dem
545 1506 673 1539 Ordinis
698 1511 815 1540 statuta
841 1507 1041 1551 qualificatos
1066 1507 1191 1541 extendi

448 1570 541 1604 posse
554 1560 731 1604 plurimum
748 1560 916 1594 desideret:
935 1571 1074 1605 cumque
1095 1561 1190 1594 ctiam

448 1615 500 1655 (eo
524 1612 630 1656 quod¹
652 1613 737 1646 dicto
764 1613 815 1646 die
836 1613 995 1656 generalis
1016 1624 1191 1656 congrega-

450 1666 544 1699 tionis
565 1672 596 1698 et
624 1666 826 1700 admissionis
851 1667 891 1700 ad
917 1667 1045 1700 babitus
1062 1678 1191 1711 suscep-

450 1719 581 1760 tionem,
591 1719 658 1752 aliis
671 1719 806 1761 negotiis
815 1719 977 1762 etosficiis,
989 1722 1103 1763 magna
1118 1731 1189 1753 cum

449 1774 564 1807 mentis
589 1774 773 1817 agitatione,
798 1774 904 1818 potius
925 1784 1023 1818 quam
1039 1765 1188 1807 'orationi

449 1834 479 1861 ct
492 1826 648 1871 spirituali
675 1827 943 1871 contemplationi
959 1827 1061 1860 vacari
1076 1827 1189 1870 soleat)

449 1880 667 1913 sanctissimae
702 1879 921 1914 Eucharistiae
951 1886 1188 1914 sacramentum

449 1933 572 1978 aliquot
603 1933 717 1966 (liebus
746 1938 830 1974 ante,
852 1933 948 1977 longe
977 1933 1091 1967 maiori
1117 1945 1188 1968 cum

452 1987 641 2027 reverentia,
663 1993 692 2020 et
712 1987 870 2031 spirituali
896 1988 1000 2020 fructu
1018 1987 1101 2021 sumi
1118 1998 1191 2032 pos-

449 2048 516 2081 set·,
549 2041 668 2074 idcirco
697 2041 808 2074 eadem
840 2041 987 2074 maiestas
1015 2047 1067 2074 tua
1098 2041 1191 2074 nobis

450 2095 616 2128 humiliter
636 2094 808 2138 supplicari
828 2094 912 2134 fecit,
936 2100 970 2127 ut
988 2093 1018 2127 in
1037 2094 1192 2138 praemis-

451 2148 492 2181 sis
518 2148 557 2181 de
588 2147 786 2189 benignitate
817 2147 993 2191 apostolica
1022 2148 1192 2191 providere

452 2202 671 2244 dignaremur.

498 2256 514 2297 5
535 2254 564 2287 3.
589 2255 652 2288 Nos
672 2254 779 2296 igitur,
801 2254 854 2298 qui
877 2254 940 2295 illa,
962 2265 1044 2298 quac
1065 2255 1104 2288 ad
1125 2255 1193 2299 Spi-

453 2308 531 2341 ritus
551 2307 657 2341 Sancti
683 2306 818 2350 gloriam
849 2313 878 2340 et
911 2307 1093 2341 Catholicae
1118 2308 1192 2342 fidei

453 2361 678 2395 exaltationem
694 2361 823 2401 cedunt,
841 2371 877 2394 ac
892 2360 1035 2394 fidelium
1052 2361 1193 2395 devotio·
1209 2381 1211 2387 ·

453 2425 526 2448 nem
541 2420 669 2457 augent,
690 2413 832 2447 eiusdem
847 2414 953 2448 Sancti
968 2414 1106 2458 Spiritus
1123 2425 1195 2457 gra·

454 2469 495 2502 tia
520 2468 715 2511 suffragante
741 2478 934 2512 promovere
960 2468 1190 2509 desideramus,

453 2522 580 2555 Ordinis
592 2522 746 2566 praedicti
768 2521 994 2565 propagationi
1009 2527 1040 2554 et
1055 2521 1192 2555 militum

454 2576 595 2609 ciusdem
614 2576 797 2621 ,animarum
823 2575 916 2609 saluti
937 2581 1092 2619 quantum
1119 2585 1211 2626 cum}

493 2691 500 2717 l
526 2691 580 2717 llas
601 2698 680 2718 voces
700 2698 730 2717 eo
751 2690 826 2725 quod
845 2697 896 2717 nos
915 2689 1043 2717 addimus
1060 2690 1098 2724 (n.
1115 2689 1163 2724 Τ.).
1207 2634 1212 2726 Ι

1232 287 1386 314 Romanum

1226 336 1362 370 Domino
1392 347 1564 381 possumus
1595 339 1762 372 consulere
1799 341 1961 381 volentes,

1228 389 1412 424 huiusmodi
1433 390 1722 435 supplicationibus
1736 392 1890 434 inclinati,
1913 405 1965 427 vo-

1228 449 1292 476 tum
1326 449 1357 477 et
1393 443 1609 477 iuramentum
1640 445 1804 488 praedicta
1830 446 1909 489 (illis
1935 447 1965 480 in

1227 495 1361 529 caeteris
1381 496 1533 529 omnibus
1558 496 1589 529 in
1616 496 1653 530 iis
1678 497 1839 531 contentis
1863 498 1966 532 firmis

1226 548 1479 592 remanentibus)
1500 549 1691 583 auctoritate
1709 549 1896 594 apostolica,
1921 557 1965 585 te-

1225 611 1304 635 nore
1324 602 1555 646 praesentium,
1573 603 1762 637 relaxamus:
1779 609 1877 648 utque
1899 615 1965 638 ma-

1226 654 1322 688 iestas
1335 661 1389 688 tua
1402 661 1433 688 et
1448 655 1603 699 praedicti
1625 656 1778 690 officiales
1796 667 1832 691 ac
1850 657 1967 691 milites

1226 713 1351 742 exteros
1372 708 1468 742 etiam
1494 719 1558 742 non
1584 709 1767 744 habilitates
1792 720 1852 744 nec
1876 711 1966 754 regni

1225 761 1379 795 Franciae
1391 761 1512 796 incolas
1523 762 1713 806 (catholicos
1724 768 1841 805 tamen,
1859 769 1889 797 et
1899 773 1968 807 gra-

1226 814 1301 848 tiam
1323 820 1354 849 et
1374 816 1636 850 communionem
1661 816 1751 850 Sedis
1764 817 1966 861 Apostolicae

1225 867 1405 913 hahentes),
1420 869 1506 903 dicto
1528 875 1647 903 statuto
1667 879 1733 904 non
1752 870 1910 912 obstante,
1934 870 1967 904 in

1227 920 1344 955 milites
1364 922 1468 956 dictae
1495 922 1624 956 Militiae
1651 922 1832 965 admittere,
1856 922 1967 966 illique

1225 974 1348 1008 admitti
1360 974 1552 1017 (dummodo
1565 980 1670 1009 tamen
1682 975 1714 1008 in
1726 985 1839 1009 eorum
1853 974 1967 1009 admis-

1225 1026 1326 1068 sione,
1346 1032 1401 1060 aut
1421 1027 1499 1060 alias
1512 1028 1797 1072 quandocumque,
1825 1027 1880 1071 qui
1901 1037 1966 1061 non

1227 1079 1402 1113 maiestatis
1434 1085 1505 1114 tuae
1529 1081 1585 1114 sed
1610 1081 1746 1115 aliorum
1779 1080 1965 1125 principum

1226 1138 1281 1166 aut
1305 1133 1512 1167 dominorum
1548 1134 1666 1168 subditi
1692 1139 1722 1168 et
1747 1134 1869 1168 vassalli
1904 1134 1966 1168 exi-

1226 1191 1369 1228 sterent,
1392 1191 1501 1222 votum
1521 1187 1653 1232 aliquod
1671 1192 1726 1221 aut
1747 1187 1965 1220 iuramentum

1226 1248 1291 1272 non
1312 1239 1461 1273 emittant
1488 1245 1543 1273 aut
1562 1246 1741 1284 praestent,
1770 1237 1966 1284 quod'potc-

1226 1292 1298 1325 stati
1329 1298 1384 1326 aut
1419 1293 1636 1337 superioritati
1665 1294 1711 1328 vel
1753 1293 1965 1327 iurisdictioni

1226 1351 1281 1378 aut
1297 1345 1366 1379 alii¹
1389 1345 1582 1390 cuicumque
1607 1347 1669 1380 iuri
1695 1347 1878 1392 principum
1911 1358 1966 1380 seu

1227 1399 1446 1440 dominorum,
1471 1410 1611 1444 quorum
1631 1401 1750 1434 subditi
1778 1412 1815 1435 ac
1840 1401 1965 1435 vassalli

1227 1458 1332 1494 erunt,
1357 1453 1604 1497 quomodolibet
1624 1454 1823 1498 adversetur)
1850 1454 1963 1497 libere,

1227 1510 1257 1538 et
1276 1505 1362 1538 licite
1382 1505 1521 1550 possint:
1546 1517 1670 1540 necnon
1689 1512 1723 1540 ut
1737 1507 1887 1541 maiestas
1901 1513 1966 1552 tua,

1227 1559 1402 1602 officiales,
1427 1567 1458 1594 et
1482 1561 1599 1595 milites
1619 1561 1787 1606 praedicti,
1816 1568 1847 1596 ct
1871 1563 1963 1606 quis-

1226 1613 1297 1657 quis
1318 1613 1357 1646 ad
1378 1613 1482 1647 dietae
1498 1614 1627 1648 Militiae
1645 1614 1772 1648 habitus
1791 1616 1966 1660 susceptio·

1226 1676 1299 1698 nem
1319 1666 1509 1708 admittitur,
1530 1676 1594 1700 non
1620 1667 1689 1711 ipso
1710 1668 1763 1701 die
1784 1677 1962 1711 congrega-

1227 1718 1320 1752 tionis
1340 1719 1508 1761 generalis,
1533 1726 1560 1753 et
1577 1731 1641 1764 quo
1653 1720 1799 1754 habitum
1818 1721 1963 1766 suscipit,

1225 1771 1280 1804 sed
1295 1772 1376 1805 infra
1390 1778 1533 1805 octavam
1551 1774 1818 1817 praecedentem2
1834 1775 1966 1808 sanctis-

1225 1824 1342 1858 simum
1364 1825 1584 1859 Eucharistiae
1608 1833 1845 1861 sacramentum
1867 1828 1966 1862 susci-

1225 1888 1301 1921 pere
1321 1878 1447 1912 valeant
1467 1884 1497 1912 ct
1516 1884 1686 1913 teneantur
1707 1880 1763 1924 (ita
1792 1887 1911 1923 tamen,
1931 1886 1966 1915 ut

1225 1937 1299 1964 ante
1319 1931 1402 1964 diem
1418 1932 1690 1975 congregationis,
1711 1939 1742 1966 et
1759 1934 1965 1968 admissionis

1225 1984 1264 2017 ad
1284 1984 1428 2018 habiturn
1450 1985 1646 2027 huiusmodi,
1664 1991 1727 2019 tam
1748 1987 1911 2028 officiales,
1935 1993 1966 2021 et

1226 2038 1354 2079 milites,
1379 2050 1474 2082 quam
1493 2040 1532 2072 ad
1550 2039 1695 2072 habitum
1717 2040 1907 2074 admittendi
1931 2051 1965 2074 se

1226 2091 1427 2135 praedictum
1457 2092 1702 2126 Sacramentum
1735 2092 1818 2126 infra
1842 2093 1963 2127 dictum

1228 2149 1354 2188 tempus
1385 2144 1563 2188 suscepisse
1596 2145 1739 2188 legitime
1772 2145 1964 2191 ostendant)

1227 2198 1338 2232 eadem
1360 2199 1551 2232 auctoritate
1571 2199 1789 2241 concedimus,
1810 2205 1841 2233 et
1860 2199 1966 2234 indul-

1227 2262 1349 2294 gemus.
1377 2252 1414 2286 Et
1430 2257 1551 2294 votum,
1574 2263 1611 2286 ac
1631 2252 1846 2287 iuramentum
1871 2263 1965 2298 prae-

1228 2305 1311 2339 dicta
1331 2306 1371 2339 ad
1388 2306 1475 2339 hunc
1490 2306 1638 2340 effectum
1661 2312 1908 2348 commutamus,
1936 2313 1968 2341 et

1228 2358 1348 2403 pariter
1369 2359 1563 2401 relaxamus,
1582 2369 1619 2393 ac
1637 2360 1820 2401 statuimus,
1837 2365 1867 2393 et
1880 2359 1967 2394 ordi-

1228 2422 1352 2446 namus.
1380 2437 1382 2439 -

1273 2468 1289 2509 ξ
1314 2466 1344 2500 4.
1374 2467 1443 2500 Non
1475 2466 1675 2500 obstantibus
1701 2466 1904 2511 praemissis,
1929 2478 1965 2501 ac

1228 2519 1333 2553 dictae
1350 2519 1479 2553 Militiae
1496 2519 1633 2560 statutis,
1653 2519 1747 2553 etiam
1769 2519 1963 2561 iuramento,

1228 2574 1476 2607 confirmatione
1508 2572 1694 2616 apostolica,
1714 2573 1761 2606 vel
1782 2573 1892 2616 quavis
1912 2573 1966 2606 fir-

1263 2645 1274 2671 1
1297 2644 1369 2670 Edit.
1390 2643 1469 2670 Main.
1491 2643 1557 2677 legit
1575 2643 1619 2670 ali
1635 2643 1670 2678 (a.
1688 2643 1736 2677 T.).

1261 2688 1277 2715 2
1295 2688 1365 2717 Ibid.
1386 2688 1487 2723 legitur
1502 2687 1688 2723 praecedente
1700 2687 1740 2722 (R.
1757 2687 1805 2722 T.).

1979 292 2032 319 An.
2045 292 2075 320 c.
2094 289 2163 321 1608

2188 388 2225 463 35²³?
2194 363 2209 379 .-
2206 348 2213 352 .

1994 2485 2162 2516 Ουὼιιεουωᾳιιρ

1979 2518 2025 2560 ἓῧὲ
2059 2513 2161 2535 obstanti·

2195 515 2199 518 ,
2188 491 2197 511 r»

2201 514 2203 519 .
2190 466 2216 511 ,αξ

2192 518 2199 534 ψ

2206 510 2217 525 b

2184 530 2227 626 Ξ

2219 615 2227 626 Γ.

2188 698 2227 711 y.

2204 822 2219 830 v

2168 1971 2214 2530 offe—⁸23{2‘2-ffi1·⁴·2·›v‡<‚=·g‹“·12-a
2191 1947 2193 1952 —
2188 1923 2189 1926 „
2186 1891 2197 1896 .
2182 1859 2212 1867 j>
2185 1799 2213 1822 3,
2196 1616 2206 1637 2
2187 1554 2190 1565 ⁴

2220 3174 2227 3241 qun
