2227 3241
253 251 301 277 An.
323 250 351 277 C.
370 249 437 277 ¹604

263 470 437 495 Onandoetquo-

255 497 316 518 modu
332 497 401 516 ‹land-i
417 496 439 516 li-

254 525 324 545 ccutia
333 523 440 549 egredien-

255 553 274 572 di
305 557 315 571 c
337 552 440 572 monaste·

255 578 294 601 τίω

274 1704 297 1723 F.-
308 1702 444 1726 pernoctandi

258 1731 280 1753 in
297 1731 308 1751 d
312 1738 342 1750 ιιιιι
347 1731 392 1750 ibus
401 1735 446 1750 sae-

260 1760 370 1779 wilarium.

290 2351 319 2373 De
335 2351 428 2372 novitiie.

453 296 539 342 quod
560 295 584 328 si
605 292 812 331 concedatur,
837 301 872 324 ex
893 300 980 324 nunc
1001 288 1121 322 nullius
1141 300 1192 323 ro-

453 349 541 383 boris
554 357 620 381 esse
634 350 813 384 censeatur,
830 354 866 377 ac
880 353 918 377 eo
932 347 1057 376 utentes
1071 341 1191 377 eisdem

453 401 566 446 poenis
583 399 806 437 subiiciantur;

499 456 515 496 ξ
535 453 563 486 8.
588 452 705 492 Quinto
727 450 787 484 suit
805 454 1013 494 praeceptum
1029 459 1193 484 commen-

456 506 632 545 datoribus,
646 504 732 548 quod
746 513 811 537 non
832 509 963 547 possent
976 503 1041 536 suis
1057 503 1193 536 subditis

456 560 531 593 darc
555 557 719 591 licentiam
745 556 882 590 exeundi
915 562 1001 590 extra
1034 556 1191 590 civitatem

454 613 538 646 ultra
559 616 698 656 quatuor
719 609 803 650 dics,
827 614 858 642 ct
874 619 938 643 non
958 609 1018 642 nisi
1040 620 1077 642 ex
1097 609 1193 642 ratio-

454 664 553 698 nabili
575 669 605 697 et
625 663 759 696 honesta
780 665 891 703 causa,
916 667 947 695 et
966 673 1062 706 quam
1089 662 1193 695 rarius

453 717 571 762 possit3
595 722 626 749 et
655 716 785 759 quando
815 726 851 749 ex
877 715 983 759 aliqua
1005 714 1193 748 necessitate

455 777 486 804 ct
505 769 635 813 urgenti
653 772 748 803 causa
769 769 974 802 concedenda
995 775 1076 802 esset
1095 768 1192 802 licen-

454 826 497 859 tia
517 824 624 864 alicui,
648 834 713 857 non
734 823 794 856 nisi
823 834 840 856 a
865 822 1055 867 provinciali
1081 833 1194 856 conce-

454 880 558 918 datur,
582 877 672 911 cuius
691 876 887 911 conscientia
907 877 965 909 suit
985 882 1135 917 onerata,
1155 886 1195 909 ne

454 932 523 966 sine
553 931 634 964 iusta
661 936 691 964 et
719 930 853 963 honesta
881 932 978 963 causa
1008 929 1194 962 huiusmodi

454 985 601 1019 licentias
623 984 847 1028 impertiatur3
871 983 926 1016 scd
944 983 969 1016 si
991 993 1081 1016 casus
1101 983 1194 1016 adve-

454 1038 539 1073 nerit
560 1038 602 1071 ita
619 1037 781 1082 praecisus
803 1043 837 1070 ut
855 1047 919 1070 non
937 1037 1037 1080 possit
1056 1037 1096 1070 de
1112 1036 1194 1069 sacili

455 1092 566 1126 haberi
597 1101 746 1124 recursus
766 1091 805 1124 ad
826 1089 1068 1134 provincialem,
1092 1088 1143 1123 et¹
1164 1090 1195 1122 in

456 1148 549 1180 mora
569 1151 650 1178 esset
672 1144 864 1188 periculum,
890 1149 966 1177 tunc
988 1143 1195 1176 commenda-

457 1205 508 1233 tor
529 1197 713 1232 monasterii
729 1198 767 1230 de
781 1196 916 1231 consilio
937 1196 1194 1230 consiliariorum

456 1252 617 1286 licentiam
633 1251 811 1284 concedere
824 1250 934 1294 possit,
951 1250 1196 1283 transmittendo

455 1304 645 1350 provinciali
670 1304 775 1337 statim
803 1303 928 1347 copiam
960 1303 1197 1336 informationis

459 1365 490 1393 et
510 1369 625 1392 causae
646 1364 780 1402 propter
800 1367 896 1401 quam
915 1357 973 1390 suit
993 1364 1100 1390 motus
1124 1369 1195 1390 cum

456 1413 600 1458 ipsorum
623 1411 883 1445 consiliariorum
914 1411 1047 1444 consilio
1067 1412 1105 1445 ad
1127 1422 1195 1445 cam

456 1466 695 1501 concedendam
708 1477 715 1506 ·,
733 1466 817 1499 circa
831 1476 905 1498 vero
922 1465 1067 1498 licentias
1081 1476 1198 1499 exeun-

458 1521 489 1555 di
504 1532 520 1554 e
536 1520 732 1554 monasterio
753 1520 793 1553 ad
812 1520 985 1560 civitatem,
998 1519 1198 1552 suitonerata

459 1574 655 1608 conscientia
672 1574 902 1617 praelatorum,
919 1584 959 1606 ne
973 1573 1011 1606 de
1026 1573 1110 1606 sacili
1128 1573 1198 1607 illas

460 1629 625 1667 concedat,
649 1628 702 1661 sed
724 1628 827 1661 solum
846 1638 882 1661 ex
902 1627 1107 1668 necessitate;

506 1684 522 1725 ἓ
543 1682 573 1716 9.
598 1682 690 1716 Sexto
712 1682 798 1725 quod
819 1682 925 1714 nullus
946 1683 1117 1725 praelatus,
1141 1683 1199 1715 sub

462 1738 566 1780 poena
590 1735 809 1779 suspensionis
839 1735 887 1768 sui
913 1735 1008 1768 officii
1038 1746 1096 1779 per
1121 1736 1200 1769 duos

461 1800 597 1829 menses,
611 1788 785 1832 permittat,
798 1793 833 1821 ut
846 1788 960 1832 aliquis
974 1788 1120 1829 fratrum,
1134 1794 1198 1822 tam

461 1842 719 1875 conventualium
734 1852 830 1885 quam
849 1852 912 1874 non
929 1842 1207 1883 conventualium,

461 1903 547 1929 extra
563 1895 794 1929 monasterium
814 1894 913 1938 possit
926 1895 957 1927 in
974 1895 1123 1928 domibus
1137 1906 1201 1928 sae-

461 1949 618 1982 cularium
639 1954 840 1992 pernoctare,
858 1948 952 1981 etiam
968 1949 1055 1992 quod
1073 1949 1140 1982 eius
1154 1959 1201 1982 cs-

461 2008 531 2036 scnt
548 2001 777 2044 consanguinei
803 2007 858 2034 aut
884 2007 1032 2045 parentes
1047 2028 1054 2040 ,
1078 2001 1137 2035 nisi
1162 2002 1200 2035 (le

462 2055 592 2088 licentia
621 2054 751 2098 speciali
777 2054 936 2096 generalis
961 2054 1124 2096 magistri,
1148 2061 1202 2088 aut

462 2108 573 2141 saltem
596 2107 819 2151 provincialis3
839 2112 971 2150 excepto
992 2117 1066 2140 casu
1085 2106 1116 2139 in
1137 2118 1201 2151 quo

462 2160 501 2193 ad
523 2160 668 2194 infirmos
688 2160 720 2193 in
739 2159 888 2193 extremis
906 2159 1087 2193 laborantes
1108 2170 1200 2194 voca-

462 2219 585 2253 rentur,
606 2218 637 2246 ct
659 2219 733 2246 tunc
754 2223 818 2246 non
841 2212 900 2246 nisi
922 2212 1070 2246 associati
1090 2223 1198 2246 rema-

463 2262 540 2301 nere
561 2268 603 2301 ibi
624 2267 758 2311 possint,
1075 2289 1099 2308 ,

508 2322 524 2364 ἓ
545 2320 594 2354 10.
618 2321 761 2364 Septimo
779 2320 865 2364 quod
883 2319 1034 2364 praelati,
1057 2320 1116 2353 sub
1130 2331 1203 2365 poe--

463 2376 503 2407 na
528 2373 747 2417 suspensionis
777 2383 908 2406 suorum
939 2373 1119 2406 officiorum
1146 2384 1203 2418 per

463 2438 514 2461 sex
538 2437 673 2466 menses,
697 2437 760 2460 non
781 2426 902 2470 possint
926 2436 986 2459 nec
1010 2427 1135 2459 valeant
1154 2437 1202 2460 re-

464 2481 571 2524 cipere
598 2481 738 2524 aliquem
765 2480 804 2513 ad
833 2480 977 2513 habitum
1007 2480 1199 2522 Religionis,

464 2535 524 2568 nisi
548 2534 665 2568 habeat
692 2533 862 2578 requisitas
882 2544 899 2567 a
920 2533 1202 2567 constitutionibus

503 2652 512 2679 1
533 2650 692 2679 particulam
703 2653 726 2680 et
737 2650 863 2679 addimus
872 2657 904 2678 ex
915 2649 979 2678 edit.
992 2649 1109 2678 Cherub.
1122 2649 1200 2685 (nm).

1034 241 1216 266 BULLARIUM
1236 242 1389 268 ROMANUM

1225 290 1393 335 qualitates
1418 296 1447 324 et
1469 290 1689 332 conditiones;
1708 301 1745 324 ac
1761 291 1820 325 sub
1841 291 1962 326 eisdem

1225 344 1338 388 poenis
1363 344 1421 377 suit
1436 348 1657 388 praeceptum,
1684 354 1725 378 ne
1749 345 1959 379 commenda-

1226 402 1311 431 tores
1323 397 1371 431 vel
1386 397 1580 431 novitiorum
1602 396 1745 439 magistri
1761 398 1961 442 permittant,

1226 451 1313 494 quod
1330 450 1446 494 aliquis
1459 449 1655 484 novitiorum
1669 456 1760 492 exeat
1776 461 1793 484 e
1809 451 1964 486 novitiatu

1227 503 1266 537 ad
1287 502 1526 536 inserviendum
1552 503 1811 537 commendatori
1831 504 1880 538 vel
1901 504 1961 537 ali-

1227 556 1276 590 cui
1298 556 1386 590 fratri
1401 567 1606 601 quacumque
1623 556 1777 600 dignitate
1791 561 1846 591 aut
1858 556 1965 592 officio

1227 611 1391 653 insignito;

1272 666 1287 706 ἓ
1315 664 1365 697 11.
1400 664 1516 698 Octavo
1552 664 1639 708 quod
1669 663 1803 706 novitii,
1831 663 1967 699 durante

1227 727 1311 750 anno
1325 717 1536 760 probationis,
1553 728 1617 751 non
1631 717 1755 762 possint
1767 717 1807 751 ad
1819 716 1967 752 scientias

1229 770 1426 811 incumbere,
1439 770 1494 804 sed
1514 771 1618 804 solum
1633 770 1776 804 ediscere
1795 781 1846 804 res
1863 780 1968 804 essen-

1229 823 1318 857 tiales
1340 834 1375 857 ac
1393 824 1647 857 coeremoniales
1667 823 1811 863 Ordinis;

1273 877 1359 919 512.
1384 878 1476 911 Nono
1507 878 1594 921 quod
1620 877 1734 911 novitii
1762 876 1902 911 habeant
1921 887 1969 911 se-

1229 935 1377 974 paratum
1404 930 1630 964 dormitorium
1656 930 1696 963 ab
1727 930 1782 964 illo
1806 930 1969 974 professo-

1231 995 1313 1025 rum,
1329 984 1385 1017 ubi
1405 984 1522 1027 singuli
1543 984 1686 1027 singulos
1703 984 1844 1018 habeant
1856 984 1966 1026 lectos3

1275 1039 1290 1080 ξ
1320 1037 1371 1071 13.
1403 1038 1532 1071 Decimo
1568 1038 1655 1082 quod
1688 1038 1970 1072 commendatores

1230 1101 1294 1124 non
1308 1091 1432 1135 possint
1448 1101 1609 1135 exponere
1629 1091 1771 1135 aliquem
1786 1091 1917 1125 fratrem
1931 1091 1971 1124 ad

1231 1144 1360 1178 ordines
1380 1144 1612 1188 suscipiendos,
1636 1144 1697 1178 nisi
1716 1144 1805 1189 prius
1821 1145 1882 1179 sibi
1896 1155 1973 1179 con-

1230 1198 1345 1232 stiterit
1363 1208 1420 1242 per
1436 1198 1570 1240 diligens
1582 1208 1726 1238 examen,
1746 1198 1834 1243 quod
1854 1198 1895 1232 sit
1910 1198 1970 1232 ha-

1232 1252 1304 1284 bilis
1331 1257 1361 1285 et
1392 1251 1528 1284 idoneus
1548 1251 1655 1295 quoad
1677 1261 1798 1293 mores,
1818 1252 1916 1285 vitam
1938 1257 1971 1287 et

1231 1304 1474 1345 sufficientiam,
1498 1305 1585 1348 quod
1606 1315 1740 1338 examen
1758 1306 1970 1340 commenda·

1233 1365 1281 1393 tor
1302 1369 1375 1392 cum
1393 1364 1467 1392 voto
1486 1359 1621 1392 fratrum
1642 1359 1904 1393 conventualium
1925 1360 1968 1394 sa-

1232 1423 1303 1446 cere
1322 1413 1451 1454 debeat,
1472 1423 1509 1446 ac
1530 1412 1747 1446 transmittere
1766 1413 1970 1457 provinciali,

1232 1465 1286 1510 qui
1301 1465 1507 1499 considerare
1521 1465 1637 1499 debeat
1651 1470 1782 1506 attente,
1802 1476 1843 1500 an
1860 1476 1973 1502 omnes

1232 1519 1401 1563 qualitates
1422 1518 1595 1562 requisitae
1617 1524 1822 1561 concurrant,
1846 1524 1877 1553 et
1897 1525 1974 1555 tunc

1233 1578 1262 1606 et
1279 1583 1344 1605 non
1365 1572 1458 1605 aliter
1477 1572 1639 1606 licentiam
1660 1573 1839 1607 concedere
1859 1573 1969 1617 possit,

1277 1627 1293 1668 ἕ
1308 1625 1359 1659 14.
1376 1625 1566 1666 Undecimo,
1581 1625 1606 1658 si
1620 1630 1727 1658 autem
1741 1625 1867 1670 aliquis,
1884 1626 1971 1670 quod

1234 1679 1314 1712 Deus
1334 1683 1473 1719 avertat,
1498 1678 1733 1721 sinelegitima
1752 1679 1972 1722 praelatorum

1235 1732 1361 1766 licentia
1389 1731 1518 1765 ordines
1547 1731 1710 1776 suscipere
1737 1733 1833 1766 fuerit
1856 1742 1970 1775 ausus,

1234 1785 1317 1818 ultra
1334 1795 1454 1829 poenas
1472 1795 1642 1826 canonum,
1660 1785 1685 1819 si
1706 1785 1778 1820 talis
1795 1786 1892 1820 srater
1911 1786 1975 1821 cle·

1235 1838 1319 1872 ricus
1340 1838 1456 1879 suerit,
1480 1838 1519 1871 ad
1541 1838 1689 1872 triremes
1712 1849 1771 1883 per
1798 1838 1974 1873 triennium

1235 1892 1486 1933 condemnetur3
1507 1892 1531 1926 si
1553 1902 1629 1926 vero
1650 1902 1833 1934 conversus,
1849 1903 1908 1937 per
1924 1903 1974 1927 se-

1235 1946 1406 1986 xennium3
1429 1945 1512 1979 hanc
1532 1951 1639 1979 autem
1659 1956 1797 1990 poenam
1816 1945 1976 1989 generalis

1236 1999 1397 2042 magister,
1417 1999 1630 2043 provinciales
1644 1999 1692 2033 vel
1706 2009 1817 2033 eorum
1836 1998 1976 2042 vicesge-

1236 2059 1340 2087 rentes
1355 2053 1561 2098 exequutioni
1574 2063 1640 2087 non
1654 2053 1898 2094 demandantes,
1912 2052 1975 2088 sint

1235 2107 1380 2151 suspensi
1398 2118 1416 2140 a
1436 2106 1552 2140 divinis
1569 2106 1600 2139 in
1618 2112 1757 2151 utroque
1775 2107 1856 2148 soro;

1279 2163 1295 2204 ξ
1317 2160 1369 2194 15.
1392 2160 1589 2194 Duodecimo
1610 2161 1697 2204 quod
1716 2160 1824 2194 nullus
1847 2161 1973 2204 praela-

1237 2220 1285 2248 tus
1309 2214 1409 2258 possit
1438 2214 1548 2247 abesse
1573 2224 1591 2247 a
1614 2216 1672 2248 sua
1701 2214 1892 2248 commenda
1915 2224 1975 2258 per
1988 2226 2071 2247 mendis
2098 2228 2120 2248 οι
2147 2225 2173 2247 a·

1235 2268 1365 2312 aliquod
1385 2268 1523 2311 spatium
1545 2267 1687 2300 notabile
1707 2267 1862 2311 temporis
1877 2294 1885 2308 ,
1913 2277 1974 2301 nisi

1236 2332 1271 2354 ex
1303 2320 1432 2365 speciali
1465 2319 1593 2353 licentia
1626 2319 1831 2364 provincialis
1847 2345 1852 2356 .
1884 2319 1975 2354 cuius

1236 2373 1433 2407 conscientia
1452 2373 1509 2406 suit
1530 2378 1663 2406 onerata
1683 2383 1724 2406 ne
1744 2372 1783 2405 de
1800 2371 1885 2405 sacili
1906 2372 1969 2406 hu·

1237 2427 1374 2460 iusmodi
1396 2427 1539 2460 licentias
1557 2426 1722 2466 concedat,
1743 2425 1803 2458 nisi
1825 2436 1861 2459 ex
1881 2427 1975 2460 causa

1237 2480 1362 2523 urgenti
1382 2486 1412 2514 et
1432 2479 1630 2520 necessitate,
1654 2484 1686 2512 et
1706 2484 1781 2512 tunc
1798 2489 1863 2512 non
1884 2489 1975 2513 exce-

1236 2534 1290 2567 dat
1304 2533 1474 2567 terminum
1489 2532 1626 2566 duorum
1641 2531 1798 2566 mensium
1811 2543 1818 2569 ;
1835 2541 1975 2577 quapro-

1237 2593 1306 2631 pter
1325 2586 1383 2620 fuit
1396 2585 1594 2620 declaratum
1612 2585 1699 2630 quod
1719 2585 1743 2618 si
1763 2584 1973 2619 commenda-

1237 2646 1287 2674 tor
1306 2641 1391 2674 ultra
1418 2639 1581 2683 sexaginta
1609 2638 1677 2673 dies
1708 2638 1845 2673 abfuerit
1871 2648 1890 2671 a
1917 2640 1976 2673 sua

1975 244 2026 273 An.
2045 243 2074 272 C.
2093 244 2160 274 {6⁰6

2164 36 2187 69 ro
2174 0 2195 31 ,Ἥ

2190 954 2204 997 i

1998 1049 2028 1073 Do
2039 1048 2168 1072 ordinandis.
2179 1077 2182 1080 Ι
2192 1036 2205 1082 ff

2187 1100 2204 1136 *a*
2202 1087 2206 1090 ,

2189 1586 2209 1649 »ιζ-ς’
2186 1513 2209 1579 51:⁴³
2190 1443 2209 1506 γῆς.
2184 1335 2209 1433 :ff-Ji*
2187 1164 2207 1323 *amam*
2193 1143 2204 1157 ι-

2003 1635 2089 1658 Poenae
2098 1636 2172 1657 contra

1986 1663 2041 1685 male
2056 1664 2171 1691 promotos.

2186 1839 2202 1871 u,
2188 1745 2207 1814 2.-'“
2183 1700 2205 1726 [vr.

2013 2172 2044 2194 ne
2058 2172 2175 2195 rosimu-
2196 2160 2202 2166 ’

1989 2198 2173 2222 saciondaincom·
2203 2204 2208 2206 “

1989 2253 2064 2279 poenis
2073 2258 2116 2274 non
2122 2252 2172 2274 resi·
2195 2275 2198 2278 ,

1990 2279 2090 2300 dentium.

2224 3115 2227 3131 l

2225 3137 2227 3152 l

2214 3153 2227 3241 mxx
