2227 3241
13 228 63 256 An.
80 227 108 254 C.
132 226 198 254 1604

41 396 159 418 Declaratto
170 395 195 416 de

15 430 56 452 qua
71 424 90 445 in
105 423 196 445 rubrica.

42 1255 158 1277 etaueutae.

44 1729 200 1756 Exequutorum

19 1756 143 1783 designatio.

826 223 974 249 CLEMENS
994 224 1052 249 v111
1072 225 1123 249 PF.

211 273 436 319 praetendant,
460 278 488 306 et
511 272 626 307 exinde
648 272 845 317 quandoque
872 281 951 306 con-

213 326 388 361 troversiae
407 326 535 360 occasio
553 326 687 360 oriatur:

256 382 273 423 ἕ
293 379 323 413 ⁶2.
344 380 407 414 Nos
427 379 504 413 huic
521 379 743 418 incommodo,
760 385 793 412 ut
811 389 870 423 par
890 384 947 419 est,

211 443 384 468 occurrere
409 432 594 478 cupientes,
624 443 660 466 ex
686 437 759 466 voto
785 432 952 466 venerabi-

211 487 289 520 lium
317 487 453 520 fratrum
478 491 664 520 nostrorum
690 486 720 520 S.
749 487 785 520 R.
813 486 846 519 E.
876 496 948 519 car-

211 539 368 574 dinalium
397 549 494 583 super
520 538 620 572 sacris
641 538 758 573 ritibus
780 544 811 572 et
835 549 948 572 coere-

211 593 330 627 moniis
354 593 602 637 deputatorum,
626 592 744 636 quibus
770 592 832 626 hoc
851 602 951 635 nego-

213 647 292 680 tium
313 646 561 681 examinandum
584 651 614 679 et
631 645 726 679 nobis
743 646 950 679 referendum

211 698 453 737 commisimus,
488 698 603 732 harum
634 698 716 733 serie
750 699 953 732 declaramus

211 752 298 797 ipsos
314 752 518 796 Apostolicae
532 752 622 786 Sedis
636 752 780 787 notarios
794 752 950 794 titulares,

211 811 243 840 et
266 816 332 840 non
357 806 397 840 de
422 806 571 850 collegio,
599 817 658 841 nee
685 817 822 841 numero
854 807 953 851 parti-

212 858 389 904 cipantium
408 860 664 904 praedictorum,
689 866 752 894 tam
779 860 811 893 in
833 860 950 894 sessio—

211 913 307 947 nibus
320 913 353 947 in
368 913 619 958 ecelesia,qua1u
636 914 667 947 in
682 914 955 958 processionibus,

212 966 333 1000 debere
358 967 474 1000 cedere
495 967 602 1000 locum
629 967 810 1010 digniorem
833 967 955 1001 officia-

212 1020 296 1054 libus
316 1020 459 1065 episcopi
478 1032 514 1054 ac
528 1021 699 1064 dignitates
719 1021 952 1063 obtinentibus,

213 1080 243 1108 et
263 1075 429 1109 canonicis
456 1075 665 1109 ecelesiarum
693 1076 952 1117 cathedralium,

212 1133 310 1172 prout
323 1128 355 1162 in
368 1129 452 1163 libro
470 1129 700 1164 coeremoniali
714 1130 954 1174 praedictorum

215 1183 411 1216 declaratur.

259 1237 274 1280 ξ,
298 1236 329 1270 3.
357 1237 486 1281 Sicque‚
517 1243 547 1271 et
575 1248 639 1272 non
661 1238 754 1272 aliter
773 1249 831 1283 per
852 1249 952 1283 quos-

215 1302 355 1335 cumque
380 1291 504 1325 iudices
525 1292 708 1326 ordinarios
727 1299 755 1325 et
776 1293 953 1336 delegatos,

215 1344 311 1378 etiam
338 1356 508 1379 causarum
530 1346 642 1379 Palatii
664 1347 843 1390 Apostolici
864 1348 974 1381 audi-¹

216 1404 312 1440 tores,
336 1410 373 1432 ac
390 1400 520 1433 eosdem
539 1400 569 1434 S.
591 1401 626 1433 R.
647 1400 679 1433 E.
704 1401 886 1435 cardinales
907 1402 955 1435 iu-

214 1452 317 1486 dicari
338 1460 369 1486 et
389 1452 518 1487 definiri
547 1453 678 1494 debere,
710 1463 746 1487 ac
775 1454 903 1488 irritum
926 1462 954 1489 et

215 1505 311 1540 inane
331 1506 492 1551 quidquid
519 1517 611 1541 secus
642 1508 805 1552 superbis
830 1519 847 1542 a
869 1520 952 1553 quo-

214 1570 332 1604 quam,
360 1560 473 1604 quavis
501 1561 712 1601 auctoritate,
744 1561 884 1596 scienter
909 1564 956 1597 vel

215 1613 419 1656 ignoranter,
446 1614 616 1658 contigerit
641 1616 810 1657 attentari,
839 1617 953 1650 decer-

216 1666 333 1701 nimus.

261 1720 277 1764 g
297 1720 327 1754 lt.
351 1721 510 1761 Quocirca
535 1721 661 1756 dilectis
686 1722 761 1756 tiliis
786 1733 976 1761 causarum,

218 1774 326 1808 euriae
344 1775 496 1809 Gamerae
514 1776 717 1820 Apostolicae
734 1777 877 1819 generali
903 1789 957 1812 au-
974 1790 976 1802 r

218 1828 328 1870 ditori,
341 1839 378 1862 ac
388 1829 543 1863 Toletano
557 1835 588 1863 et
600 1830 828 1865 Vallisoletano
840 1831 959 1865 officia-

219 1882 303 1915 libus
314 1893 373 1928 per
386 1889 571 1927 praesentes
581 1883 815 1917 committimus
828 1891 860 1918 et
873 1896 958 1919 man-
974 1910 975 1913 η

219 1936 343 1977 damus,
364 1942 524 1980 quatenus
544 1937 615 1982 ipsi,
636 1938 683 1971 vel
701 1938 782 1979 duo,
803 1944 858 1972 aut
875 1950 958 1973 unus

219 2000 333 2024 eorum
352 2002 411 2035 per
424 2002 467 2033 sc,
482 1992 530 2025 rel
548 1992 659 2033 alium,
676 2003 732 2026 seu
751 1993 841 2033 alios,
858 1994 912 2027 ubi
928 2000 957 2027 et
975 2023 976 2036 ,

219 2045 350 2088 quando
364 2055 445 2089 opus
466 2046 577 2086 suerit,
598 2052 628 2080 et
646 2046 772 2090 quoties
789 2057 848 2091 pro
868 2054 959 2092 parte
975 2076 976 2080 ,

219 2097 466 2139 canonicorum,
481 2099 674 2141 dignitatum
691 2106 722 2133 et
736 2100 872 2133 aliorum
887 2112 959 2144 pre-
975 2101 977 2141 ξ

219 2150 380 2185 dictorum
402 2152 521 2185 fuerint
533 2153 694 2196 requisiti,
709 2158 895 2197 praesentes
910 2154 959 2187 lit·
976 2156 977 2199 l

220 2204 317 2239 teras¹
339 2206 530 2239 solemniter
549 2207 764 2250 publicantes,
780 2208 909 2252 illisque
927 2208 958 2241 in
976 2202 977 2246 ἶ

218 2259 409 2303 praemissis·
423 2259 564 2293 efficacis
585 2260 779 2294 defensionis
797 2261 959 2305 praesidio
975 2249 977 2295 i

218 2312 412 2355 assistentes,
427 2313 546 2347 saciant
563 2314 754 2348 auctoritate
767 2317 876 2348 nostra
890 2315 959 2349 illos

219 2366 473 2411 praemissorum
509 2367 655 2401 omnium
693 2372 723 2401 et
757 2368 958 2411 singularum

1431 240 1454 265 Φ
1654 213 1694 248 79

985 272 1088 313 stari·‚
1124 272 1383 306 contradictores
1415 281 1640 316 quoscumque
1672 281 1730 315 per

986 335 1137 359 censuras
1152 331 1183 359 et
1196 337 1317 371 poenas
1336 325 1580 368 ecclesiasticas,
1601 325 1728 369 aliaque

986 385 1170 423 opportuna
1196 379 1274 413 iuris
1295 385 1326 413 et
1346 380 1417 413 sacti
1440 379 1594 420 remedia,
1618 380 1728 424 appel-

986 432 1105 466 latione
1118 433 1309 477 postposita,
1319 433 1566 478 compescendo,
1578 432 1727 466 invocato

986 485 1082 519 ctiam
1100 486 1142 519 ad
1162 486 1235 527 hoc,
1259 487 1283 520 si
1299 498 1380 531 opus
1394 486 1499 529 suerit,
1514 486 1634 521 auxilio
1654 486 1727 520 bra-

986 539 1050 574 chii
1074 540 1262 574 saecularis.

1033 594 1047 637 g
1068 592 1098 626 ἶ).
1127 593 1197 627 Non
1215 593 1417 628 obstantibus
1442 594 1727 628 constitutionibus

986 652 1017 680 et
1044 646 1305 680 ordinationibus
1334 648 1530 692 apostolicis,
1561 647 1728 692 quibusvis

986 699 1113 733 statutis
1138 705 1169 733 et
1190 701 1494 743 consuetudinibus,
1522 701 1617 735 etiam
1641 701 1727 734 iura-

988 758 1108 794 mento,
1123 753 1372 788 confirmatione
1384 755 1573 799 apostolica,
1590 756 1637 789 vel
1652 766 1730 800 qua-

988 806 1033 840 vis
1057 806 1211 840 firmitate
1241 807 1303 840 alia
1337 808 1518 849 roboratis,
1552 808 1731 852 privilegiis

988 870 1130 904 quoque,
1155 859 1288 894 indultis
1309 867 1337 893 et
1360 861 1475 895 litteris
1497 861 1681 906 apostolicis
1698 861 1730 894 in

988 912 1187 947 contrarium
1205 913 1458 957 praemissorum
1485 913 1732 958 quomodolibet

989 966 1160 1008 concessis,
1177 967 1376 1001 confirmatis
1394 973 1425 1001 et
1441 967 1638 1012 approbatis.
1656 967 1731 1006 Qui-

989 1020 1048 1054 bus
1066 1020 1218 1054 omnibus
1234 1026 1265 1054 et
1285 1021 1431 1064 singulis,
1461 1031 1574 1055 eorum
1603 1026 1731 1054 tenores

989 1075 1213 1119 praesentibus
1226 1085 1287 1120 pro
1301 1075 1458 1120 expressis
1476 1074 1645 1115 habentes,
1661 1086 1731 1119 spe-

989 1128 1116 1163 cialiter
1132 1135 1163 1163 et
1180 1140 1329 1173 expresse
1349 1129 1555 1172 derogamus,
1579 1128 1730 1162 caeteris-

989 1193 1051 1227 que
1073 1182 1245 1216 contrariis
1266 1183 1541 1227 quibuscumque.

1032 1237 1148 1270 Datum
1169 1237 1290 1271 Romae
1317 1237 1402 1281 apud
1421 1242 1567 1270 sanctum
1590 1236 1730 1269 Marcum

989 1291 1050 1324 sub
1081 1291 1202 1324 annulo
1232 1290 1405 1325 Piscatoris
1441 1290 1492 1324 die
1524 1300 1624 1323 xxviii
1655 1289 1731 1322 maii

990 1354 1097 1385 innam,
1118 1344 1329 1377 Pontificatus
1346 1344 1447 1378 nostri
1466 1354 1550 1377 anno
1571 1353 1640 1377 x111.

1026 1408 1085 1435 Dat.
1107 1407 1150 1435 die
1171 1407 1204 1435 28
1225 1407 1287 1434 maii
1310 1407 1387 1439 1604,
1409 1416 1452 1434 an.
1475 1407 1568 1443 pontif.
1590 1414 1649 1435 xiii*

1274 1613 1448 1648 CCCXLlll.

992 1722 1189 1756 Declaratur
1206 1732 1272 1754 non
1291 1722 1386 1754 (icere
1407 1721 1510 1757 Laicis,
1529 1721 1604 1754 (lum
1621 1722 1733 1755 [ἡνίκα

1036 1785 1144 1828 officia
1174 1785 1206 1817 tn
1237 1784 1367 1817 cet-tesia
1402 1784 1655 1827 Compostellumi
1688 1796 1734 1818 ‹tc-

1037 1848 1217 1886 lehi-antur,
1231 1849 1316 1880 inter
1329 1848 1495 1880 canonicos
1508 1852 1534 1880 et
1549 1848 1629 1880 alios
1640 1859 1735 1891 prae—

1036 1910 1189 1944 bendatos
1217 1920 1255 1942 ac
1293 1910 1460 1942 ministros·
1493 1910 1528 1941 in
1563 1910 1656 1942 choro
1687 1911 1734 1943 vet

1034 1974 1235 2017 presbyterio
1260 1977 1358 2013 stare,
1376 1983 1475 2016 neque
1493 1975 1735 2015 maqistratilms

1037 2042 1064 2071 nt
1098 2037 1254 2070 iudicibus
1291 2036 1386 2070 laicis
1422 2037 1619 2080 dtynitotum
1651 2038 1734 2071 sedes

1037 2100 1085 2133 rel
1109 2100 1339 2133 canonicorum
1361 2099 1459 2133 stalla
1482 2099 1664 2144 occupare&

1198 2217 1330 2245 Clemens
1352 2217 1430 2251 Papa
1450 2217 1530 2250 VIII,

1117 2270 1152 2297 ad
1168 2273 1344 2305 perpetuam
1364 2270 1409 2298 rei
1430 2270 1609 2298 memoriam.

1037 2368 1218 2403 Romanum
1241 2368 1333 2402 decet
1353 2368 1541 2401 Pontiticcm
1564 2368 1595 2401 in
1614 2368 1663 2401 bis
1681 2380 1735 2402 au-

219 2421 332 2455 effectu
353 2422 488 2466 pacifice
503 2422 563 2455 srui
578 2427 608 2455 et
625 2422 782 2465 gaudere3
806 2432 870 2455 non
888 2433 960 2466 per-
994 2422 1173 2456 ctoritatcm
1200 2433 1290 2455 suam
1321 2422 1547 2466 interponere,
1577 2433 1635 2466 per
1654 2434 1737 2466 quae

220 2474 384 2509 mittentes
397 2485 452 2508 eos
467 2475 825 2520 desuperaquoquam,
850 2476 961 2519 quavis
994 2487 1137 2519 congrua
1152 2482 1216 2509 tum
1237 2476 1549 2517 ecelesiasti‹·is,tum
1571 2476 1737 2510 laicalibus

220 2528 423 2569 auctoritate,
441 2528 686 2572 quomodolibet
708 2528 849 2562 indebite
864 2529 962 2563 mole·
995 2528 1140 2573 personis
1168 2529 1251 2562 loca*
1269 2528 1299 2561 in
1328 2529 1462 2562 ecclesia
1484 2529 1733 2566 constituantur.

220 2642 248 2678 (a
260 2609 360 2678 tTH)aec
378 2608 459 2636 verba
472 2612 632 2643 praesentes
647 2610 758 2638 litteras
778 2609 867 2637 omisit
882 2609 960 2637 tttain.

1034 2646 1041 2671 l
1067 2644 1103 2672 Ex
1124 2645 1233 2681 Regest.
1256 2645 1282 2672 iu
1303 2644 1405 2672 Set-ret.
1428 2644 1503 2673 llrev.

1741 222 1791 251 An.
1809 223 1836 250 C.
1863 225 1927 252 1601

1758 606 1871 631 llerogatio
1881 612 1928 628 con-

1744 635 1862 654 tremorum.

1778 2380 1919 2401 Prooemium·
