2227 3241
246 270 293 296 An.
311 268 339 296 c.
364 267 431 295 1606
477 256 541 291 0290

1023 262 1204 287 BULLARtUM

448 314 675 353 cardinalibus,
698 312 862 355 negotium
880 311 942 344 hoc
968 311 1006 344 ab
1024 311 1092 355 ipso
1113 310 1183 344 Cle-

449 374 553 401 mente
572 367 816 411 praedecessore
828 365 1057 398 demandatum
1069 364 1182 404 suerat,

447 420 564 454 auditis.
577 419 717 464 partium
733 418 911 461 agentibus,
924 417 1188 462 procuratoribus

449 480 479 507 et
503 471 676 512 advocatis,
706 476 735 504 et
760 470 952 504 nominatim
979 470 1095 504 dilecto
1121 470 1206 517 filio}

448 526 617 560 Francisco
635 526 674 558 de
695 525 840 564 Quesada
860 524 1016 557 canonico
1037 523 1189 557 ecclesiae

447 578 633 613 Gadicensis
646 578 668 611 Ι.
681 577 716 611 U.
727 578 775 618 D.,
785 577 823 610 ab
831 577 943 610 eodem
954 576 1100 620 Philippo
1115 586 1189 618 rege

448 631 508 664 hac
529 632 568 664 de
593 633 687 664 causa
704 630 743 663 ad
757 630 934 663 Romanam
952 628 1077 662 Curiam
1094 628 1190 661 desti-

447 690 535 724 nato,
559 684 679 728 quique
699 682 815 716 deinde
839 683 878 716 ad
896 681 1012 716 summi
1031 682 1190 726 apostola-

449 745 498 772 tus
516 738 640 782 apicem
672 735 827 780 assumpti
848 736 933 769 idem
962 735 1066 779 ipsum
1090 745 1189 777 nego-

449 792 535 825 cium
563 790 716 834 Pompeio
742 795 772 822 ct
796 789 990 833 Hieronymo
1004 788 1189 832 praedictis,

449 855 575 879 necnon
584 844 706 878 dilectis
719 843 814 876 etiam
825 842 899 876 filiis
910 842 1027 876 nostris
1035 841 1191 875 Flaminio

450 900 480 933 S.
497 899 613 932 Mariae
627 899 665 932 de
678 899 758 931 Pace
769 897 871 938 Plato,
889 903 918 930 et
930 896 1100 930 Laurentio
1120 906 1192 929 san-

451 953 493 986 cti
506 951 669 986 Laurentii
687 951 720 984 in
736 951 822 984 Pane
835 956 865 984 et
878 951 981 984 Perna
994 950 1192 992 Blanchetto,

451 1016 578 1040 necnon
599 1006 704 1039 bonae
730 1004 907 1038 memoriae
927 1003 1099 1037 Francisco
1119 1013 1192 1036 san-

453 1065 521 1092 ctae
539 1058 647 1092 Crucis
661 1058 692 1090 in
706 1057 904 1091 Hierusalem
926 1056 1034 1089 Avilae
1059 1062 1136 1089 tunc
1161 1056 1192 1088 in

452 1112 603 1145 humanis
621 1110 738 1153 agenti,
767 1115 798 1143 et
826 1109 964 1143 Antonio
990 1109 1090 1142 sancti
1111 1109 1194 1142 Mat-

454 1164 538 1198 thaei
556 1164 588 1197 in
607 1164 769 1197 Merulana
796 1162 892 1195 etiam
914 1162 1080 1194 titulorum
1095 1162 1193 1204 Zapa-

454 1224 504 1252 tae
529 1217 723 1261 nuncupatis
743 1215 938 1260 presbyteris
963 1214 1191 1254 cardinalibus,

454 1282 513 1316 per
531 1281 585 1305 eos
602 1271 774 1313 diligenter
787 1269 1037 1303 examinandum
1052 1273 1082 1301 et
1102 1267 1195 1300 nobis

457 1325 661 1358 referendum
682 1323 914 1363 commisimus,
939 1321 1047 1355 audita
1068 1331 1196 1354 eorum-

458 1380 530 1413 dem
552 1377 783 1417 cardinalium,
812 1376 866 1420 qui
895 1376 1060 1418 negotium
1091 1375 1194 1418 ipsum

458 1438 583 1466 mature
603 1442 640 1465 ac
661 1431 831 1473 diligenter
852 1429 1126 1469 examinaverunt,
1147 1438 1195 1461 re—

458 1486 588 1526 latione,
612 1484 803 1518 ulteriorum
828 1483 934 1516 litium
956 1490 986 1515 et
1012 1487 1197 1516 controver-

458 1541 577 1573 siarum
593 1539 755 1572 ansractus
769 1549 785 1571 e
798 1537 904 1571 medio
919 1537 1042 1577 tollere,
1055 1547 1091 1569 ac
1102 1535 1197 1569 statui

458 1599 488 1626 et
509 1591 744 1626 conservationi
770 1591 928 1624 dictarum
949 1588 1193 1633 parochialium,

458 1656 494 1679 ac
515 1645 595 1678 utin
614 1645 675 1678 illis
692 1653 849 1688 personae
871 1643 1006 1676 idoneae
1020 1642 1059 1675 ad
1079 1641 1197 1674 instru-

460 1699 599 1733 ctionem
622 1698 781 1732 dictorum
808 1696 933 1729 noviter
955 1704 1194 1735 conversorum,

460 1762 641 1795 eorumque
655 1750 836 1784 animarum
858 1759 968 1782 curam
988 1748 1197 1781 exercendam

460 1804 608 1849 deputari
629 1809 659 1836 et
673 1802 877 1836 manuteneri
891 1806 1048 1845 perpetuo
1065 1799 1198 1844 possint,

460 1863 642 1902 opportune
656 1856 852 1900 prospicere,
867 1855 1028 1898 simulque
1043 1853 1117 1887 dieti
1132 1852 1200 1885 Phi-

460 1912 538 1955 lippi
559 1912 642 1954 regis
655 1911 686 1944 id
707 1911 812 1955 ipsum
827 1910 916 1943 enixe
937 1907 1127 1953 postulantis
1147 1917 1200 1939 vo-

461 1967 500 2000 tis
521 1965 737 1999 favorabiliter
759 1973 901 1996 annuere
922 1963 1075 2002 volentes,
1097 1973 1132 1995 ac
1151 1972 1200 1995 re-

461 2025 566 2052 ctores
594 2018 753 2052 dictarum
779 2017 904 2050 noviter
934 2021 1113 2049 erectarum
1142 2025 1197 2048 eca

462 2074 631 2107 clesiarum
647 2100 654 2113 ,
689 2081 814 2104 necnon
851 2069 982 2114 capituli
1013 2068 1200 2102 huiusmodi

461 2127 641 2170 singulares
665 2135 819 2170 personas
849 2134 865 2156 a
887 2123 1050 2167 quibusvis
1075 2133 1203 2156 excom-

463 2179 702 2219 municationis,
723 2177 941 2222 suspensionis
968 2183 999 2210 et
1025 2176 1199 2217 interdicti,

464 2235 600 2279 aliisque
619 2232 841 2267 ecclesiasticis
861 2231 1038 2271 sententiis,
1060 2230 1203 2264 censuris

464 2294 495 2322 et
515 2287 638 2332 poenis,
670 2297 688 2319 a
709 2286 777 2318 iure
798 2285 845 2318 vel
867 2285 906 2318 ab
927 2284 1070 2324 homine,
1094 2283 1204 2328 quavis

464 2341 634 2376 occasione
656 2339 701 2372 vel
724 2341 817 2372 causa
834 2338 916 2379 latis,
940 2337 965 2370 si
986 2337 1102 2381 quibus
1123 2347 1203 2380 quo-

466 2394 825 2430 modolibetinnodatae
844 2393 991 2433 existunt,
1008 2392 1047 2425 ad
1057 2392 1202 2425 effectum

465 2448 684 2493 praesentium
715 2447 880 2480 dumtaxat
910 2445 1202 2488 consequendum,

467 2503 581 2535 harum
596 2501 678 2534 serie
695 2500 895 2533 absolventes
909 2504 939 2532 et
959 2499 1120 2532 absolutas
1139 2499 1206 2531 sore

469 2560 645 2601 censentes,
662 2564 697 2587 ac
715 2553 914 2595 singularum
928 2552 1073 2594 Gregorii
1095 2557 1125 2584 et
1139 2552 1206 2585 Cle-

470 2607 586 2640 mentis
603 2606 889 2651 praedecessorum
910 2605 1129 2650 praefatorum
1157 2604 1206 2637 lit-

471 2666 634 2702 terarum,
663 2670 788 2694 necnon
818 2664 908 2694 taxae
939 2669 975 2692 ac
1006 2658 1080 2692 libri
1111 2667 1207 2702 supra

1225 260 1378 286 ROMANUM

1220 308 1387 343 memorati
1413 307 1451 341 ab
1476 307 1545 351 ipso
1574 307 1693 340 Ioanne
1716 306 1900 350 patriarcha
1926 311 1957 340 et

1220 362 1462 406 archiepiscopo
1481 360 1627 400 consecti,
1651 365 1682 393 ct
1702 360 1957 404 acceptationum

1222 426 1277 449 seu
1306 414 1538 448 admissionum
1573 412 1677 446 dictae
1706 417 1795 445 taxae
1823 412 1861 444 ab
1890 412 1960 456 ipso

1222 467 1378 509 Gregorio
1399 467 1648 511 praedecessore
1677 464 1887 498 confirmatae
1903 474 1962 508 per

1224 520 1339 555 dictos¹
1361 519 1652 564 archiepiscopum,
1669 518 1845 563 capitulum
1861 524 1892 551 et
1910 527 1962 551 ea-

1224 574 1369 614 nonicos,
1387 584 1422 606 ac
1434 573 1513 606 alios
1526 573 1694 612 factarum,
1707 582 1831 605 necnon
1851 571 1964 604 instru-

1226 633 1420 666 mentorum,
1447 636 1503 659 seu
1532 625 1670 658 aliorum
1691 624 1961 658 documentorum

1226 682 1362 724 desuper
1382 679 1600 713 coniectorum
1620 684 1758 719 tenores,
1779 687 1965 711 causarum-

1226 745 1288 779 que
1308 744 1344 767 ac
1365 733 1467 767 litium
1487 732 1703 777 praefatarum
1724 737 1824 764 status
1843 736 1875 764 et
1898 741 1965 764 me-

1226 789 1304 829 rita,
1325 787 1521 831 nominaque
1547 792 1575 820 et
1603 785 1797 829 cognomina
1822 784 1964 818 iudicum

1227 849 1257 876 et
1277 841 1535 884 collitigantium‚
1560 850 1739 884 eorumque
1767 845 1799 873 et
1827 839 1964 873 aliorum

1227 905 1510 940 quorumcumque
1531 893 1814 934 contradictiones,
1837 892 1966 938 opposi-

1230 950 1341 989 tiones,
1362 953 1545 993 praetextus
1563 953 1593 981 et
1611 947 1691 988 iura,
1709 952 1899 991 caeteraque
1909 957 1966 980 ne-

1228 1003 1375 1043 cessaria,
1393 1002 1486 1035 etiam
1508 1001 1639 1045 speciali
1659 1002 1735 1034 nota
1749 1000 1856 1043 digna,
1872 1010 1967 1045 prae-

1227 1056 1381 1095 sentibus,
1392 1055 1525 1099 perinde
1535 1065 1571 1087 ac
1581 1054 1605 1087 si
1617 1054 1655 1087 de
1663 1053 1759 1087 verbo
1769 1053 1808 1086 ad
1822 1053 1968 1094 verbum,

1228 1109 1307 1142 nihil
1333 1108 1461 1152 penitus
1486 1107 1626 1146 omisso,
1650 1106 1882 1146 insererentur,
1908 1115 1968 1150 pro

1229 1162 1384 1207 expressis
1403 1168 1433 1195 et
1454 1161 1580 1194 insertis
1598 1160 1762 1201 habenteS,
1781 1159 1967 1193 huiusmodi

1229 1215 1518 1260 supplicationibus
1539 1214 1694 1254 inclinati,
1715 1224 1827 1247 causas
1853 1218 1884 1246 et
1909 1213 1968 1246 dif-

1230 1268 1380 1302 ferentias
1401 1278 1514 1301 omnes
1531 1273 1562 1300 et
1582 1266 1725 1310 singulas
1749 1266 1908 1310 praefatas
1932 1265 1966 1299 in

1230 1322 1348 1355 eisdem
1371 1332 1502 1365 prorsus
1523 1326 1605 1354 statu
1627 1326 1657 1353 et
1672 1319 1825 1360 terminis,
1849 1319 1881 1352 in
1899 1319 1969 1363 qui-·

1230 1375 1289 1408 bus
1309 1375 1348 1407 ad
1369 1384 1522 1418 praesens
1546 1373 1765 1417 reperiuntur,
1789 1383 1806 1405 a
1830 1372 1965 1416 quihus-

1231 1439 1369 1472 cumque
1391 1427 1552 1461 iudicibus
1569 1426 1742 1460 ordinariis
1756 1431 1787 1460 et
1804 1425 1968 1468 delegatis,

1230 1482 1324 1516 etiam
1346 1490 1515 1515 causarum
1541 1479 1655 1513 Palatii
1676 1478 1851 1523 Apostolici
1877 1478 1968 1512 audi-

1231 1535 1364 1575 toribus,
1381 1543 1489 1567 coram
1509 1533 1625 1577 quibus
1639 1532 1745 1565 forsan
1759 1532 1911 1576 pendent,
1928 1531 1967 1564 ad
1981 1511 2202 1581 iii‘sslisshiss'sffliitssff

1230 1599 1288 1622 nos
1301 1588 1416 1620 harum
1429 1586 1510 1619 serie
1528 1596 1710 1627 avocamus,
1727 1585 1876 1630 ipsasque
1886 1584 1969 1626 lites,
1982 1568 2033 1592 gun,
2169 1597 2202 1646 3„

1231 1651 1341 1675 causas
1358 1647 1386 1674 et
1402 1639 1597 1673 differentias
1618 1644 1647 1672 et
1668 1638 1902 1672 controversias
1915 1648 1970 1682 pe·
2171 1649 2182 1674 ς
2201 1638 2203 1642 ’

1231 1695 1317 1728 nitus
1337 1700 1367 1727 et
1387 1693 1519 1726 omnino
1537 1698 1696 1736 perpetuo
1710 1691 1927 1734 extinguimus
1940 1697 1970 1724 et
2171 1693 2184 1731 ξ

1232 1748 1446 1787 annullamus,
1470 1746 1680 1790 partibusque
1700 1744 1776 1789 ipsis
1796 1750 1827 1778 et
1847 1744 1973 1778 unicui-
2170 1734 2197 1791 §3

1233 1811 1294 1845 que
1313 1801 1453 1840 illarum,
1475 1799 1674 1842 caeterisque
1695 1798 1845 1832 omnibus
1862 1804 1894 1831 et
1910 1797 1974 1831 sin·
2167 1793 2181 1840 ’,ζ
2215 1830 2218 1834 Α

1232 1854 1315 1897 gulis
1341 1854 1493 1886 interesse
1514 1852 1762 1896 quomodolibet
1781 1850 1974 1884 habentibus
2173 1855 2179 1891 ἰ
2216 1877 2218 1885 .

1232 1908 1280 1941 vel
1301 1905 1598 1952 praetendentibus,
1618 1905 1739 1949 quique
1762 1905 1974 1949 imposterum

1233 1962 1353 1995 habere
1367 1961 1414 1994 vel
1434 1960 1647 2004 praetendere
1668 1959 1975 2003 quomodocumque

1234 2021 1408 2060 poterunt,
1439 2020 1633 2059 perpetuum
1665 2023 1762 2057 super
1792 2012 1975 2057 praemissis

1235 2069 1386 2103 omnibus
1397 2074 1425 2102 et
1438 2068 1572 2111 singulis
1585 2066 1748 2100 silentium
1762 2065 1971 2110 imponimus.

1235 2124 1405 2157 Praeterea
1423 2122 1528 2167 primo
1543 2127 1574 2155 et
1593 2121 1736 2155 secundo
1754 2120 1855 2153 dictas
1876 2119 1975 2164 ipsius

1235 2177 1381 2220 Gregorii
1394 2175 1652 2221 praedecessoris
1669 2175 1801 2215 litteras,
1811 2173 1973 2207 aclibrum

1237 2237 1406 2274 taxamque
1425 2235 1632 2269 memoratos,
1647 2239 1664 2261 a
1678 2227 1844 2272 praedicto
1861 2226 1976 2260 lohan—

1237 2295 1276 2318 ne
1296 2283 1479 2328 patriarcha
1500 2288 1530 2316 et
1543 2281 1785 2325 archiepiscopo
1803 2280 1975 2318 confectos,

1237 2349 1309 2371 cnm
1332 2337 1482 2371 omnibus
1503 2336 1534 2368 in
1560 2335 1605 2369 eis
1629 2333 1787 2367 contentis
1812 2338 1843 2366 et
1867 2332 1976 2376 dispo-

1237 2391 1315 2432 sitis,
1340 2400 1464 2423 necnon
1487 2398 1707 2433 quascumque
1728 2386 1975 2431 acceptationes,

1240 2450 1302 2478 tam
1318 2445 1357 2477 ab
1378 2443 1621 2487 archiepiscopo
1636 2448 1667 2475 et
1687 2441 1756 2474 aliis
1769 2440 1978 2485 quibuscum-

1239 2509 1301 2542 que
1327 2495 1549 2530 ecclesiasticis
1574 2501 1604 2527 et
1628 2494 1718 2527 laicis
1742 2493 1774 2526 in
1799 2493 1883 2526 dicta
1909 2494 1979 2526 taxa

1240 2549 1492 2595 comprehensis,
1516 2559 1611 2593 quam
1634 2559 1651 2581 a
1671 2547 1813 2591 capitulo
1834 2552 1864 2580 et
1883 2556 1979 2580 cano-

1275 2665 1291 2693 2
1311 2665 1382 2694 Edit.
1398 2664 1476 2693 Main.
1493 2664 1557 2700 legit
1567 2663 1733 2699 praedictos
1749 2663 1784 2699 (a.
1806 2662 1854 2697 τ.).

1974 258 2023 286 An.
2039 256 2068 285 C.
2090 249 2186 306 ¹60st
2200 274 2206 297 .'

2172 1424 2189 1475 i
2200 1458 2202 1478 ς

2022 1485 2079 1506 Lites
2098 1482 2193 1513 omnes?

2035 2121 2172 2148 Gregoriiqn·
2200 2130 2201 2134 ¹

1990 2150 2171 2170 litterasettaxam
2192 2155 2218 2170 ¹.

1990 2176 2016 2196 ab
2032 2175 2173 2200 archiepisc&
2214 2194 2225 2199 ,,

1990 2208 2017 2229 po
2032 2196 2173 2225 Valentinani
2214 2202 2221 2219 ι·

2004 2228 2157 2255 praescriptam
2166 2230 2170 2235 ⁴

1992 2255 2108 2279 confirmat,
2160 2264 2168 2269 -
