2227 3241
216 269 266 295 An.
285 268 312 296 c.
332 268 398 296 1609
444 260 509 293 604

258 634 396 656 ὓὶεηιοῑῃῠτα-

212 666 240 683 tiu
254 665 274 681 ut
290 662 398 682 translatio

213 689 332 709 tumtunm-ti

213 719 257 735 stac
275 716 361 735 t'twrant,

414 318 479 351 rius
510 316 651 351 officium
683 326 777 350 suum
807 316 968 360 pastorale
1000 326 1148 350 exercere

411 377 530 415 posset,
550 376 580 404 et
596 370 855 413 perturbationes
881 380 916 403 ac
940 370 1003 402 alia
1023 369 1147 403 incom-

412 424 528 464 moda,
565 434 647 466 quae
680 423 862 467 patiebatur
901 423 1035 457 vivendo
1066 423 1149 456 inter

410 482 536 518 gentem
557 476 688 510 diversis
705 476 858 518 ethnicis,
880 477 1006 510 assidue
1027 476 1146 509 bellum

413 529 493 562 inter
513 540 546 563 se
566 530 764 572 gerentibus,
785 530 973 571 subiectam,
997 530 1144 563 evitaret:

412 592 480 623 nos,
497 582 572 615 dicti
592 583 729 627 Philippi
755 583 837 626 regis
861 582 1149 627 supplicationibus

413 636 505 669 nobis
524 642 597 670 tunc
618 637 784 670 humiliter
807 637 963 682 porrectis
984 637 1145 678 inclinati,

412 699 470 732 per
494 690 571 723 alias
595 696 720 724 nostras
744 690 804 724 sub
829 691 963 735 plumbo
989 690 1149 735 expeditas

412 742 554 784 litteras,
583 743 703 777 dictum
726 750 865 778 castrum
886 744 1090 787 Cranganor,
1119 749 1149 777 et

412 795 545 830 dilectos
570 796 653 830 filios
678 796 763 830 illius
792 797 912 830 incolas
940 803 970 830 et
990 797 1149 831 habitato-

412 859 471 890 res,
492 860 551 883 nec
571 860 635 883 non
655 849 776 883 dictum
798 851 918 883 clerum
933 851 1144 894 etpopulum,

410 913 427 935 a
453 902 537 936 dicta
562 903 698 937 dioecesi
731 903 945 945 Coc-lunensi,
973 904 1148 948 apostolica

410 957 621 998 auctoritate,
658 963 815 1001 perpetuo
848 957 1148 991 dismembravimus

411 1015 441 1043 et
465 1010 701 1055 separavimus;
725 1021 761 1044 ac
781 1011 821 1044 ad
846 1011 924 1044 illud
950 1011 994 1045 sic
1019 1021 1148 1056 separa-

411 1069 476 1096 tum
502 1068 532 1098 et
557 1064 822 1098 dismembratum
838 1092 845 1106 ‚
870 1064 1018 1109 illiusque
1039 1066 1144 1098 eccle-

409 1116 500 1157 siam,
522 1117 630 1150 sedem
650 1117 863 1162 episcopalem
879 1119 1145 1161 Angamalensem

408 1180 480 1203 cum
499 1170 623 1204 dilectis
644 1170 716 1205 filiis
746 1172 885 1215 capitulo
906 1172 1059 1206 ecclesiae
1082 1175 1146 1206 An-

409 1223 600 1266 gamalensis
632 1235 669 1257 ac
700 1225 850 1258 omnibus
881 1232 912 1259 et
936 1225 1069 1268 singulis
1094 1237 1146 1259 eo-

408 1287 478 1309 rum
506 1276 638 1317 iuribus,
666 1278 834 1319 fructibus,
859 1279 962 1320 bonis,
987 1279 1142 1323 reliquiis,

409 1335 438 1362 et
457 1330 656 1364 ornamentis
676 1341 712 1364 ae
732 1332 930 1375 paramentis
955 1333 1146 1366 ecclesiasti-

408 1382 463 1423 cis,
486 1384 640 1427 sacraque
664 1384 888 1428 suppellectili,
913 1390 943 1418 ct
964 1385 1034 1419 aliis
1053 1386 1093 1419 ad
1114 1386 1143 1419 id

407 1436 654 1479 pertinentibus,
675 1443 703 1471 et
725 1437 757 1470 in
775 1438 939 1482 quibusvis
957 1439 1052 1473 rebus
1070 1451 1144 1473 con-

407 1487 602 1531 sistentibus,
620 1490 714 1523 etiam
733 1497 890 1535 perpetuo
911 1493 1143 1533 transtulimus3

407 1541 574 1587 ipsamque
595 1544 760 1578 ecelesiam
780 1545 854 1579 dicti
869 1546 974 1587 castri,
992 1557 1063 1580 cum
1081 1546 1144 1580 suis

406 1595 524 1636 rebus,
555 1596 660 1638 bonis,
687 1603 717 1630 et
740 1598 952 1642 pertinentiis,
981 1599 1012 1632 in
1037 1600 1142 1633 locum

407 1647 511 1682 dictae
552 1650 704 1694 ecclesiae
743 1652 985 1694 Angamalensis
1021 1653 1142 1695 (etiam

407 1703 514 1745 quoad
539 1703 716 1747 privilegia,
744 1706 992 1749 praerogativas,
1021 1706 1141 1740 immu-

406 1756 530 1799 nitates,
552 1758 780 1802 exemptiones,
800 1759 1020 1801 antelationes,
1040 1759 1142 1793 indul·

406 1809 549 1850 gennas,
577 1810 722 1852 indulta,
747 1811 870 1845 favores
896 1818 923 1845 et
950 1812 1068 1854 gratias
1099 1813 1143 1845 illi

406 1868 468 1895 tam
505 1863 669 1906 praedicta
704 1864 879 1908 apostoliea
922 1876 1018 1909 quam
1057 1866 1145 1909 regia

406 1917 651 1951 auctoritatibus
676 1928 837 1960 concessa,
865 1929 924 1952 nec
948 1929 1012 1952 non
1038 1920 1144 1964 quoad

407 1971 541 2011 fructus,
561 1971 676 2014 legata,
694 1971 894 2013 donationes,
915 1972 1043 2017 aliaque
1060 1973 1144 2007 bona

407 2024 539 2057 mobilia
564 2029 595 2057 et
619 2024 820 2066 immobilia,
851 2026 1085 2069 obligationeS,
1115 2033 1145 2060 et

407 2088 506 2111 onera
529 2078 690 2121 universa)
708 2078 857 2112 similiter
881 2084 1038 2123 perpetuo
1063 2079 1141 2113 sub-

406 2131 567 2164 stituimus
581 2137 609 2164 et
622 2131 870 2174 surrogavimus.
894 2132 1061 2166 Praeterea
1079 2133 1145 2176 epi-

406 2195 503 2229 seopo
530 2186 756 2228 Angamalensi
785 2192 814 2219 et
845 2186 984 2230 capitulo
1015 2186 1144 2230 praedi-

407 2238 485 2279 ctis,
518 2244 554 2272 ut
585 2241 649 2273 una
682 2250 753 2273 cum
786 2239 934 2273 omnibus
955 2246 985 2273 et
1012 2240 1144 2283 singulis

407 2292 510 2326 (lictae
536 2292 688 2326 ecclesiae
720 2293 962 2336 Angamalensis
987 2293 1144 2327 fructibus

406 2350 437 2378 et
461 2345 572 2387 bonis,
596 2356 633 2379 ae
650 2347 736 2379 saera
765 2346 994 2390 communique
1014 2347 1144 2391 suppel-

406 2398 515 2439 lectili,
543 2398 678 2443 aliisque
702 2399 891 2443 praedictis,
915 2400 954 2432 ad
975 2400 1142 2433 ecclesiam

406 2451 482 2484 dieti
504 2451 602 2486 Casti-i
622 2453 757 2486 transire
777 2457 807 2486 et
826 2453 1039 2497 personaliter
1059 2454 1142 2498 apud

407 2514 476 2538 eam
501 2505 664 2546 residere,
688 2517 724 2539 ac
752 2506 831 2539 inibi
866 2507 994 2540 missam
1029 2513 1059 2541 et
1083 2508 1145 2540 alia

407 2557 513 2591 divina
526 2558 640 2600 officia,
654 2559 769 2592 diurna
788 2565 818 2592 et
835 2565 1001 2602 nocturna,
1019 2561 1144 2605 aliaque

407 2611 526 2653 omnia,
544 2622 626 2655 quae
652 2612 711 2656 ipsi
730 2612 761 2645 in
783 2613 867 2646 dicta
884 2613 1018 2647 ecclesia
1038 2615 1143 2656 Auga-

407 2663 539 2697 malcnsi
566 2664 769 2699 celebrabant
797 2670 826 2698 et
852 2664 1032 2707 faciebant,
1062 2666 1144 2700 cele-

985 267 1168 292 BULLARIUM
1191 267 1344 292 ROMANUM
1528 265 1529 271 ¹
1933 268 1985 295 An.
1999 268 2029 296 C.
2048 268 2115 297 1609

1181 316 1276 349 brare
1302 321 1333 349 et
1356 315 1479 355 sacere;
1518 326 1554 349 ac
1587 326 1810 361 quaecumque
1833 317 1918 350 bona

1182 369 1286 404 dictae
1310 369 1462 403 ecclesiae
1483 369 1741 412 Angamalensis,
1770 369 1918 414 illiusque

1183 433 1310 456 mensae
1331 422 1520 467 episcopalis
1539 422 1778 466 eteapitularis,
1800 423 1851 456 ac¹
1870 423 1918 456 di-

1182 477 1336 519 gnitatum
1353 503 1358 519 ,
1383 481 1612 520 personatuum
1628 504 1636 518 ,
1663 476 1916 510 administratio-

1182 540 1270 570 num,
1294 529 1493 571 officiorum,
1517 529 1761 563 canonicatuum
1780 534 1811 563 et
1828 540 1920 574 prae-

1182 583 1374 624 bendarum,
1395 588 1661 627 caeterorumque
1686 583 1919 617 beneficiorum

1183 636 1471 670 ecclesiasticorum
1486 664 1493 677 ,
1517 641 1552 670 ut
1568 636 1657 681 prius
1682 637 1917 679 administrare,

1183 690 1300 734 illaque
1325 690 1490 731 obtinere,
1510 698 1645 724 necnon·
1661 690 1728 735 ipse
1753 691 1921 736 episcopus

1182 743 1441 786 Angamalensis‚
1471 749 1533 776 tam
1563 753 1646 788 quae
1662 744 1795 787 ordinis,
1823 755 1920 789 quam

1183 807 1264 840 quae
1297 796 1526 830 iurisdictionis
1550 803 1644 839 sunt,
1679 808 1716 831 ae
1740 809 1833 832 suum
1858 809 1918 842 pa-

1182 850 1300 883 storale
1332 850 1474 883 officium
1511 850 1588 883 inihi
1618 861 1766 885 exercere
1802 851 1920 886 eisdem

1182 914 1314 946 prorsus
1350 905 1447 938 modo
1472 911 1502 938 et
1527 905 1651 946 forma,
1692 906 1810 949 quibus
1835 906 1921 950 apud

1183 957 1328 990 eamdem
1356 958 1522 991 ecclesiam
1550 959 1814 1001 Angamalensem
1841 969 1922 1003 per-

1182 1010 1335 1044 sonaliter
1352 1011 1523 1045 residendo
1541 1012 1708 1046 exercebat
1725 1018 1754 1045 et
1775 1023 1921 1047 exercere

1182 1069 1324 1107 poterat,
1348 1064 1372 1097 si
1399 1064 1477 1097 inibi
1496 1075 1569 1098 vere
1591 1071 1620 1098 et
1639 1065 1853 1109 personaliter
1872 1077 1921 1100 re-

1181 1116 1318 1158 siderei,
1339 1118 1492 1162 quodque
1513 1119 1647 1152 ecclesia
1669 1119 1742 1152 dicti
1764 1119 1857 1152 castri
1885 1130 1921 1153 ac

1181 1170 1350 1215 episcopus
1386 1171 1631 1214 Angamalensis
1672 1178 1700 1205 et
1745 1172 1919 1216 capitulum

1181 1223 1367 1257 huiusmodi
1392 1224 1454 1257 illis
1480 1224 1630 1258 omnibus
1651 1230 1681 1259 et
1699 1225 1832 1268 singulis
1856 1225 1921 1270 pri-

1181 1276 1301 1320 vilegiis
1316 1304 1323 1317 ,
1351 1277 1603 1321 praerogativis,
1639 1278 1917 1322 exemptionibus,

1181 1330 1341 1364 favoribus
1366 1337 1396 1364 et
1421 1331 1543 1374 gratiis,
1567 1331 1683 1375 quibus
1704 1332 1838 1365 ecclesia
1855 1333 1921 1366 An-

1180 1383 1370 1425 gamalensis
1401 1394 1437 1417 ac
1472 1384 1646 1428 capitulum
1676 1384 1860 1419 huiusmodi
1890 1390 1921 1419 et

1180 1437 1313 1470 ecclesia
1333 1437 1408 1470 dieti
1427 1437 1521 1470 castri
1553 1438 1591 1471 de
1612 1437 1691 1479 iure,
1719 1449 1779 1472 usu
1800 1444 1830 1472 et
1850 1449 1922 1472 eon-

1179 1490 1356 1532 suetudine,
1374 1501 1410 1524 ac
1424 1491 1500 1524 alias
1514 1491 1771 1535 quomodolibet,
1791 1492 1922 1526 uteban-

1181 1549 1245 1584 tur,
1271 1544 1460 1578 fruebantur
1479 1550 1510 1578 et
1530 1545 1731 1587 gaudebant,
1750 1546 1812 1587 uti,
1841 1546 1915 1587 frui,

1178 1596 1276 1640 potiri
1298 1603 1328 1630 et
1352 1598 1493 1639 gaudere
1517 1598 1736 1642 pariformiter
1761 1603 1792 1632 et
1817 1610 1918 1644 aeque

1179 1650 1399 1694 principaliter
1430 1651 1530 1684 libere
1554 1657 1585 1684 et
1608 1651 1693 1685 licite
1718 1658 1858 1696 possent,
1885 1653 1918 1686 in

1180 1704 1331 1737 omnibus
1357 1710 1385 1737 et
1418 1715 1477 1748 per
1507 1704 1633 1745 omnia,
1668 1705 1803 1749 perinde
1830 1717 1866 1740 ac
1893 1706 1919 1739 si

1180 1758 1265 1801 apud
1302 1757 1419 1791 dictam
1455 1758 1621 1792 ecclesiam
1652 1759 1919 1801 Angamalensem

1179 1820 1253 1844 vere
1278 1817 1309 1844 et
1330 1811 1545 1855 personaliter
1568 1811 1764 1853 residerent,
1786 1812 1919 1846 indulsi-

1181 1875 1263 1905 mus,
1282 1871 1378 1908 prout
1399 1864 1429 1897 in
1451 1865 1544 1898 dietis
1564 1865 1677 1899 litteris
1696 1866 1822 1909 plenius
1842 1877 1918 1900 con-

1181 1917 1332 1951 tinetur?

1225 1973 1241 2013 g
1259 1971 1289 2004 ΕΞ.
1310 1971 1385 2005 Cum
1408 1977 1527 2012 autem,
1548 1972 1630 2005 sicut
1649 1982 1713 2006 non
1734 1973 1801 2006 sine
1818 1973 1916 2007 animi

1179 2025 1278 2059 nostri
1311 2036 1460 2059 moerore
1488 2026 1691 2070 accepimus,
1725 2027 1936 2061 venerabilis.
1971 2030 2116 2052 Orfi³¹³¹³¹⁰¹¹

1180 2079 1278 2112 frater
1299 2079 1467 2123 episcopus
1487 2079 1690 2113 Cocliinensis
1710 2059 2117 2114 dismembra.ii'1i}2m2¹ii⁸11⁶s‘³0¹ixi'¹.

1930 2113 1952 2132 et
1965 2109 2117 2132 cochinensem

1179 2131 1298 2165 tionem
1333 2138 1363 2165 et
1395 2132 1636 2166 translationem
1666 2133 1792 2177 aliaque
1815 2143 1912 2178 prae-
1931 2136 2089 2161 εοῡῑῐονῡῐόϋῦ-

1179 2186 1274 2219 missa
1305 2186 1344 2219 de
1375 2186 1457 2220 sacto
1489 2186 1645 2231 impedire
1677 2187 1862 2230 tentaverit,
1887 2193 1918 2221 et

1180 2239 1262 2272 inter
1279 2239 1396 2283 ipsum,
1418 2250 1473 2273 seu
1492 2239 1560 2273 eius
1578 2239 1761 2282 officialem,
1778 2250 1814 2274 ac
1830 2250 1919 2284 prae-

1180 2292 1301 2326 dictum
1321 2293 1509 2336 episcopum
1526 2293 1793 2336 Angamalensem
1813 2293 1933 2327 variae*

1180 2346 1418 2379 controversiae
1440 2351 1579 2388 exortae,
1603 2357 1650 2387 ac,
1674 2347 1761 2390 quod
1778 2346 1919 2380 deterius

1180 2405 1236 2439 est,
1271 2398 1346 2432 binc
1371 2399 1446 2432 inde
1478 2410 1632 2433 censurae
1660 2399 1892 2433 ecclesiasticae
1909 2426 1916 2439 ,

1178 2462 1241 2485 non
1260 2451 1329 2485 sine
1349 2452 1604 2486 christifidelium
1631 2463 1668 2486 ac
1692 2452 1786 2486 etiam
1813 2452 1918 2486 ethni-

1215 2542 1225 2567 1
1249 2540 1341 2576 Inepte
1357 2541 1423 2568 edit.
1438 2540 1518 2568 Main.
1536 2541 1601 2576 legit
1616 2541 1654 2568 ad
1669 2543 1706 2575 (R.
1722 2540 1772 2575 Τ.).

1213 2585 1229 2612 2
1257 2584 1294 2612 De
1321 2584 1435 2612 ecelesia
1466 2585 1654 2620 Angamalensi
1685 2584 1745 2612 vide
1775 2592 1857 2620 supra
1883 2584 1917 2612 ad

1177 2637 1238 2665 pag.
1259 2628 1310 2657 558
1329 2629 1409 2656 huius
1418 2628 1570 2663 voluminis;
1588 2629 1633 2657 sed
1654 2628 1808 2656 constitutio
1823 2627 1866 2656 htc
1882 2628 1918 2658 ci—

1178 2678 1232 2702 tata
1251 2682 1303 2702 non
1324 2674 1424 2710 legitur
1443 2676 1482 2710 (n.
1499 2673 1548 2708 τ.).
