2227 3241
266 268 313 293 An.
331 268 359 293 (2.
385 267 450 293 t608
496 259 559 291 >488
1035 269 1219 293 numantini

699 317 809 343 Paulus
831 317 908 350 Papa
931 317 959 348 V,

585 362 619 387 ad
641 365 816 395 perpetuam
837 361 879 388 rei
900 362 1079 388 memoriam.

507 422 670 464 tlollapsae
693 422 847 463 regularis
868 422 1054 465 disciplinae
1073 423 1199 456 restitu-

465 473 540 505 tioni
564 483 621 516 pro
652 474 820 516 pastoralis
850 475 947 507 ol'ticii
974 476 1071 508 nostri
1094 476 1220 508 debitor

462 526 587 558 assidue
616 526 832 568 invigilantes„
857 538 985 560 omnem
1012 529 1201 562 adhibemus

463 588 593 621 operam
609 606 616 619 ,
641 585 674 612 ut
701 580 858 622 Religioni
880 580 1061 624 primaevus
1087 582 1201 615 saneti-

464 632 535 664 tatis
560 632 640 665 ordo
667 632 862 666 restituatur.

509 686 524 726 ξ
547 685 575 717 ’1.
604 686 680 718 Cum
704 686 811 729 itaque
830 687 924 725 <sieut
942 688 1137 731 accepimus)
1159 688 1220 721 di-·

328 758 339 771 ι.
357 759 367 771 .,
412 752 446 770 -.-;.
464 738 562 770 lectus
584 738 668 770 tilius
682 739 848 783 Dionysius
863 740 901 772 de
915 740 1046 783 Neapoli
1063 740 1093 772 in
1111 743 1200 773 sacra

357 784 387 797 ¹¹³
422 785 447 823 is«
466 790 624 832 theologia
644 791 795 833 magister
821 798 850 825 et
874 793 1019 825 nonnulli
1039 793 1106 825 eius
1124 793 1200 826 socii

386 837 447 850 “¹¹¹¹‘’
463 842 592 876 Ordinis
612 844 712 877 saneti
731 845 899 886 Augustini
921 846 1052 878 fratrum
1075 845 1177 878 Eremi
1190 865 1197 869 -

264 890 311 904 ’Μ
327 887 407 904 ‘⁵¹''‘¹'¹''
466 901 568 928 tarum
585 906 731 940 expresse
746 897 879 941 professi
894 898 1155 931 reformationem
1172 903 1202 931 et

464 949 699 982 observantiam
717 951 909 992 regularem,
920 952 958 984 ad
970 951 1201 995 praescriptum

465 1002 595 1043 regulae
625 1002 707 1035 beati
737 1004 906 1045 Augustini
936 1010 965 1037 et
996 1005 1200 1037 decretorum

463 1054 562 1088 felicis
582 1056 814 1089 recordationis
827 1057 996 1090 Clementis
1017 1058 1120 1101 Papae
1138 1058 1201 1090 Vlll

466 1109 722 1151 praedecessoris
743 1110 841 1143 nostri
859 1121 955 1154 super
974 1112 1203 1145 reformatione

464 1160 540 1193 dicti
555 1160 681 1194 Ordinis
696 1162 908 1195 lireiuitarum
923 1164 1202 1207 sanctiAugustini

465 1217 680 1257 editorum,in
696 1217 821 1251 Siciliae
842 1229 976 1261 regnum
999 1218 1202 1253 introducere

465 1272 640 1312 intendant,

509 1328 525 1367 g
551 1325 580 1358 9..
610 1327 643 1359 Et
665 1328 821 1368 nos‚dicti
841 1329 968 1362 Ordinis
988 1330 1100 1371 decus,
1125 1331 1203 1364 inte-

465 1380 633 1421 gritatem,
650 1381 765 1424 suique
786 1382 910 1425 pristini
933 1383 1080 1416 candoris
1105 1384 1203 1417 resti-

468 1433 623 1466 tutionem
656 1434 783 1468 sincero
815 1436 1032 1470 desiderantes
1063 1437 1199 1477 effectu,

467 1486 615 1531 Dionysio
644 1494 673 1521 et
702 1488 770 1521 aliis
797 1489 945 1522 fratribus
971 1491 1029 1523 sub
1050 1491 1203 1524 reforma-

468 1540 552 1574 tione
573 1546 602 1574 et
623 1541 822 1575 observantia
844 1542 1016 1585 praedictis
1038 1543 1131 1576 vitani
1154 1554 1204 1577 ae-

469 1594 546 1626 turis
564 1595 731 1627 eeclesiam
750 1602 877 1628 sanctae
891 1596 1019 1636 Mariae,
1037 1597 1076 1630 de
1089 1597 1203 1630 Catena

468 1652 696 1690 nuncupatam,
732 1648 992 1681 Panormitanani
1009 1676 1016 1689 ,
1048 1660 1130 1693 quae
1148 1652 1202 1693 (ut

468 1700 671 1743 accepimus)
693 1711 750 1744 per
770 1700 988 1742 beneficiatos
1004 1703 1042 1735 ad
1058 1703 1204 1736 nomina-

468 1755 586 1786 tionem
618 1754 857 1788 communitatis
887 1760 917 1788 et
942 1755 1108 1789 hominum
1131 1757 1205 1790 civi-

469 1807 539 1840 tatis
553 1807 800 1841 Panormitanae
818 1808 963 1852 quolibet
984 1819 1068 1842 anno
1086 1811 1203 1843 mutari

467 1860 588 1901 solitos,
605 1861 670 1903 regi
689 1861 862 1903 eon—suevit,
879 1872 950 1895 cum
970 1862 1055 1896 illius
1071 1863 1204 1897 aedibus

468 1914 701 1953 rectoraliluis,
733 1925 768 1947 ac
796 1915 920 1948 iuribus
949 1922 979 1948 et
1003 1916 1205 1959 pertinentiis

466 1967 531 2000 suis
557 1968 732 2008 universis,
756 1969 794 2002 ad
816 1968 963 2001 effectum
990 1970 1085 2003 aedes
1109 1981 1204 2014 prae-

466 2020 566 2053 dictas
593 2021 632 2053 ad
659 2021 795 2054 ferinam
821 2022 937 2055 domus
962 2023 1117 2065 regularis
1142 2024 1204 2057 Ob-

465 2074 660 2106 servantium
696 2075 908 2108 Eremitarum
940 2075 1068 2109 Ordinis
1104 2077 1203 2110 sancti

464 2126 630 2168 Augustini
655 2129 889 2171 nuneupandae
915 2129 1087 2162 reducendi
1106 2130 1207 2173 (acee—

466 2180 560 2213 dente
581 2185 687 2213 tamen
710 2190 867 2213 consensu
887 2181 1047 2215 Ordinarii
1076 2189 1107 2216 et
1130 2194 1206 2227 quo-

466 2243 680 2276 rumcumque
700 2233 851 2266 interesse
873 2234 1074 2279 habentium)
1092 2246 1205 2280 perpe-

467 2293 520 2319 tuo
541 2287 758 2321 concedimus.
968 2324 971 2326 ,

510 2344 526 2383 g
547 2340 577 2374 3.
602 2342 645 2374 Ae
665 2341 814 2386 Dionysio
846 2347 874 2374 et
904 2342 1053 2376 fratribus
1078 2343 1205 2387 praedi-

466 2395 538 2435 ctis,
562 2400 606 2435 ut,
629 2395 715 2428 iuxta
728 2395 887 2437 regularia
913 2395 1057 2428 instituta
1077 2396 1205 2430 Ordinis

466 2447 663 2486 huiusmodi,
691 2447 827 2480 novitios
853 2448 973 2492 absque
999 2448 1127 2481 licenti-22
1148 2449 1205 2483 Or-

467 2501 666 2534 dinariorum
693 2502 731 2534 ad
762 2501 889 2534 habitus
915 2502 1152 2545 susceptionem
1175 2508 1203 2536 et

468 2554 674 2596 professionis
695 2554 912 2595 emissionem,
933 2555 1063 2588 servatis
1082 2555 1112 2588 in
1131 2556 1204 2589 reli-

467 2607 538 2650 quis
563 2607 697 2640 decretis
723 2608 798 2641 dieti
823 2607 993 2641 Clementis
1014 2609 1202 2652 praedeces-

468 2660 548 2693 soris
573 2660 710 2704 desuper
735 2661 844 2702 editis,
872 2661 1051 2698 admittere.

293 1387 369 1407 Pania<
387 1387 402 1406 Υ
419 1388 447 1407 cis

266 1414 362 1434 concedit
373 1414 448 1433 vanni>

267 1447 294 1460 ini
338 1441 450 1460 ecclesiam

266 1468 340 1487 sancto
369 1466 450 1487 Mariae

266 1493 293 1514 tto
308 1494 394 1514 ‹asten-i.

294 2394 376 2421 Datque
388 2395 450 2416 sacul-

268 2422 330 2441 tatem
360 2422 449 2442 novitios

267 2448 396 2469 admittendi.

1244 269 1396 293 Romanum

1278 317 1339 357 §la
1362 318 1397 350 Et
1427 317 1455 349 in
1478 318 1641 361 quibusvis
1663 319 1767 360 regnis
1795 325 1825 352 et
1845 320 1968 362 provin-

1235 370 1290 401 ciis
1315 370 1463 403 ecclesias
1491 377 1521 403 et
1554 371 1647 403 aedes
1680 381 1899 416 quascumque
1925 373 1968 405 eis

1236 422 1358 454 oblatas
1378 423 1417 455 de
1437 422 1563 456 licentia
1585 423 1826 456 Ordinariorum
1850 435 1908 468 pro
1930 427 1969 457 t'a-

1236 475 1397 509 bricandis
1423 476 1511 509 noris
1537 477 1685 510 domibus
1698 478 1967 517 Reformatorum,

1238 528 1319 561 iuxta
1335 530 1468 561 sormam
1484 529 1629 562 similiter
1648 529 1881 562 constitutionis
1895 531 1969 564 dit-ti

1236 582 1406 615 Clementis
1430 583 1708 626 praedecessoris,
1737 589 1763 616 et
1791 593 1854 616 non
1881 584 1967 622 ali’ts,

1236 645 1298 667 non
1317 641 1422 668 autem
1443 636 1555 669 domos
1574 636 1634 668 iam
1654 636 1799 669 fundatas
1824 647 1878 670 seu
1901 647 1972 670 eon-

1235 693 1370 721 structas
1397 688 1527 721 alterius
1560 688 1743 732 provinciae
1770 689 1817 721 vel
1840 700 1972 731 congre-

1236 740 1372 782 gationis
1393 741 1513 784 absque
1531 742 1678 785 expressa
1696 741 1770 775 dieti
1789 741 1906 785 prioris
1920 753 1971 784 ge·

1237 793 1353 825 ncralis
1374 793 1513 834 licentia,
1535 794 1681 837 accipere
1711 794 1829 837 possint
1858 800 1888 827 et
1914 805 1967 828 va-

1237 845 1333 885 leant,
1351 846 1540 879 auctoritate
1559 847 1746 890 apostolica,
1761 852 1871 880 tenore
1884 857 1971 891 prae-

1236 899 1386 939 sentium,
1400 899 1615 943 permittimus
1633 905 1663 933 et
1673 900 1832 933 licentiam
1845 901 1966 934 damus.

1281 951 1347 991 ξῖ).
1379 953 1456 985 Cum
1486 953 1703 986 declaratione
1731 947 1856 994 tamen,

1238 1004 1334 1048 priori
1361 1005 1500 1047 generali
1527 1006 1691 1049 praedicto
1711 1006 1844 1038 subiecti
1865 1016 1970 1039 rema-

1237 1063 1344 1098 neant,
1362 1064 1391 1090 et
1405 1058 1544 1102 aliquem
1560 1059 1694 1101 gradum
1714 1058 1826 1103 quovis
1843 1059 1972 1092 nomine

1238 1117 1457 1155 nuncupatum
1484 1112 1645 1156 suscipere
1665 1122 1728 1145 non
1747 1112 1889 1156 possint,
1917 1113 1972 1145 sed

1239 1163 1322 1196 iuxta
1345 1170 1486 1198 tenorem
1509 1166 1770 1199 constitutionum
1789 1167 1974 1210 apostoliea-

1238 1228 1307 1250 ruin
1332 1218 1469 1251 habeant
1490 1220 1608 1261 gradus
1628 1220 1772 1253 absolute
1793 1221 1831 1253 ad
1853 1221 1900 1254 ius
1921 1232 1971 1254 ex-

1239 1273 1434 1316 ponendum,
1464 1274 1648 1316 legendum,
1680 1274 1973 1318 interpretandum,

1239 1333 1266 1360 et
1298 1328 1574 1368 concionandum,
1608 1335 1638 1362 et
1667 1339 1784 1362 nome-n
1817 1330 1970 1372 regentis,

1240 1381 1480 1424 respondentis,
1510 1382 1673 1424 magistri,
1701 1384 1916 1423 studentium,
1940 1391 1970 1417 et

1238 1433 1367 1466 lectoris
1391 1434 1477 1467 solus
1503 1434 1568 1478 ipse
1594 1440 1665 1468 actu
1692 1436 1879 1478 legentibus,
1912 1437 1974 1470 dis-

1238 1488 1422 1531 putantibus
1444 1490 1722 1533 respondentibus,
1747 1496 1776 1523 et
1796 1496 1970 1533 argumen-

1241 1541 1389 1575 tandibus
1410 1542 1560 1575 t'ratribus
1590 1543 1719 1581 tribuat,
1736 1549 1766 1576 et
1783 1554 1820 1576 eo
1842 1544 1872 1576 in
1899 1549 1971 1578 actu

1239 1599 1360 1627 tantum
1376 1594 1559 1628 huiusmodi
1579 1596 1764 1630 nominibus
1779 1597 1839 1630 srui
1854 1602 1884 1630 et
1897 1607 1974 1640 gau—

1238 1647 1313 1679 dere
1339 1647 1477 1691 possint,
1505 1649 1559 1681 scd
1586 1659 1697 1682 omnes
1722 1650 1885 1683 communi
1911 1660 1970 1683 no-

1238 1700 1325 1733 mine
1351 1701 1482 1734 fratrum
1507 1702 1765 1735 ltesorniatorum
1787 1713 1975 1748 nuncupen—

1240 1759 1303 1793 tur,
1325 1760 1366 1794 et,
1386 1754 1410 1787 si
1432 1755 1605 1797 magisterii
1626 1762 1681 1789 aut
1700 1756 1763 1789 alio
1783 1757 1883 1799 gradu
1904 1757 1975 1790 insi-

1238 1806 1315 1849 gniti
1344 1807 1460 1841 dictam
1490 1809 1743 1843 Resomationem
1770 1820 1825 1843 seu
1854 1810 1971 1843 Obser-

1238 1861 1376 1893 vantiam
1403 1861 1526 1903 ingredi
1552 1862 1703 1905 petierint
1727 1869 1781 1896 aut
1805 1863 1973 1905 voluerint,

1239 1914 1370 1946 nomine
1395 1919 1517 1947 tantum
1544 1915 1648 1948 fratris
1669 1916 1881 1959 appellentur.

1283 1968 1297 2010 ξ
1317 1968 1347 1999 (5.
1368 1967 1502 2010 Insuper
1517 1974 1674 2011 perpetuo
1688 1969 1857 2003 statuimus
1877 1975 1907 2003 et
1927 1981 1975 2004 or-

1239 2020 1404 2059 dinamus,
1433 2021 1519 2063 quod
1546 2021 1726 2064 superiores
1753 2022 1894 2065 ipsorum
1915 2023 1975 2056 Re-

1238 2074 1448 2107 l'ormatorum
1475 2085 1531 2107 seu
1556 2074 1800 2108 Observantium
1827 2076 1866 2108 ab
1885 2075 1975 2120 ipsis-

1240 2132 1304 2160 met
1328 2127 1605 2160 Resorinatoribus
1637 2138 1692 2160 seu
1726 2127 1976 2162 observantibus

1240 2185 1379 2220 tantum,
1407 2182 1527 2213 servata
1555 2186 1661 2214 tamen
1687 2182 1789 2215 forma
1814 2181 1976 2215 eonstitu-

1241 2233 1363 2266 tionum
1390 2233 1516 2267 Ordinis
1541 2234 1715 2278 praedicti,
1743 2234 1912 2278 eligantur,
1940 2246 1977 2270 ae

1239 2298 1257 2320 a
1274 2286 1380 2331 priore
1398 2287 1538 2329 generali
1561 2287 1658 2321 totius
1675 2288 1802 2322 Ordinis
1822 2299 1881 2332 pro
1902 2294 1978 2322 tein-

1240 2351 1317 2385 pore
1343 2340 1486 2374 existenti
1522 2341 1775 2382 confirmentur;
1803 2342 1973 2386 quodque,

1238 2395 1263 2427 si
1286 2404 1438 2427 numerus
1456 2394 1626 2427 domorum
1645 2395 1902 2428 Reformatorum
1921 2406 1975 2429 seu

1238 2447 1482 2481 Observantium
1505 2447 1688 2481 huiusmodi
1711 2449 1901 2489 excreverit,
1929 2450 1974 2482 vi-

1239 2502 1343 2536 carius
1368 2501 1462 2535 liuius
1483 2501 1730 2535 Resorinationis
1753 2501 1837 2534 iuxta
1858 2502 1974 2535 eonsti-

1240 2555 1378 2588 tutiones
1404 2554 1582 2598 praedictas
1608 2554 1762 2596 eligatur,
1790 2560 1817 2586 et
1845 2553 1876 2586 in
1897 2554 1971 2598 qui-

1238 2608 1344 2642 busvis
1363 2607 1510 2652 capitulis
1530 2617 1640 2641 eorum
1666 2607 1755 2650 prior
1775 2606 1898 2650 primae
1918 2607 1975 2640 do-

1239 2671 1327 2702 mus,
1358 2661 1390 2694 in
1415 2670 1511 2705 quam
1538 2659 1678 2704 primum
1697 2658 1894 2693 Reformatio
1917 2669 1974 2693 seu

1984 400 2016 412 nto
2030 408 2034 412 .

1986 997 2058 1018 titutos
2081 997 2108 1018 ab
2137 1004 2168 1018 ais

1989 2057 2071 2078 statuit.

1981 271 2027 298 An.
2045 271 2074 298 C.
2094 271 2164 299 4608
2188 287 2192 291 >

2041 338 2165 364 Nmasquue
2191 328 2205 364 Σ

1984 365 2100 391 recipiendi
2128 364 2164 385 uu·
2191 369 2201 378 ’Δ

2019 400 2027 411 ‚
2191 400 2206 407 .-

1883 954 1971 997 qUOd
2016 970 2086 992 Nullos
2101 973 2170 992 tamon
2192 958 2219 997 ’,Γ

2001 2004 2005 2007 -
2020 1977 2096 1999 Eurum
2111 1983 2172 2008 simq-
2199 1966 2217 2008 fi]

1989 2010 2056 2025 riores
2078 2004 2106 2025 ab
2121 2009 2174 2030 ipsi·
2198 2008 2202 2027 .“

1990 2031 2108 2052 reformatis
2123 2030 2172 2057 eligi
2201 2039 2217 2059 ῃ

2218 302 2227 333 ,4

1987 1024 2029 1044 vult
2040 1024 2143 1050 usurpari.
