2227 3241
255 289 304 318 Λιι
324 289 352 317 c.
370 288 438 317 1600
483 278 548 314 304

275 2334 442 2361 noservausque

255 2362 443 2387 pro,dicusjrtarv

256 2387 286 2407 cis
299 2389 443 2409 nonnum-uto-

257 2414 324 2435 mibus
346 2421 383 2440 pru
409 2422 434 2435 a)

256 2446 300 2461 rum
329 2441 443 2463 habitatio-

1034 285 1211 311 autunum

454 339 526 372 dem
555 336 753 381 praedictam
784 335 925 378 legitime
957 334 1127 373 devoluta,
1156 343 1210 368 ac·

453 390 784 434 archipresbyteratus
797 416 806 429 ,
834 388 1042 422 canonicatus
1055 416 1062 429 ‚
1094 398 1189 432 prae-

453 444 578 478 bendae
607 448 638 476 et
661 441 818 475 beneficia
849 441 1034 475 huiusmodi
1057 441 1192 486 disposi-

454 497 532 531 tioni
564 495 761 540 apostolicae
791 495 993 539 specialiter,
1022 495 1069 529 vel
1095 506 1130 529 ex
1155 506 1193 529 eo

454 550 541 594 quod
567 549 620 582 illa
644 548 827 583 obtinentes
851 549 952 582 nostri
977 559 1034 583 seu
1055 549 1192 583 aliorum

453 604 672 637 Romanorum
694 602 885 636 Pontificum
908 603 1193 647 praedeeessorum

454 657 501 690 vel
522 666 743 690 successorum
765 662 963 697 nostrorum,
984 663 1039 690 aut
1058 656 1194 690 alicuius

455 715 582 744 sanctae
620 710 793 743 Romanae·
824 709 984 743 Ecclesiae
1006 710 1191 751 cardinalis,

454 763 549 797 ctiam
576 762 709 796 viventis
733 768 763 796 et
796 762 826 796 in
853 763 937 796 dicta
973 763 1065 797 Curia
1102 774 1196 808 prae-

453 816 569 858 sentis,
597 816 788 857 familiares,
817 817 962 850 continui
987 827 1191 851 commensa-

453 870 509 910 les,
529 880 585 903 seu
606 869 710 903 dictae
729 869 819 903 Sedis
841 870 969 911 notarii,
990 870 1192 912 subdiaconi,

453 923 610 968 acolythi,
640 923 817 968 capellani,
841 929 896 957 aut
921 924 1119 969 quicumque
1141 924 1195 958 alii

453 977 544 1012 Sedis
572 983 603 1011 et
630 977 742 1012 Curiae
773 977 1014 1021 praedictarum
1041 978 1196 1013 officiales

453 1041 659 1076 quocumque
671 1031 801 1065 nornine
813 1032 990 1076 nuncupati
1003 1032 1132 1074 suerint,
1141 1043 1196 1067 seu

453 1096 490 1118 ex
503 1084 666 1129 quibusvis
680 1084 749 1118 aliis
762 1085 864 1119 causis
879 1085 1072 1128 generaliter
1090 1096 1195 1120 reser-

452 1143 536 1180 vata,
553 1148 610 1172 seu
626 1149 662 1172 ex
684 1139 825 1182 generali
845 1139 1061 1173 reservatione
1082 1140 1197 1174 affecta

453 1190 598 1232 existant,
615 1202 651 1225 ae
668 1201 766 1235 super
779 1189 833 1224 eis*
849 1191 932 1225 inter
945 1192 1071 1236 aliquos
1083 1192 1131 1234 lis,
1146 1203 1198 1227 cu-

453 1245 502 1280 ius
512 1250 630 1279 statum
642 1244 738 1279 etiam
751 1245 974 1289 praesentibus
989 1246 1100 1280 haberi
1111 1247 1198 1280 volu-

453 1309 524 1333 mus
543 1309 602 1344 pro
614 1308 774 1343 expresso,
787 1300 929 1344 pendeat
947 1299 1114 1344 indecisa),
1131 1300 1197 1334 illo-

452 1363 589 1397 rumque
603 1353 750 1386 omnium
765 1358 792 1386 et
809 1353 1010 1396 singulorum
1025 1353 1196 1388 essentiam

453 1413 482 1440 et
513 1407 708 1450 quantitates
740 1417 775 1440 ae
810 1417 951 1440 mensam
985 1406 1194 1451 capitularem

452 1471 508 1494 seu
529 1470 665 1494 massam
684 1471 890 1494 comumnem
917 1460 1122 1501 huiusmodi,
1143 1471 1195 1494 ca-

451 1513 607 1557 pellanias
628 1523 756 1558 quoque
778 1520 808 1547 et
829 1514 889 1547 alia
915 1513 1072 1547 beneficia
1090 1514 1194 1548 eidem

453 1577 581 1601 mensae
606 1577 662 1600 seu
685 1577 807 1601 massae
828 1567 1075 1611 quomodolibet
1093 1567 1192 1608 unita,
1212 1590 1216 1660 Ι

452 1631 579 1654 necnon
607 1620 734 1653 titulum
760 1626 790 1654 et
808 1620 1106 1654 denominationem
1129 1621 1194 1655 col·

453 1674 588 1717 legiatae
615 1684 651 1706 ac
677 1684 900 1718 quaecumque
934 1674 1068 1717 insignia
1094 1674 1193 1708 colle-

452 1727 559 1770 gialia,
576 1734 733 1772 perpetuo
753 1727 986 1771 supprimimus
999 1734 1029 1761 et
1043 1728 1196 1771 extingui-

454 1793 543 1821 mus3
581 1781 778 1825 illorumque
811 1781 854 1814 sic
888 1792 1135 1826 suppresseram
1167 1787 1199 1816 et

455 1835 668 1868 extinctorum
705 1834 814 1868 omnia
843 1840 871 1868 et
904 1834 1030 1877 singula
1050 1835 1194 1879 praedia,

454 1895 519 1922 tam
547 1888 666 1923 rustica
691 1899 786 1933 quam
809 1888 953 1929 urbana,
987 1889 1114 1930 casalia,
1139 1890 1197 1923 do-

455 1953 539 1982 mus,
563 1942 788 1987 proprietates,
819 1949 936 1983 terras,
960 1943 1194 1986 possessiones,

454 2006 581 2035 census,
609 1995 742 2035 livellos,
771 2005 921 2036 canones,
949 1996 1103 2030 Montium
1134 2007 1205 2030 non-

454 2049 647 2083 vacabilium
673 2049 840 2093 portiones
866 2055 896 2083 et
921 2050 1013 2092 loca,
1041 2057 1071 2084 et
1100 2062 1198 2095 quae-

455 2113 594 2146 cumque
623 2103 683 2136 alia
709 2103 794 2136 bona
824 2103 1002 2136 immobilia
1024 2110 1054 2137 et
1074 2104 1199 2137 stabilia

458 2156 704 2199 quomodolibet
721 2164 917 2201 nuncupata,
938 2163 966 2191 et
987 2157 1118 2191 ubilibet
1137 2158 1200 2192 exi·

457 2209 582 2251 stentia,
611 2221 683 2243 cum
713 2210 836 2244 iuribus
857 2218 887 2244 et
908 2211 1109 2254 pertinentiis
1134 2212 1200 2245 suis

458 2263 617 2298 universis
641 2264 794 2308 (exceptis
815 2265 979 2298 dumtaxat
999 2265 1123 2298 duabus
1144 2266 1200 2299 do-

463 2317 568 2351 mibus
593 2317 696 2351 eidem
723 2317 876 2351 ecclesiae
905 2318 1004 2351 sancti
1036 2319 1199 2353 Laurentii

462 2382 479 2402 a
504 2371 635 2404 dextero
660 2370 745 2403 illius
771 2371 869 2404 latere
890 2371 1149 2413 adhaerentibus,
1171 2377 1201 2406 et

423 2422 443 2433 ‘'
463 2424 502 2457 ad
528 2424 645 2457 dictam
678 2434 820 2457 mensam
856 2424 1066 2468 capitularem
1096 2425 1197 2470 perti-

461 2476 630 2517 nentibus,
658 2488 741 2522 quae
772 2477 903 2511 diversis
934 2478 1079 2522 personis
1104 2479 1199 2512 etiam

462 2529 551 2562 laicis
576 2529 615 2563 ad
636 2536 758 2563 certum
785 2535 910 2575 tempus
934 2531 993 2564 sul)
1011 2531 1125 2565 annuis
1145 2542 1200 2565 seu

463 2582 635 2616 menstruis
671 2584 716 2616 vel
749 2583 820 2617 aliis
852 2584 1115 2628 responsionibus
1145 2596 1200 2619 sen

1213 1754 1217 1809 l

1236 285 1385 311 nonAnun

1225 334 1313 377 ginta
1330 338 1494 368 scutorum
1512 333 1665 368 similium
1684 335 1731 369 vel
1752 335 1836 369 circa
1855 346 1964 370 ascen-

1225 387 1374 422 dentibus
1393 388 1517 421 locatae
1538 387 1756 432 reperiuntur,
1773 399 1898 423 necnon
1915 400 1964 424 ca-

1226 441 1346 481 meris,
1384 440 1607 475 mansionibus
1641 446 1672 474 et
1713 441 1965 477 habitationibus

1226 504 1325 538 supra
1356 493 1516 538 porticum
1551 493 1649 538 ipsius
1681 494 1834 528 ecclesiae
1865 495 1965 529 sancti

1226 547 1388 582 Laurentii
1405 547 1567 588 extructis,
1585 547 1616 580 in
1636 547 1753 591 quibus
1771 548 1855 582 illius
1870 549 1967 582 saeri-

1227 608 1284 644 sta,
1303 603 1356 646 qui
1375 602 1471 636 etiam
1490 602 1671 636 amovibilis
1691 602 1815 644 existit,
1836 613 1873 637 ac
1889 603 1966 638 dicti

1227 656 1292 690 duo
1314 655 1470 700 capellani
1488 655 1684 689 commorari
1705 656 1821 696 solent,
1840 666 1966 690 necnon

1228 709 1430 753 infrascripto
1448 719 1570 743 canone
1585 719 1691 743 annuo
1705 709 1880 753 nonaginta
1896 721 1967 744 scu-

1228 762 1355 806 torum)
1375 768 1503 796 nostrae
1533 768 1563 796 et
1585 762 1688 796 dictae
1715 763 1805 796 Sedis
1825 763 1964 808 disposi-

1229 817 1319 859 tioni,
1343 817 1383 851 ad
1404 816 1554 850 effectum
1579 827 1616 850 ex
1641 816 1704 850 illis
1730 817 1886 851 nonnulla
1907 817 1968 851 alia

1227 869 1386 904 beneficia
1417 869 1631 904 ecclesiastica
1667 869 1811 913 erigendi
1843 875 1874 903 et
1904 869 1964 904 do-

1229 923 1328 965 tandi,
1357 933 1575 964 reservamus;
1603 933 1729 957 necnon
1755 923 1840 968 apud
1867 923 1966 968 ipsam

1229 977 1398 1012 ecclesiam
1422 977 1523 1011 sancti
1543 977 1718 1019 Laurentii,
1739 983 1769 1011 et
1790 977 1821 1010 in
1843 977 1969 1012 duabus

1230 1032 1381 1066 domibus
1406 1031 1452 1064 illi
1477 1031 1738 1073 adhaerentibus,
1761 1041 1797 1066 ac
1819 1031 1966 1073 cameris,

1230 1091 1260 1119 et
1285 1084 1510 1119 mansionibus·
1532 1090 1563 1118 et
1593 1084 1846 1119 habitationibus
1877 1095 1968 1129 prae-

1230 1138 1340 1181 dictis,
1365 1148 1466 1172 unam
1490 1138 1622 1172 domum
1652 1138 1835 1182 regularem
1867 1138 1970 1173 dictae

1229 1192 1511 1236 Congregationis‚
1538 1202 1597 1236 per
1624 1202 1722 1226 unum
1750 1192 1969 1237 praepositum

1230 1246 1270 1280 ad
1296 1246 1396 1280 instar
1420 1246 1556 1280 aliarum
1577 1246 1750 1280 domorum
1772 1240 1970 1290 regularium

1230 1300 1374 1335 eiusdem
1392 1299 1656 1343 Congregationis
1676 1299 1760 1334 iuxta
1779 1299 1864 1334 illius
1877 1299 1968 1341 ritus,

1232 1364 1350 1396 mores,
1374 1353 1623 1388 consuetudines
1643 1359 1673 1386 et
1697 1353 1842 1387 instituta
1859 1363 1972 1397 regen-

1231 1408 1318 1449 dam,
1342 1407 1604 1450 gubernandam,
1628 1406 1916 1441 administrandam
1941 1414 1973 1441 et

1231 1461 1470 1495 reformandam
1498 1461 1573 1505 [pro
1599 1459 1761 1505 perpetuis
1781 1470 1841 1494 usu
1866 1466 1896 1494 et
1915 1459 1972 1494 ha·

1230 1515 1386 1549 bitatione
1413 1514 1542 1558 triginta
1561 1514 1599 1547 ad
1622 1514 1726 1548 minus
1745 1513 1969 1557 religiosorum
1986 1520 2071 1568 duffii
2086 1526 2189 1569 ‹13

1231 1568 1496 1612 (longi-egationis
1535 1567 1744 1608 huiusmodi,
1785 1572 1971 1612 computato
1986 1573 2192 1621 triahnaeswns

1987 1600 2057 1621 baana

1232 1622 1318 1656 dicto
1343 1621 1540 1666 praeposito,
1569 1621 1623 1665 qui
1649 1621 1768 1655 ibidem
1790 1621 1821 1654 in
1845 1620 1972 1660 humili-

1234 1675 1306 1710 tatis
1331 1675 1446 1719 spiritu
1472 1681 1501 1708 et
1525 1675 1596 1719 piae
1617 1675 1697 1708 vitae
1722 1674 1836 1708 studiis
1859 1685 1972 1720 perpe-

1233 1735 1322 1762 tuum
1348 1728 1510 1762 Altissimo
1543 1728 1730 1762 famulatum
1764 1728 1969 1773 impendere,

1232 1793 1268 1816 ac
1301 1783 1371 1816 loco
1407 1782 1703 1827 archipresbyteri,
1742 1775 1972 1816 canonicorum

1233 1841 1263 1870 ct
1282 1835 1549 1870 beneficiatorum
1573 1836 1673 1880 ipsius
1698 1835 1852 1869 ecclesiae
1872 1835 1973 1870 sancti

1232 1889 1419 1930 Laurentii,
1447 1889 1559 1923 missas
1591 1889 1687 1923 etiam
1721 1888 1982 1930 conventuales,

1233 1943 1328 1977 horas
1354 1943 1536 1984 canonicas,
1565 1943 1696 1977 diurnas
1723 1948 1752 1977 et
1781 1949 1970 1983 nocturnas,

1234 2003 1424 2041 caeteraque
1450 1996 1556 2031 divina
1581 1996 1686 2031 officia
1710 1996 1844 2040 singulis
1861 1996 1975 2030 diebus

1234 2051 1397 2089 celebrare
1418 2057 1450 2084 et
1470 2050 1616 2091 recitare,
1640 2062 1676 2084 ae
1694 2051 1771 2084 alias
1792 2050 1894 2084 eidem
1917 2060 1972 2084 ee-

1235 2104 1330 2138 lesiae
1355 2104 1457 2138 sancti
1483 2104 1644 2138 Laurentii
1670 2105 1700 2137 in
1727 2104 1841 2138 divinis
1865 2104 1976 2138 lauda-

1233 2157 1341 2191 biliter
1370 2158 1549 2199 deservire,
1585 2168 1641 2192 nec
1671 2169 1735 2191 non
1765 2168 1874 2192 curam
1907 2157 1976 2192 ani-

1234 2221 1360 2245 marum
1398 2211 1671 2255 parochianorum
1709 2211 1836 2256 aliaque
1871 2211 1976 2245 officia

1235 2270 1265 2299 et
1290 2265 1468 2298 ministeria
1488 2265 1686 2308 parochialia
1711 2265 1897 2299 huiusmodi
1918 2276 1978 2310 per

1236 2329 1335 2352 unum
1367 2318 1415 2352 vel
1447 2319 1556 2362 plures
1587 2318 1687 2362 ipsius
1712 2318 1996 2362 Congregationis-

1234 2372 1439 2417 presbyteros
1458 2372 1591 2406 idoneos
1609 2373 1681 2415 (per
1697 2371 1816 2406 dictum
1838 2382 1976 2416 praepo-

1235 2425 1331 2460 situm
1353 2435 1413 2470 pro
1441 2431 1582 2469 tempore
1610 2425 1794 2459 existentem
1820 2425 1977 2470 depuutn-

1236 2479 1294 2513 dos
1318 2485 1348 2513 et
1378 2478 1596 2519 amovendos,
1631 2488 1667 2511 ac
1698 2489 1716 2511 a
1747 2477 1850 2512 dictae
1881 2478 1976 2513 Urbis

1236 2531 1355 2566 vicario
1377 2531 1471 2566 etiam
1498 2541 1557 2575 pro
1583 2537 1727 2575 tempore
1752 2531 1896 2565 existenti
1922 2543 1977 2577 ap-

1236 2585 1436 2630 probandos)
1453 2584 1595 2618 exerceri
1613 2585 1728 2623 facere,
1750 2590 1779 2618 et
1801 2595 1977 2629 quaecum-

464 2636 674 2679 pensionibus
696 2637 823 2671 insimul
850 2637 889 2670 ad
913 2647 1071 2670 summam
1094 2644 1201 2672 octua-
1237 2649 1299 2683 que
1321 2638 1381 2671 alia
1402 2647 1502 2672 onera
1521 2637 1653 2682 (quibus
1673 2637 1731 2681 ipsi
1753 2637 1978 2682 archipresby·
2152 2647 2156 2661 -’
2190 2646 2211 2669 it

499 2699 507 2724 1
532 2696 641 2734 Nempe:
655 2707 688 2726 ac
702 2699 791 2728 etiam
807 2699 832 2727 si
848 2707 934 2735 super
948 2699 990 2728 eis
1003 2700 1040 2735 (n.
1058 2701 1104 2734 τ.).

1238 2697 1295 2734 ter,
1314 2691 1458 2726 canonici
1477 2697 1506 2725 et
1526 2690 1708 2725 beneficiati
1729 2690 1852 2724 ratione
1874 2690 1977 2724 archi·
2108 2687 2114 2691 “
2189 2701 2191 2715 ν
