<?xml version="1.0" encoding="UTF-8"?>
<!DOCTYPE html PUBLIC "-//W3C//DTD XHTML 1.0 Transitional//EN"
    "http://www.w3.org/TR/xhtml1/DTD/xhtml1-transitional.dtd">
<html xmlns="http://www.w3.org/1999/xhtml" xml:lang="en" lang="en">
 <head>
  <title>
</title>
<meta http-equiv="Content-Type" content="text/html;charset=utf-8" />
  <meta name='ocr-system' content='tesseract 3.04.00' />
  <meta name='ocr-capabilities' content='ocr_page ocr_carea ocr_par ocr_line ocrx_word'/>
</head>
<body>
  <div class='ocr_page' id='page_1' title='image "./bullarumdiplomat11cath_0311.png"; bbox 0 0 2227 3241; ppageno 0'>
   <div class='ocr_carea' id='block_1_1' title="bbox 0 0 24 2881">
    <p class='ocr_par' dir='ltr' id='par_1_1' title="bbox 0 0 24 2881">
     <span class='ocr_line' id='line_1_1' title="bbox 0 0 24 2881; baseline 0 0"><span class='ocrx_word' id='word_1_1' title='bbox 0 0 24 2881; x_wconf 95' lang='lat' dir='ltr'> </span> 
     </span>
    </p>
   </div>
   <div class='ocr_carea' id='block_1_2' title="bbox 14 3085 19 3149">
    <p class='ocr_par' dir='ltr' id='par_1_2' title="bbox 14 3085 19 3149">
     <span class='ocr_line' id='line_1_2' title="bbox 14 3085 19 3149; baseline 0 -21"><span class='ocrx_word' id='word_1_2' title='bbox 14 3085 19 3149; x_wconf 69' lang='lat' dir='ltr'>l</span> 
     </span>
    </p>
   </div>
   <div class='ocr_carea' id='block_1_3' title="bbox 33 251 213 281">
    <p class='ocr_par' dir='ltr' id='par_1_3' title="bbox 33 251 213 281">
     <span class='ocr_line' id='line_1_3' title="bbox 33 251 213 281; baseline -0.011 0"><span class='ocrx_word' id='word_1_3' title='bbox 33 253 79 281; x_wconf 73' lang='lat' dir='ltr'>An.</span> <span class='ocrx_word' id='word_1_4' title='bbox 102 251 130 280; x_wconf 79' lang='lat' dir='ltr'>C.</span> <span class='ocrx_word' id='word_1_5' title='bbox 146 251 213 280; x_wconf 82' lang='lat'>1605</span> 
     </span>
    </p>
   </div>
   <div class='ocr_carea' id='block_1_4' title="bbox 864 251 1095 276">
    <p class='ocr_par' dir='ltr' id='par_1_4' title="bbox 864 251 1095 276">
     <span class='ocr_line' id='line_1_4' title="bbox 864 251 1095 276; baseline 0 0"><span class='ocrx_word' id='word_1_6' title='bbox 864 251 985 276; x_wconf 75' lang='lat' dir='ltr'>PAUtus</span> <span class='ocrx_word' id='word_1_7' title='bbox 1011 253 1029 276; x_wconf 71' lang='lat' dir='ltr'>V</span> <span class='ocrx_word' id='word_1_8' title='bbox 1051 254 1095 276; x_wconf 75' lang='grc' dir='ltr'>ΓΡ,</span> 
     </span>
    </p>
   </div>
   <div class='ocr_carea' id='block_1_5' title="bbox 227 297 971 345">
    <p class='ocr_par' dir='ltr' id='par_1_5' title="bbox 227 297 971 345">
     <span class='ocr_line' id='line_1_5' title="bbox 227 297 971 345; baseline 0.001 -13"><span class='ocrx_word' id='word_1_9' title='bbox 227 297 535 344; x_wconf 80' lang='lat' dir='ltr'>considerantesque</span> <span class='ocrx_word' id='word_1_10' title='bbox 547 310 612 334; x_wconf 92' lang='lat' dir='ltr'>non</span> <span class='ocrx_word' id='word_1_11' title='bbox 625 309 719 345; x_wconf 90' lang='lat' dir='ltr'>posse</span> <span class='ocrx_word' id='word_1_12' title='bbox 729 299 897 343; x_wconf 85' lang='lat' dir='ltr'>religiosos</span> <span class='ocrx_word' id='word_1_13' title='bbox 907 310 971 333; x_wconf 88' lang='lat' dir='ltr'>ma-</span> 
     </span>
    </p>
   </div>
   <div class='ocr_carea' id='block_1_6' title="bbox 227 352 987 398">
    <p class='ocr_par' dir='ltr' id='par_1_6' title="bbox 227 352 987 398">
     <span class='ocr_line' id='line_1_6' title="bbox 227 352 987 398; baseline 0.001 -12"><span class='ocrx_word' id='word_1_14' title='bbox 227 352 287 387; x_wconf 89' lang='lat' dir='ltr'>iori</span> <span class='ocrx_word' id='word_1_15' title='bbox 314 364 388 387; x_wconf 89' lang='lat' dir='ltr'>cum</span> <span class='ocrx_word' id='word_1_16' title='bbox 418 353 526 387; x_wconf 87' lang='lat' dir='ltr'>fructu</span> <span class='ocrx_word' id='word_1_17' title='bbox 553 354 608 388; x_wconf 91' lang='lat' dir='ltr'>Dei</span> <span class='ocrx_word' id='word_1_18' title='bbox 640 354 804 398; x_wconf 91' lang='lat' dir='ltr'>obsequiis</span> <span class='ocrx_word' id='word_1_19' title='bbox 833 358 987 395; x_wconf 51' lang='lat' dir='ltr'>vacares</span> 
     </span>
    </p>
   </div>
   <div class='ocr_carea' id='block_1_7' title="bbox 224 407 985 2659">
    <p class='ocr_par' dir='ltr' id='par_1_7' title="bbox 224 407 985 2659">
     <span class='ocr_line' id='line_1_7' title="bbox 227 407 969 452; baseline 0 -12"><span class='ocrx_word' id='word_1_20' title='bbox 227 417 323 452; x_wconf 90' lang='lat' dir='ltr'>quam</span> <span class='ocrx_word' id='word_1_21' title='bbox 336 417 395 451; x_wconf 90' lang='lat' dir='ltr'>per</span> <span class='ocrx_word' id='word_1_22' title='bbox 409 407 590 441; x_wconf 89' lang='lat' dir='ltr'>divinarum</span> <span class='ocrx_word' id='word_1_23' title='bbox 601 407 780 441; x_wconf 88' lang='lat' dir='ltr'>litterarum</span> <span class='ocrx_word' id='word_1_24' title='bbox 790 407 969 449; x_wconf 87' lang='lat' dir='ltr'>scientiam,</span> 
     </span>
     <span class='ocr_line' id='line_1_8' title="bbox 225 461 969 505; baseline 0.003 -11"><span class='ocrx_word' id='word_1_25' title='bbox 225 471 286 505; x_wconf 90' lang='lat' dir='ltr'>per</span> <span class='ocrx_word' id='word_1_26' title='bbox 301 461 412 495; x_wconf 89' lang='lat' dir='ltr'>altaris</span> <span class='ocrx_word' id='word_1_27' title='bbox 433 461 648 495; x_wconf 89' lang='lat' dir='ltr'>ministerium</span> <span class='ocrx_word' id='word_1_28' title='bbox 670 467 701 495; x_wconf 89' lang='lat' dir='ltr'>et</span> <span class='ocrx_word' id='word_1_29' title='bbox 721 462 904 496; x_wconf 90' lang='lat' dir='ltr'>divinorum</span> <span class='ocrx_word' id='word_1_30' title='bbox 923 463 969 496; x_wconf 82' lang='lat' dir='ltr'>of-</span> 
     </span>
     <span class='ocr_line' id='line_1_9' title="bbox 226 514 967 560; baseline 0.001 -13"><span class='ocrx_word' id='word_1_31' title='bbox 226 514 377 548; x_wconf 79' lang='lat' dir='ltr'>ficiorum</span> <span class='ocrx_word' id='word_1_32' title='bbox 398 525 505 555; x_wconf 89' lang='lat' dir='ltr'>usum;</span> <span class='ocrx_word' id='word_1_33' title='bbox 529 521 560 548; x_wconf 88' lang='lat' dir='ltr'>et</span> <span class='ocrx_word' id='word_1_34' title='bbox 577 520 750 560; x_wconf 87' lang='lat' dir='ltr'>propterea</span> <span class='ocrx_word' id='word_1_35' title='bbox 774 515 834 559; x_wconf 87' lang='lat' dir='ltr'>piis</span> <span class='ocrx_word' id='word_1_36' title='bbox 855 526 967 549; x_wconf 88' lang='lat' dir='ltr'>eorum</span> 
     </span>
     <span class='ocr_line' id='line_1_10' title="bbox 226 567 967 614; baseline 0.001 -13"><span class='ocrx_word' id='word_1_37' title='bbox 226 567 306 601; x_wconf 92' lang='lat' dir='ltr'>votis</span> <span class='ocrx_word' id='word_1_38' title='bbox 327 567 544 601; x_wconf 80' lang='lat' dir='ltr'>favorabiliter</span> <span class='ocrx_word' id='word_1_39' title='bbox 562 579 717 609; x_wconf 80' lang='lat' dir='ltr'>annuere,</span> <span class='ocrx_word' id='word_1_40' title='bbox 741 568 878 614; x_wconf 87' lang='lat' dir='ltr'>illosque</span> <span class='ocrx_word' id='word_1_41' title='bbox 896 579 967 613; x_wconf 88' lang='lat' dir='ltr'>spe-</span> 
     </span>
     <span class='ocr_line' id='line_1_11' title="bbox 227 621 970 666; baseline 0.001 -11"><span class='ocrx_word' id='word_1_42' title='bbox 227 621 363 655; x_wconf 84' lang='lat' dir='ltr'>cialibus</span> <span class='ocrx_word' id='word_1_43' title='bbox 381 621 546 655; x_wconf 82' lang='lat' dir='ltr'>favoribus</span> <span class='ocrx_word' id='word_1_44' title='bbox 566 627 597 655; x_wconf 92' lang='lat' dir='ltr'>et</span> <span class='ocrx_word' id='word_1_45' title='bbox 615 622 726 664; x_wconf 84' lang='lat' dir='ltr'>gratiis</span> <span class='ocrx_word' id='word_1_46' title='bbox 743 623 895 666; x_wconf 79' lang='lat' dir='ltr'>prosequi</span> <span class='ocrx_word' id='word_1_47' title='bbox 917 633 970 656; x_wconf 87' lang='lat' dir='ltr'>vo-</span> 
     </span>
     <span class='ocr_line' id='line_1_12' title="bbox 225 675 969 717; baseline 0.001 -8"><span class='ocrx_word' id='word_1_48' title='bbox 225 675 338 717; x_wconf 78' lang='lat' dir='ltr'><strong>lentes,</strong></span> <span class='ocrx_word' id='word_1_49' title='bbox 358 685 486 709; x_wconf 82' lang='lat' dir='ltr'>necnon</span> <span class='ocrx_word' id='word_1_50' title='bbox 506 675 626 709; x_wconf 91' lang='lat' dir='ltr'>decreti</span> <span class='ocrx_word' id='word_1_51' title='bbox 647 681 677 709; x_wconf 91' lang='lat' dir='ltr'>et</span> <span class='ocrx_word' id='word_1_52' title='bbox 694 675 873 710; x_wconf 74' lang='lat' dir='ltr'>litterarum</span> <span class='ocrx_word' id='word_1_53' title='bbox 892 676 969 710; x_wconf 82' lang='lat' dir='ltr'>Gre-</span> 
     </span>
     <span class='ocr_line' id='line_1_13' title="bbox 225 728 969 774; baseline 0.003 -12"><span class='ocrx_word' id='word_1_54' title='bbox 225 728 307 773; x_wconf 84' lang='lat' dir='ltr'>gorii</span> <span class='ocrx_word' id='word_1_55' title='bbox 325 734 356 763; x_wconf 90' lang='lat' dir='ltr'>et</span> <span class='ocrx_word' id='word_1_56' title='bbox 372 729 542 763; x_wconf 88' lang='lat' dir='ltr'>Clementis</span> <span class='ocrx_word' id='word_1_57' title='bbox 562 729 801 774; x_wconf 86' lang='lat' dir='ltr'>praedictarum</span> <span class='ocrx_word' id='word_1_58' title='bbox 823 735 906 764; x_wconf 89' lang='lat' dir='ltr'>totos</span> <span class='ocrx_word' id='word_1_59' title='bbox 925 736 969 764; x_wconf 90' lang='lat' dir='ltr'>tc-</span> 
     </span>
     <span class='ocr_line' id='line_1_14' title="bbox 225 782 966 827; baseline 0 -10"><span class='ocrx_word' id='word_1_60' title='bbox 225 793 333 824; x_wconf 85' lang='lat' dir='ltr'>nores,</span> <span class='ocrx_word' id='word_1_61' title='bbox 353 782 490 827; x_wconf 84' lang='lat' dir='ltr'>perinde</span> <span class='ocrx_word' id='word_1_62' title='bbox 511 793 547 817; x_wconf 89' lang='lat' dir='ltr'>ac</span> <span class='ocrx_word' id='word_1_63' title='bbox 567 782 593 817; x_wconf 89' lang='lat' dir='ltr'>si</span> <span class='ocrx_word' id='word_1_64' title='bbox 615 783 653 817; x_wconf 90' lang='lat' dir='ltr'>de</span> <span class='ocrx_word' id='word_1_65' title='bbox 668 783 766 817; x_wconf 82' lang='lat' dir='ltr'>verbo</span> <span class='ocrx_word' id='word_1_66' title='bbox 780 784 819 817; x_wconf 85' lang='lat' dir='ltr'>ad</span> <span class='ocrx_word' id='word_1_67' title='bbox 835 784 966 817; x_wconf 88' lang='lat' dir='ltr'>verbum</span> 
     </span>
     <span class='ocr_line' id='line_1_15' title="bbox 225 836 968 882; baseline 0.001 -12"><span class='ocrx_word' id='word_1_68' title='bbox 225 836 456 878; x_wconf 71' lang='lat' dir='ltr'>insererentur,</span> <span class='ocrx_word' id='word_1_69' title='bbox 483 836 709 880; x_wconf 86' lang='lat' dir='ltr'>praesentibus</span> <span class='ocrx_word' id='word_1_70' title='bbox 733 848 793 882; x_wconf 91' lang='lat' dir='ltr'>pro</span> <span class='ocrx_word' id='word_1_71' title='bbox 819 837 913 882; x_wconf 84' lang='lat' dir='ltr'>plene</span> <span class='ocrx_word' id='word_1_72' title='bbox 939 844 968 872; x_wconf 86' lang='lat' dir='ltr'>et</span> 
     </span>
     <span class='ocr_line' id='line_1_16' title="bbox 225 890 967 939; baseline 0.001 -14"><span class='ocrx_word' id='word_1_73' title='bbox 225 890 423 925; x_wconf 78' lang='lat' dir='ltr'>sufficienter</span> <span class='ocrx_word' id='word_1_74' title='bbox 441 890 596 935; x_wconf 81' lang='lat' dir='ltr'>expressis</span> <span class='ocrx_word' id='word_1_75' title='bbox 610 891 703 939; x_wconf 80' lang='lat' dir='ltr'>acad</span> <span class='ocrx_word' id='word_1_76' title='bbox 717 891 848 925; x_wconf 90' lang='lat' dir='ltr'>verbum</span> <span class='ocrx_word' id='word_1_77' title='bbox 867 891 967 926; x_wconf 85' lang='lat' dir='ltr'>inser-</span> 
     </span>
     <span class='ocr_line' id='line_1_17' title="bbox 226 944 966 988; baseline 0.003 -10"><span class='ocrx_word' id='word_1_78' title='bbox 226 944 265 979; x_wconf 85' lang='lat' dir='ltr'>tis</span> <span class='ocrx_word' id='word_1_79' title='bbox 282 944 448 986; x_wconf 88' lang='lat' dir='ltr'>habentes‚</span> <span class='ocrx_word' id='word_1_80' title='bbox 472 954 599 978; x_wconf 79' lang='lat' dir='ltr'>necnon</span> <span class='ocrx_word' id='word_1_81' title='bbox 620 944 800 988; x_wconf 84' lang='lat' dir='ltr'>singulares</span> <span class='ocrx_word' id='word_1_82' title='bbox 822 945 966 980; x_wconf 89' lang='lat' dir='ltr'>eiusdem</span> 
     </span>
     <span class='ocr_line' id='line_1_18' title="bbox 225 998 968 1044; baseline 0.001 -11"><span class='ocrx_word' id='word_1_83' title='bbox 225 998 488 1042; x_wconf 83' lang='lat' dir='ltr'>Congregationis</span> <span class='ocrx_word' id='word_1_84' title='bbox 508 1009 663 1043; x_wconf 79' lang='lat' dir='ltr'>personas</span> <span class='ocrx_word' id='word_1_85' title='bbox 684 1009 701 1032; x_wconf 92' lang='lat' dir='ltr'>a</span> <span class='ocrx_word' id='word_1_86' title='bbox 722 999 887 1044; x_wconf 85' lang='lat' dir='ltr'>quibusvis</span> <span class='ocrx_word' id='word_1_87' title='bbox 916 1011 968 1034; x_wconf 85' lang='lat' dir='ltr'>ex-</span> 
     </span>
     <span class='ocr_line' id='line_1_19' title="bbox 225 1051 964 1096; baseline 0 -9"><span class='ocrx_word' id='word_1_88' title='bbox 225 1051 538 1093; x_wconf 78' lang='lat' dir='ltr'>communicationis,</span> <span class='ocrx_word' id='word_1_89' title='bbox 563 1052 782 1096; x_wconf 87' lang='lat' dir='ltr'>suspensionis</span> <span class='ocrx_word' id='word_1_90' title='bbox 807 1059 837 1086; x_wconf 89' lang='lat' dir='ltr'>et</span> <span class='ocrx_word' id='word_1_91' title='bbox 862 1053 964 1087; x_wconf 89' lang='lat' dir='ltr'>inter-</span> 
     </span>
     <span class='ocr_line' id='line_1_20' title="bbox 225 1105 963 1150; baseline 0 -9"><span class='ocrx_word' id='word_1_92' title='bbox 225 1106 302 1142; x_wconf 87' lang='lat' dir='ltr'>dicti</span> <span class='ocrx_word' id='word_1_93' title='bbox 316 1133 324 1148; x_wconf 88' lang='lat'>,</span> <span class='ocrx_word' id='word_1_94' title='bbox 353 1105 488 1150; x_wconf 88' lang='lat' dir='ltr'>aliisque</span> <span class='ocrx_word' id='word_1_95' title='bbox 521 1106 745 1140; x_wconf 87' lang='lat' dir='ltr'>ecclesiasticis</span> <span class='ocrx_word' id='word_1_96' title='bbox 781 1108 963 1149; x_wconf 77' lang='lat' dir='ltr'>sententiis,</span> 
     </span>
     <span class='ocr_line' id='line_1_21' title="bbox 225 1159 967 1204; baseline 0 -9"><span class='ocrx_word' id='word_1_97' title='bbox 225 1160 368 1195; x_wconf 87' lang='lat' dir='ltr'>censuris</span> <span class='ocrx_word' id='word_1_98' title='bbox 389 1166 420 1194; x_wconf 85' lang='lat' dir='ltr'>et</span> <span class='ocrx_word' id='word_1_99' title='bbox 436 1159 562 1204; x_wconf 88' lang='lat' dir='ltr'>poenis,</span> <span class='ocrx_word' id='word_1_100' title='bbox 583 1170 599 1193; x_wconf 87' lang='lat' dir='ltr'>a</span> <span class='ocrx_word' id='word_1_101' title='bbox 614 1159 743 1194; x_wconf 89' lang='lat' dir='ltr'>iurevel</span> <span class='ocrx_word' id='word_1_102' title='bbox 765 1161 804 1194; x_wconf 87' lang='lat' dir='ltr'>ab</span> <span class='ocrx_word' id='word_1_103' title='bbox 825 1160 967 1204; x_wconf 85' lang='lat' dir='ltr'>homine,</span> 
     </span>
     <span class='ocr_line' id='line_1_22' title="bbox 225 1213 968 1261; baseline 0.001 -13"><span class='ocrx_word' id='word_1_104' title='bbox 225 1215 337 1261; x_wconf 91' lang='lat' dir='ltr'>quavis</span> <span class='ocrx_word' id='word_1_105' title='bbox 358 1213 526 1247; x_wconf 82' lang='lat' dir='ltr'>occasione</span> <span class='ocrx_word' id='word_1_106' title='bbox 541 1214 587 1247; x_wconf 87' lang='lat' dir='ltr'>vel</span> <span class='ocrx_word' id='word_1_107' title='bbox 603 1217 697 1249; x_wconf 77' lang='lat' dir='ltr'>causa</span> <span class='ocrx_word' id='word_1_108' title='bbox 712 1214 793 1255; x_wconf 86' lang='lat' dir='ltr'>latis,</span> <span class='ocrx_word' id='word_1_109' title='bbox 811 1214 835 1248; x_wconf 90' lang='lat' dir='ltr'>si</span> <span class='ocrx_word' id='word_1_110' title='bbox 850 1215 968 1259; x_wconf 85' lang='lat' dir='ltr'>quibus</span> 
     </span>
     <span class='ocr_line' id='line_1_23' title="bbox 225 1268 966 1314; baseline 0 -11"><span class='ocrx_word' id='word_1_111' title='bbox 225 1268 471 1314; x_wconf 86' lang='lat' dir='ltr'>quomodolibet</span> <span class='ocrx_word' id='word_1_112' title='bbox 496 1268 668 1302; x_wconf 80' lang='lat' dir='ltr'>innodatae</span> <span class='ocrx_word' id='word_1_113' title='bbox 690 1269 838 1309; x_wconf 85' lang='lat' dir='ltr'>existunt,</span> <span class='ocrx_word' id='word_1_114' title='bbox 861 1270 899 1303; x_wconf 90' lang='lat' dir='ltr'>ad</span> <span class='ocrx_word' id='word_1_115' title='bbox 921 1270 966 1303; x_wconf 80' lang='lat' dir='ltr'>ef-</span> 
     </span>
     <span class='ocr_line' id='line_1_24' title="bbox 225 1322 985 1367; baseline -0.001 -10"><span class='ocrx_word' id='word_1_116' title='bbox 225 1323 345 1357; x_wconf 79' lang='lat' dir='ltr'>fectum</span> <span class='ocrx_word' id='word_1_117' title='bbox 359 1322 577 1367; x_wconf 88' lang='lat' dir='ltr'>praesentium</span> <span class='ocrx_word' id='word_1_118' title='bbox 594 1322 757 1356; x_wconf 77' lang='lat' dir='ltr'>dumtaxat</span> <span class='ocrx_word' id='word_1_119' title='bbox 771 1333 968 1367; x_wconf 82' lang='lat' dir='ltr'>consequen·</span> <span class='ocrx_word' id='word_1_120' title='bbox 984 1327 985 1352; x_wconf 63' lang='lat' dir='ltr'>t</span> 
     </span>
     <span class='ocr_line' id='line_1_25' title="bbox 226 1369 985 1417; baseline 0 -7"><span class='ocrx_word' id='word_1_121' title='bbox 226 1376 314 1417; x_wconf 91' lang='lat' dir='ltr'>dum,</span> <span class='ocrx_word' id='word_1_122' title='bbox 327 1375 442 1409; x_wconf 89' lang='lat' dir='ltr'>harum</span> <span class='ocrx_word' id='word_1_123' title='bbox 454 1375 536 1409; x_wconf 91' lang='lat' dir='ltr'>serie</span> <span class='ocrx_word' id='word_1_124' title='bbox 546 1375 748 1409; x_wconf 86' lang='lat' dir='ltr'>absolventes</span> <span class='ocrx_word' id='word_1_125' title='bbox 761 1382 791 1410; x_wconf 92' lang='lat' dir='ltr'>et</span> <span class='ocrx_word' id='word_1_126' title='bbox 804 1377 968 1410; x_wconf 84' lang='lat' dir='ltr'>absolutos</span> <span class='ocrx_word' id='word_1_127' title='bbox 984 1369 985 1375; x_wconf 40' lang='lat'>¹</span> 
     </span>
     <span class='ocr_line' id='line_1_26' title="bbox 225 1429 967 1473; baseline 0 -10"><span class='ocrx_word' id='word_1_128' title='bbox 225 1430 293 1463; x_wconf 90' lang='lat' dir='ltr'>sore</span> <span class='ocrx_word' id='word_1_129' title='bbox 315 1434 493 1463; x_wconf 87' lang='lat' dir='ltr'>censentes:</span> <span class='ocrx_word' id='word_1_130' title='bbox 523 1429 815 1473; x_wconf 80' lang='lat' dir='ltr'>supplicationibus</span> <span class='ocrx_word' id='word_1_131' title='bbox 838 1440 967 1464; x_wconf 86' lang='lat' dir='ltr'>eorum-</span> 
     </span>
     <span class='ocr_line' id='line_1_27' title="bbox 226 1483 966 1528; baseline -0.001 -10"><span class='ocrx_word' id='word_1_132' title='bbox 226 1484 300 1519; x_wconf 88' lang='lat' dir='ltr'>dem</span> <span class='ocrx_word' id='word_1_133' title='bbox 322 1483 533 1526; x_wconf 79' lang='lat' dir='ltr'>visitatorum,</span> <span class='ocrx_word' id='word_1_134' title='bbox 554 1483 759 1528; x_wconf 84' lang='lat' dir='ltr'>superiorum</span> <span class='ocrx_word' id='word_1_135' title='bbox 786 1490 815 1517; x_wconf 90' lang='lat' dir='ltr'>et</span> <span class='ocrx_word' id='word_1_136' title='bbox 837 1484 966 1527; x_wconf 74' lang='lat' dir='ltr'>religio-</span> 
     </span>
     <span class='ocr_line' id='line_1_28' title="bbox 226 1537 963 1582; baseline -0.001 -11"><span class='ocrx_word' id='word_1_137' title='bbox 226 1547 335 1571; x_wconf 86' lang='lat' dir='ltr'>sorum</span> <span class='ocrx_word' id='word_1_138' title='bbox 356 1537 499 1579; x_wconf 89' lang='lat' dir='ltr'>nominc,</span> <span class='ocrx_word' id='word_1_139' title='bbox 519 1548 578 1582; x_wconf 88' lang='lat' dir='ltr'>per</span> <span class='ocrx_word' id='word_1_140' title='bbox 603 1537 754 1571; x_wconf 91' lang='lat' dir='ltr'>dilectum</span> <span class='ocrx_word' id='word_1_141' title='bbox 780 1537 883 1571; x_wconf 81' lang='lat' dir='ltr'>silium</span> <span class='ocrx_word' id='word_1_142' title='bbox 906 1538 963 1572; x_wconf 92' lang='lat' dir='ltr'>Isi-</span> 
     </span>
     <span class='ocr_line' id='line_1_29' title="bbox 226 1591 966 1636; baseline -0.003 -10"><span class='ocrx_word' id='word_1_143' title='bbox 226 1592 341 1626; x_wconf 89' lang='lat' dir='ltr'>dorum</span> <span class='ocrx_word' id='word_1_144' title='bbox 355 1591 524 1632; x_wconf 79' lang='lat' dir='ltr'>Venetum,</span> <span class='ocrx_word' id='word_1_145' title='bbox 541 1592 673 1625; x_wconf 78' lang='lat' dir='ltr'>fratrem</span> <span class='ocrx_word' id='word_1_146' title='bbox 684 1597 713 1624; x_wconf 88' lang='lat' dir='ltr'>et</span> <span class='ocrx_word' id='word_1_147' title='bbox 723 1597 966 1636; x_wconf 86' lang='lat' dir='ltr'>procuratorem</span> 
     </span>
     <span class='ocr_line' id='line_1_30' title="bbox 225 1645 969 1690; baseline 0 -10"><span class='ocrx_word' id='word_1_148' title='bbox 225 1646 409 1690; x_wconf 83' lang='lat' dir='ltr'>generalem</span> <span class='ocrx_word' id='word_1_149' title='bbox 439 1645 543 1679; x_wconf 89' lang='lat' dir='ltr'>dictae</span> <span class='ocrx_word' id='word_1_150' title='bbox 570 1645 851 1689; x_wconf 79' lang='lat' dir='ltr'>Congregationis,</span> <span class='ocrx_word' id='word_1_151' title='bbox 875 1646 969 1680; x_wconf 87' lang='lat' dir='ltr'>nobis</span> 
     </span>
     <span class='ocr_line' id='line_1_31' title="bbox 224 1699 964 1745; baseline 0 -11"><span class='ocrx_word' id='word_1_152' title='bbox 224 1711 323 1745; x_wconf 89' lang='lat' dir='ltr'>super</span> <span class='ocrx_word' id='word_1_153' title='bbox 343 1700 405 1734; x_wconf 91' lang='lat' dir='ltr'>hoc</span> <span class='ocrx_word' id='word_1_154' title='bbox 431 1699 598 1733; x_wconf 87' lang='lat' dir='ltr'>humiliter</span> <span class='ocrx_word' id='word_1_155' title='bbox 626 1699 783 1744; x_wconf 85' lang='lat' dir='ltr'>porrectis</span> <span class='ocrx_word' id='word_1_156' title='bbox 804 1700 964 1734; x_wconf 88' lang='lat' dir='ltr'>inclinati:</span> 
     </span>
     <span class='ocr_line' id='line_1_32' title="bbox 226 1753 967 1788; baseline 0 0"><span class='ocrx_word' id='word_1_157' title='bbox 226 1765 262 1788; x_wconf 82' lang='lat' dir='ltr'>ex</span> <span class='ocrx_word' id='word_1_158' title='bbox 279 1759 353 1788; x_wconf 92' lang='lat' dir='ltr'>voto</span> <span class='ocrx_word' id='word_1_159' title='bbox 371 1753 605 1788; x_wconf 88' lang='lat' dir='ltr'>venerabilium</span> <span class='ocrx_word' id='word_1_160' title='bbox 628 1754 762 1787; x_wconf 82' lang='lat' dir='ltr'>fratrum</span> <span class='ocrx_word' id='word_1_161' title='bbox 782 1760 967 1788; x_wconf 87' lang='lat' dir='ltr'>nostrorum</span> 
     </span>
     <span class='ocr_line' id='line_1_33' title="bbox 225 1806 969 1851; baseline -0.001 -9"><span class='ocrx_word' id='word_1_162' title='bbox 225 1807 255 1842; x_wconf 90' lang='lat' dir='ltr'>S.</span> <span class='ocrx_word' id='word_1_163' title='bbox 279 1807 315 1841; x_wconf 89' lang='lat' dir='ltr'>R.</span> <span class='ocrx_word' id='word_1_164' title='bbox 338 1807 372 1841; x_wconf 92' lang='lat' dir='ltr'>E.</span> <span class='ocrx_word' id='word_1_165' title='bbox 397 1806 610 1841; x_wconf 87' lang='lat' dir='ltr'>cardinalium</span> <span class='ocrx_word' id='word_1_166' title='bbox 641 1817 738 1851; x_wconf 90' lang='lat' dir='ltr'>super</span> <span class='ocrx_word' id='word_1_167' title='bbox 759 1807 969 1842; x_wconf 89' lang='lat' dir='ltr'>consultatio-</span> 
     </span>
     <span class='ocr_line' id='line_1_34' title="bbox 225 1861 968 1905; baseline 0.001 -10"><span class='ocrx_word' id='word_1_168' title='bbox 225 1861 320 1895; x_wconf 88' lang='lat' dir='ltr'>nibus</span> <span class='ocrx_word' id='word_1_169' title='bbox 338 1869 368 1895; x_wconf 86' lang='lat' dir='ltr'>et</span> <span class='ocrx_word' id='word_1_170' title='bbox 387 1861 524 1904; x_wconf 80' lang='lat' dir='ltr'>negotiis</span> <span class='ocrx_word' id='word_1_171' title='bbox 538 1861 772 1905; x_wconf 88' lang='lat' dir='ltr'>Episcoporum</span> <span class='ocrx_word' id='word_1_172' title='bbox 789 1867 818 1895; x_wconf 92' lang='lat' dir='ltr'>et</span> <span class='ocrx_word' id='word_1_173' title='bbox 833 1862 968 1905; x_wconf 78' lang='lat' dir='ltr'>Regula-</span> 
     </span>
     <span class='ocr_line' id='line_1_35' title="bbox 226 1915 966 1960; baseline 0 -11"><span class='ocrx_word' id='word_1_174' title='bbox 226 1915 309 1950; x_wconf 90' lang='lat' dir='ltr'>rium</span> <span class='ocrx_word' id='word_1_175' title='bbox 324 1915 567 1960; x_wconf 85' lang='lat' dir='ltr'>deputatorum,</span> <span class='ocrx_word' id='word_1_176' title='bbox 581 1915 698 1960; x_wconf 88' lang='lat' dir='ltr'>quibus</span> <span class='ocrx_word' id='word_1_177' title='bbox 719 1915 780 1948; x_wconf 89' lang='lat' dir='ltr'>hoc</span> <span class='ocrx_word' id='word_1_178' title='bbox 801 1916 966 1959; x_wconf 74' lang='lat' dir='ltr'>negotium</span> 
     </span>
     <span class='ocr_line' id='line_1_36' title="bbox 226 1969 968 2004; baseline 0.001 -1"><span class='ocrx_word' id='word_1_179' title='bbox 226 1969 475 2004; x_wconf 86' lang='lat' dir='ltr'>examinandum</span> <span class='ocrx_word' id='word_1_180' title='bbox 495 1975 525 2003; x_wconf 88' lang='lat' dir='ltr'>et</span> <span class='ocrx_word' id='word_1_181' title='bbox 538 1969 631 2003; x_wconf 86' lang='lat' dir='ltr'>nobis</span> <span class='ocrx_word' id='word_1_182' title='bbox 651 1969 857 2003; x_wconf 78' lang='lat' dir='ltr'>referendum</span> <span class='ocrx_word' id='word_1_183' title='bbox 879 1980 968 2004; x_wconf 86' lang='lat' dir='ltr'>com-</span> 
     </span>
     <span class='ocr_line' id='line_1_37' title="bbox 227 2023 970 2068; baseline 0.001 -11"><span class='ocrx_word' id='word_1_184' title='bbox 227 2023 384 2065; x_wconf 91' lang='lat' dir='ltr'>misimus,</span> <span class='ocrx_word' id='word_1_185' title='bbox 401 2024 433 2057; x_wconf 90' lang='lat' dir='ltr'>in</span> <span class='ocrx_word' id='word_1_186' title='bbox 454 2023 567 2068; x_wconf 91' lang='lat' dir='ltr'>primis</span> <span class='ocrx_word' id='word_1_187' title='bbox 588 2029 618 2057; x_wconf 91' lang='lat' dir='ltr'>et</span> <span class='ocrx_word' id='word_1_188' title='bbox 636 2029 709 2057; x_wconf 86' lang='lat' dir='ltr'>ante</span> <span class='ocrx_word' id='word_1_189' title='bbox 728 2024 836 2058; x_wconf 86' lang='lat' dir='ltr'>omnia</span> <span class='ocrx_word' id='word_1_190' title='bbox 859 2024 970 2058; x_wconf 89' lang='lat' dir='ltr'>decre-</span> 
     </span>
     <span class='ocr_line' id='line_1_38' title="bbox 227 2076 969 2120; baseline -0.001 -9"><span class='ocrx_word' id='word_1_191' title='bbox 227 2083 293 2111; x_wconf 87' lang='lat' dir='ltr'>tum</span> <span class='ocrx_word' id='word_1_192' title='bbox 326 2082 357 2111; x_wconf 84' lang='lat' dir='ltr'>et</span> <span class='ocrx_word' id='word_1_193' title='bbox 387 2076 510 2111; x_wconf 82' lang='lat' dir='ltr'>litteras</span> <span class='ocrx_word' id='word_1_194' title='bbox 548 2076 694 2120; x_wconf 70' lang='lat' dir='ltr'>Gregorii</span> <span class='ocrx_word' id='word_1_195' title='bbox 733 2083 763 2110; x_wconf 86' lang='lat' dir='ltr'>ct</span> <span class='ocrx_word' id='word_1_196' title='bbox 799 2077 969 2111; x_wconf 86' lang='lat' dir='ltr'>Clementis</span> 
     </span>
     <span class='ocr_line' id='line_1_39' title="bbox 226 2131 968 2176; baseline -0.001 -11"><span class='ocrx_word' id='word_1_197' title='bbox 226 2131 514 2176; x_wconf 88' lang='lat' dir='ltr'>praedecessorum</span> <span class='ocrx_word' id='word_1_198' title='bbox 535 2131 746 2176; x_wconf 86' lang='lat' dir='ltr'>supradictas,</span> <span class='ocrx_word' id='word_1_199' title='bbox 761 2132 792 2165; x_wconf 89' lang='lat' dir='ltr'>in</span> <span class='ocrx_word' id='word_1_200' title='bbox 812 2138 968 2176; x_wconf 85' lang='lat' dir='ltr'>quantum</span> 
     </span>
     <span class='ocr_line' id='line_1_40' title="bbox 226 2185 971 2231; baseline 0 -12"><span class='ocrx_word' id='word_1_201' title='bbox 226 2185 451 2231; x_wconf 84' lang='lat' dir='ltr'>praesentibus</span> <span class='ocrx_word' id='word_1_202' title='bbox 460 2185 680 2226; x_wconf 80' lang='lat' dir='ltr'>adversantur,</span> <span class='ocrx_word' id='word_1_203' title='bbox 695 2185 885 2219; x_wconf 89' lang='lat' dir='ltr'>auctoritate</span> <span class='ocrx_word' id='word_1_204' title='bbox 897 2196 971 2230; x_wconf 90' lang='lat' dir='ltr'>apo-</span> 
     </span>
     <span class='ocr_line' id='line_1_41' title="bbox 227 2239 969 2284; baseline -0.003 -10"><span class='ocrx_word' id='word_1_205' title='bbox 227 2240 350 2281; x_wconf 77' lang='lat' dir='ltr'>stolica,</span> <span class='ocrx_word' id='word_1_206' title='bbox 371 2245 482 2273; x_wconf 88' lang='lat' dir='ltr'>tenore</span> <span class='ocrx_word' id='word_1_207' title='bbox 496 2239 727 2283; x_wconf 90' lang='lat' dir='ltr'>praesentium,</span> <span class='ocrx_word' id='word_1_208' title='bbox 741 2245 900 2284; x_wconf 87' lang='lat' dir='ltr'>perpetuo</span> <span class='ocrx_word' id='word_1_209' title='bbox 922 2250 969 2273; x_wconf 88' lang='lat' dir='ltr'>re—</span> 
     </span>
     <span class='ocr_line' id='line_1_42' title="bbox 227 2293 968 2337; baseline -0.001 -10"><span class='ocrx_word' id='word_1_210' title='bbox 227 2304 377 2329; x_wconf 86' lang='lat' dir='ltr'>vocamus</span> <span class='ocrx_word' id='word_1_211' title='bbox 392 2299 422 2327; x_wconf 92' lang='lat' dir='ltr'>et</span> <span class='ocrx_word' id='word_1_212' title='bbox 442 2293 659 2334; x_wconf 79' lang='lat' dir='ltr'>annullamus,</span> <span class='ocrx_word' id='word_1_213' title='bbox 677 2299 707 2327; x_wconf 89' lang='lat' dir='ltr'>et</span> <span class='ocrx_word' id='word_1_214' title='bbox 725 2293 968 2337; x_wconf 83' lang='lat' dir='ltr'>suspensionem</span> 
     </span>
     <span class='ocr_line' id='line_1_43' title="bbox 227 2346 966 2391; baseline -0.003 -10"><span class='ocrx_word' id='word_1_215' title='bbox 227 2347 266 2381; x_wconf 89' lang='lat' dir='ltr'>ab</span> <span class='ocrx_word' id='word_1_216' title='bbox 295 2347 481 2382; x_wconf 84' lang='lat' dir='ltr'>executione</span> <span class='ocrx_word' id='word_1_217' title='bbox 506 2346 678 2387; x_wconf 87' lang='lat' dir='ltr'>ordinum,</span> <span class='ocrx_word' id='word_1_218' title='bbox 708 2352 742 2380; x_wconf 91' lang='lat' dir='ltr'>ut</span> <span class='ocrx_word' id='word_1_219' title='bbox 765 2347 966 2391; x_wconf 85' lang='lat' dir='ltr'>praefertur,</span> 
     </span>
     <span class='ocr_line' id='line_1_44' title="bbox 228 2399 970 2443; baseline 0 -9"><span class='ocrx_word' id='word_1_220' title='bbox 228 2401 355 2443; x_wconf 81' lang='lat' dir='ltr'>factam,</span> <span class='ocrx_word' id='word_1_221' title='bbox 372 2401 522 2435; x_wconf 86' lang='lat' dir='ltr'>omnibus</span> <span class='ocrx_word' id='word_1_222' title='bbox 536 2406 565 2434; x_wconf 91' lang='lat' dir='ltr'>et</span> <span class='ocrx_word' id='word_1_223' title='bbox 580 2400 715 2443; x_wconf 81' lang='lat' dir='ltr'>singulis</span> <span class='ocrx_word' id='word_1_224' title='bbox 733 2399 875 2434; x_wconf 90' lang='lat' dir='ltr'>eiusdem</span> <span class='ocrx_word' id='word_1_225' title='bbox 894 2400 970 2434; x_wconf 87' lang='lat' dir='ltr'>Con-</span> 
     </span>
     <span class='ocr_line' id='line_1_45' title="bbox 228 2453 968 2499; baseline -0.003 -10"><span class='ocrx_word' id='word_1_226' title='bbox 228 2454 421 2498; x_wconf 79' lang='lat' dir='ltr'>gregationis</span> <span class='ocrx_word' id='word_1_227' title='bbox 430 2454 598 2498; x_wconf 72' lang='lat' dir='ltr'>religiosis,</span> <span class='ocrx_word' id='word_1_228' title='bbox 612 2453 665 2499; x_wconf 89' lang='lat' dir='ltr'>qui</span> <span class='ocrx_word' id='word_1_229' title='bbox 681 2453 720 2487; x_wconf 87' lang='lat' dir='ltr'>ad</span> <span class='ocrx_word' id='word_1_230' title='bbox 731 2453 860 2487; x_wconf 87' lang='lat' dir='ltr'>ordines</span> <span class='ocrx_word' id='word_1_231' title='bbox 874 2454 968 2487; x_wconf 89' lang='lat' dir='ltr'>etiam</span> 
     </span>
     <span class='ocr_line' id='line_1_46' title="bbox 228 2507 966 2553; baseline 0 -12"><span class='ocrx_word' id='word_1_232' title='bbox 228 2518 335 2542; x_wconf 84' lang='lat' dir='ltr'>sacros</span> <span class='ocrx_word' id='word_1_233' title='bbox 355 2513 386 2542; x_wconf 88' lang='lat' dir='ltr'>et</span> <span class='ocrx_word' id='word_1_234' title='bbox 405 2508 656 2553; x_wconf 78' lang='lat' dir='ltr'>presbyteratus,</span> <span class='ocrx_word' id='word_1_235' title='bbox 674 2507 752 2541; x_wconf 79' lang='lat' dir='ltr'>alias</span> <span class='ocrx_word' id='word_1_236' title='bbox 769 2513 873 2540; x_wconf 88' lang='lat' dir='ltr'>tamen</span> <span class='ocrx_word' id='word_1_237' title='bbox 896 2507 966 2548; x_wconf 89' lang='lat' dir='ltr'>rite,</span> 
     </span>
     <span class='ocr_line' id='line_1_47' title="bbox 229 2561 968 2606; baseline -0.001 -11"><span class='ocrx_word' id='word_1_238' title='bbox 229 2561 371 2606; x_wconf 89' lang='lat' dir='ltr'>promoti</span> <span class='ocrx_word' id='word_1_239' title='bbox 387 2561 571 2602; x_wconf 82' lang='lat' dir='ltr'>extiterunt,</span> <span class='ocrx_word' id='word_1_240' title='bbox 585 2561 628 2594; x_wconf 90' lang='lat' dir='ltr'>ita</span> <span class='ocrx_word' id='word_1_241' title='bbox 649 2567 684 2595; x_wconf 87' lang='lat' dir='ltr'>ut</span> <span class='ocrx_word' id='word_1_242' title='bbox 704 2561 841 2605; x_wconf 86' lang='lat' dir='ltr'>quilibet</span> <span class='ocrx_word' id='word_1_243' title='bbox 856 2571 968 2594; x_wconf 89' lang='lat' dir='ltr'>eorum</span> 
     </span>
     <span class='ocr_line' id='line_1_48' title="bbox 231 2615 969 2659; baseline 0.001 -12"><span class='ocrx_word' id='word_1_244' title='bbox 231 2615 261 2648; x_wconf 88' lang='lat' dir='ltr'>in</span> <span class='ocrx_word' id='word_1_245' title='bbox 291 2615 446 2659; x_wconf 88' lang='lat' dir='ltr'>susceptis</span> <span class='ocrx_word' id='word_1_246' title='bbox 467 2615 636 2649; x_wconf 86' lang='lat' dir='ltr'>ordinibus</span> <span class='ocrx_word' id='word_1_247' title='bbox 665 2615 838 2659; x_wconf 89' lang='lat' dir='ltr'>deinceps,</span> <span class='ocrx_word' id='word_1_248' title='bbox 862 2615 969 2659; x_wconf 85' lang='lat' dir='ltr'>quoad</span> 
     </span>
    </p>
   </div>
   <div class='ocr_carea' id='block_1_8' title="bbox 984 305 990 2702">
    <p class='ocr_par' dir='ltr' id='par_1_8' title="bbox 984 305 990 2702">
     <span class='ocr_line' id='line_1_49' title="bbox 984 305 990 2702; baseline 0 0"><span class='ocrx_word' id='word_1_249' title='bbox 984 305 990 2702; x_wconf 95' lang='lat' dir='ltr'> </span> 
     </span>
    </p>
   </div>
   <div class='ocr_carea' id='block_1_9' title="bbox 230 2667 952 2761">
    <p class='ocr_par' dir='ltr' id='par_1_9' title="bbox 230 2667 952 2761">
     <span class='ocr_line' id='line_1_50' title="bbox 230 2667 952 2710; baseline 0 -10"><span class='ocrx_word' id='word_1_250' title='bbox 230 2667 374 2710; x_wconf 85' lang='lat' dir='ltr'>vixerint,</span> <span class='ocrx_word' id='word_1_251' title='bbox 387 2668 481 2702; x_wconf 90' lang='lat' dir='ltr'>etiam</span> <span class='ocrx_word' id='word_1_252' title='bbox 497 2668 528 2702; x_wconf 90' lang='lat' dir='ltr'>in</span> <span class='ocrx_word' id='word_1_253' title='bbox 550 2668 659 2702; x_wconf 88' lang='lat' dir='ltr'>altaris</span> <span class='ocrx_word' id='word_1_254' title='bbox 677 2668 856 2702; x_wconf 88' lang='lat' dir='ltr'>ministerio</span> <span class='ocrx_word' id='word_1_255' title='bbox 876 2667 952 2700; x_wconf 87' lang='lat' dir='ltr'>mini</span> 
     </span>
     <span class='ocr_line' id='line_1_51' title="bbox 312 2730 941 2761; baseline -0.005 -1"><span class='ocrx_word' id='word_1_256' title='bbox 312 2731 391 2760; x_wconf 80' lang='lat' dir='ltr'>Buzt.</span> <span class='ocrx_word' id='word_1_257' title='bbox 409 2731 492 2760; x_wconf 86' lang='lat' dir='ltr'>Rom.</span> <span class='ocrx_word' id='word_1_258' title='bbox 510 2747 543 2753; x_wconf 84' lang='lat'>-</span> <span class='ocrx_word' id='word_1_259' title='bbox 563 2732 621 2761; x_wconf 84' lang='lat' dir='ltr'>Vol.</span> <span class='ocrx_word' id='word_1_260' title='bbox 640 2732 688 2760; x_wconf 86' lang='lat' dir='ltr'>XI.</span> <span class='ocrx_word' id='word_1_261' title='bbox 907 2730 941 2758; x_wconf 84' lang='lat'>35</span> 
     </span>
    </p>
   </div>
   <div class='ocr_carea' id='block_1_10' title="bbox 1003 244 1747 1042">
    <p class='ocr_par' dir='ltr' id='par_1_10' title="bbox 1652 244 1716 279">
     <span class='ocr_line' id='line_1_52' title="bbox 1652 244 1716 279; baseline 0.031 -2"><span class='ocrx_word' id='word_1_262' title='bbox 1652 244 1716 279; x_wconf 69' lang='lat'>273</span> 
     </span>
    </p>

    <p class='ocr_par' dir='ltr' id='par_1_11' title="bbox 1003 302 1747 1042">
     <span class='ocr_line' id='line_1_53' title="bbox 1004 302 1746 347; baseline 0.004 -14"><span class='ocrx_word' id='word_1_263' title='bbox 1004 306 1116 342; x_wconf 89' lang='lat' dir='ltr'>strare,</span> <span class='ocrx_word' id='word_1_264' title='bbox 1135 308 1165 336; x_wconf 91' lang='lat' dir='ltr'>et</span> <span class='ocrx_word' id='word_1_265' title='bbox 1185 311 1249 336; x_wconf 91' lang='lat' dir='ltr'>non</span> <span class='ocrx_word' id='word_1_266' title='bbox 1270 308 1436 347; x_wconf 82' lang='lat' dir='ltr'>susceptos</span> <span class='ocrx_word' id='word_1_267' title='bbox 1460 302 1634 347; x_wconf 88' lang='lat' dir='ltr'>suscipere,</span> <span class='ocrx_word' id='word_1_268' title='bbox 1659 309 1689 337; x_wconf 86' lang='lat' dir='ltr'>et</span> <span class='ocrx_word' id='word_1_269' title='bbox 1714 303 1746 336; x_wconf 89' lang='lat' dir='ltr'>in</span> 
     </span>
     <span class='ocr_line' id='line_1_54' title="bbox 1005 354 1747 401; baseline 0.005 -15"><span class='ocrx_word' id='word_1_270' title='bbox 1005 354 1066 387; x_wconf 88' lang='lat' dir='ltr'>illis</span> <span class='ocrx_word' id='word_1_271' title='bbox 1079 355 1201 398; x_wconf 87' lang='lat' dir='ltr'>pariter</span> <span class='ocrx_word' id='word_1_272' title='bbox 1219 355 1401 390; x_wconf 86' lang='lat' dir='ltr'>ministrare</span> <span class='ocrx_word' id='word_1_273' title='bbox 1423 356 1522 390; x_wconf 89' lang='lat' dir='ltr'>libere</span> <span class='ocrx_word' id='word_1_274' title='bbox 1540 356 1674 401; x_wconf 91' lang='lat' dir='ltr'>possint,</span> <span class='ocrx_word' id='word_1_275' title='bbox 1691 367 1747 390; x_wconf 91' lang='lat' dir='ltr'>au-</span> 
     </span>
     <span class='ocr_line' id='line_1_55' title="bbox 1005 408 1743 455; baseline 0.005 -15"><span class='ocrx_word' id='word_1_276' title='bbox 1005 408 1154 442; x_wconf 87' lang='lat' dir='ltr'>ctoritate</span> <span class='ocrx_word' id='word_1_277' title='bbox 1173 409 1361 452; x_wconf 72' lang='lat' dir='ltr'>apostolica,</span> <span class='ocrx_word' id='word_1_278' title='bbox 1381 416 1491 444; x_wconf 90' lang='lat' dir='ltr'>tenore</span> <span class='ocrx_word' id='word_1_279' title='bbox 1512 411 1743 455; x_wconf 83' lang='lat' dir='ltr'>praesentium,</span> 
     </span>
     <span class='ocr_line' id='line_1_56' title="bbox 1004 461 1747 504; baseline 0.005 -10"><span class='ocrx_word' id='word_1_280' title='bbox 1004 461 1143 504; x_wconf 78' lang='lat' dir='ltr'>gratiose</span> <span class='ocrx_word' id='word_1_281' title='bbox 1165 462 1357 503; x_wconf 82' lang='lat' dir='ltr'>relaxamus,</span> <span class='ocrx_word' id='word_1_282' title='bbox 1374 474 1409 496; x_wconf 84' lang='lat' dir='ltr'>ac</span> <span class='ocrx_word' id='word_1_283' title='bbox 1431 464 1502 497; x_wconf 90' lang='lat' dir='ltr'>illos</span> <span class='ocrx_word' id='word_1_284' title='bbox 1516 470 1667 498; x_wconf 89' lang='lat' dir='ltr'>omneset</span> <span class='ocrx_word' id='word_1_285' title='bbox 1683 465 1747 498; x_wconf 89' lang='lat' dir='ltr'>sin-</span> 
     </span>
     <span class='ocr_line' id='line_1_57' title="bbox 1004 515 1747 563; baseline 0.007 -16"><span class='ocrx_word' id='word_1_286' title='bbox 1004 515 1096 558; x_wconf 78' lang='lat' dir='ltr'>gulos</span> <span class='ocrx_word' id='word_1_287' title='bbox 1111 515 1150 548; x_wconf 88' lang='lat' dir='ltr'>ad</span> <span class='ocrx_word' id='word_1_288' title='bbox 1162 516 1449 550; x_wconf 83' lang='lat' dir='ltr'>ministrandumin</span> <span class='ocrx_word' id='word_1_289' title='bbox 1464 518 1620 563; x_wconf 85' lang='lat' dir='ltr'>susceptis</span> <span class='ocrx_word' id='word_1_290' title='bbox 1630 518 1747 552; x_wconf 87' lang='lat' dir='ltr'>ordini-</span> 
     </span>
     <span class='ocr_line' id='line_1_58' title="bbox 1004 568 1746 616; baseline 0.007 -15"><span class='ocrx_word' id='word_1_291' title='bbox 1004 568 1074 609; x_wconf 76' lang='lat' dir='ltr'>bus,</span> <span class='ocrx_word' id='word_1_292' title='bbox 1092 575 1187 613; x_wconf 84' lang='lat' dir='ltr'>atque</span> <span class='ocrx_word' id='word_1_293' title='bbox 1199 570 1239 602; x_wconf 91' lang='lat' dir='ltr'>ad</span> <span class='ocrx_word' id='word_1_294' title='bbox 1253 571 1494 604; x_wconf 81' lang='lat' dir='ltr'>ascendendum</span> <span class='ocrx_word' id='word_1_295' title='bbox 1511 572 1549 605; x_wconf 86' lang='lat' dir='ltr'>ad</span> <span class='ocrx_word' id='word_1_296' title='bbox 1563 572 1746 616; x_wconf 88' lang='lat' dir='ltr'>superiores</span> 
     </span>
     <span class='ocr_line' id='line_1_59' title="bbox 1004 625 1746 668; baseline 0.007 -13"><span class='ocrx_word' id='word_1_297' title='bbox 1004 628 1034 655; x_wconf 90' lang='lat' dir='ltr'>et</span> <span class='ocrx_word' id='word_1_298' title='bbox 1056 633 1120 656; x_wconf 90' lang='lat' dir='ltr'>non</span> <span class='ocrx_word' id='word_1_299' title='bbox 1146 630 1311 668; x_wconf 84' lang='lat' dir='ltr'>susceptos</span> <span class='ocrx_word' id='word_1_300' title='bbox 1337 625 1468 658; x_wconf 86' lang='lat' dir='ltr'>ordines</span> <span class='ocrx_word' id='word_1_301' title='bbox 1491 625 1746 661; x_wconf 82' lang='lat' dir='ltr'>rehabilitamus.</span> 
     </span>
     <span class='ocr_line' id='line_1_60' title="bbox 1004 676 1747 724; baseline 0.007 -16"><span class='ocrx_word' id='word_1_302' title='bbox 1004 676 1185 716; x_wconf 84' lang='lat' dir='ltr'>Praeterea,</span> <span class='ocrx_word' id='word_1_303' title='bbox 1209 682 1255 717; x_wconf 88' lang='lat' dir='ltr'>ut,</span> <span class='ocrx_word' id='word_1_304' title='bbox 1281 678 1524 721; x_wconf 86' lang='lat' dir='ltr'>comprehensis</span> <span class='ocrx_word' id='word_1_305' title='bbox 1554 679 1747 724; x_wconf 85' lang='lat' dir='ltr'>supradictis</span> 
     </span>
     <span class='ocr_line' id='line_1_61' title="bbox 1004 729 1747 776; baseline 0.007 -14"><span class='ocrx_word' id='word_1_306' title='bbox 1004 729 1065 762; x_wconf 90' lang='lat' dir='ltr'>iam</span> <span class='ocrx_word' id='word_1_307' title='bbox 1082 730 1120 763; x_wconf 89' lang='lat' dir='ltr'>ad</span> <span class='ocrx_word' id='word_1_308' title='bbox 1133 740 1242 764; x_wconf 85' lang='lat' dir='ltr'>saeros</span> <span class='ocrx_word' id='word_1_309' title='bbox 1257 731 1388 764; x_wconf 87' lang='lat' dir='ltr'>ordines</span> <span class='ocrx_word' id='word_1_310' title='bbox 1406 732 1576 776; x_wconf 83' lang='lat' dir='ltr'>promotis,</span> <span class='ocrx_word' id='word_1_311' title='bbox 1591 733 1646 766; x_wconf 90' lang='lat' dir='ltr'>alii</span> <span class='ocrx_word' id='word_1_312' title='bbox 1663 733 1747 768; x_wconf 88' lang='lat' dir='ltr'>eius-</span> 
     </span>
     <span class='ocr_line' id='line_1_62' title="bbox 1004 783 1747 831; baseline 0.007 -15"><span class='ocrx_word' id='word_1_313' title='bbox 1004 783 1077 816; x_wconf 85' lang='lat' dir='ltr'>dem</span> <span class='ocrx_word' id='word_1_314' title='bbox 1112 784 1377 827; x_wconf 74' lang='lat' dir='ltr'>Congregationis</span> <span class='ocrx_word' id='word_1_315' title='bbox 1408 785 1550 828; x_wconf 79' lang='lat' dir='ltr'>religiosi</span> <span class='ocrx_word' id='word_1_316' title='bbox 1582 797 1682 831; x_wconf 91' lang='lat' dir='ltr'>usque</span> <span class='ocrx_word' id='word_1_317' title='bbox 1707 788 1747 821; x_wconf 88' lang='lat' dir='ltr'>ad</span> 
     </span>
     <span class='ocr_line' id='line_1_63' title="bbox 1003 836 1747 881; baseline 0.005 -12"><span class='ocrx_word' id='word_1_318' title='bbox 1003 836 1200 881; x_wconf 87' lang='lat' dir='ltr'>completum</span> <span class='ocrx_word' id='word_1_319' title='bbox 1212 847 1384 871; x_wconf 88' lang='lat' dir='ltr'>numerum</span> <span class='ocrx_word' id='word_1_320' title='bbox 1396 844 1522 872; x_wconf 87' lang='lat' dir='ltr'>centum</span> <span class='ocrx_word' id='word_1_321' title='bbox 1538 839 1702 873; x_wconf 80' lang='lat' dir='ltr'>dumtaxat</span> <span class='ocrx_word' id='word_1_322' title='bbox 1715 840 1747 874; x_wconf 89' lang='lat' dir='ltr'>in</span> 
     </span>
     <span class='ocr_line' id='line_1_64' title="bbox 1004 890 1747 935; baseline 0.007 -13"><span class='ocrx_word' id='word_1_323' title='bbox 1004 891 1069 923; x_wconf 72' lang='lat' dir='ltr'>tota</span> <span class='ocrx_word' id='word_1_324' title='bbox 1098 890 1355 934; x_wconf 82' lang='lat' dir='ltr'>Congregatione</span> <span class='ocrx_word' id='word_1_325' title='bbox 1384 892 1550 935; x_wconf 71' lang='lat' dir='ltr'>praedicta</span> <span class='ocrx_word' id='word_1_326' title='bbox 1571 893 1611 926; x_wconf 91' lang='lat' dir='ltr'>ad</span> <span class='ocrx_word' id='word_1_327' title='bbox 1635 904 1747 927; x_wconf 90' lang='lat' dir='ltr'>omnes</span> 
     </span>
     <span class='ocr_line' id='line_1_65' title="bbox 1004 943 1746 990; baseline 0.005 -14"><span class='ocrx_word' id='word_1_328' title='bbox 1004 943 1098 977; x_wconf 88' lang='lat' dir='ltr'>etiam</span> <span class='ocrx_word' id='word_1_329' title='bbox 1124 954 1231 978; x_wconf 89' lang='lat' dir='ltr'>sacros</span> <span class='ocrx_word' id='word_1_330' title='bbox 1250 951 1279 978; x_wconf 91' lang='lat' dir='ltr'>et</span> <span class='ocrx_word' id='word_1_331' title='bbox 1300 945 1539 990; x_wconf 61' lang='lat' dir='ltr'>presbyteratus</span> <span class='ocrx_word' id='word_1_332' title='bbox 1560 947 1690 981; x_wconf 86' lang='lat' dir='ltr'>ordines</span> <span class='ocrx_word' id='word_1_333' title='bbox 1707 947 1746 980; x_wconf 90' lang='lat' dir='ltr'>ab</span> 
     </span>
     <span class='ocr_line' id='line_1_66' title="bbox 1003 997 1747 1042; baseline 0.005 -12"><span class='ocrx_word' id='word_1_334' title='bbox 1003 997 1216 1042; x_wconf 82' lang='lat' dir='ltr'>infrascriptis</span> <span class='ocrx_word' id='word_1_335' title='bbox 1230 998 1400 1033; x_wconf 86' lang='lat' dir='ltr'>antistibus</span> <span class='ocrx_word' id='word_1_336' title='bbox 1415 999 1539 1034; x_wconf 87' lang='lat' dir='ltr'>statutis</span> <span class='ocrx_word' id='word_1_337' title='bbox 1557 1010 1574 1033; x_wconf 87' lang='lat' dir='ltr'>a</span> <span class='ocrx_word' id='word_1_338' title='bbox 1589 1000 1657 1035; x_wconf 88' lang='lat' dir='ltr'>iure</span> <span class='ocrx_word' id='word_1_339' title='bbox 1672 1006 1747 1034; x_wconf 85' lang='lat' dir='ltr'>tem-</span> 
     </span>
    </p>
   </div>
   <div class='ocr_carea' id='block_1_11' title="bbox 984 1051 1746 1096">
    <p class='ocr_par' dir='ltr' id='par_1_12' title="bbox 984 1051 1746 1096">
     <span class='ocr_line' id='line_1_67' title="bbox 984 1051 1746 1096; baseline 0.005 -12"><span class='ocrx_word' id='word_1_340' title='bbox 984 1051 1135 1096; x_wconf 79' lang='lat' dir='ltr'>}poribus</span> <span class='ocrx_word' id='word_1_341' title='bbox 1154 1052 1223 1096; x_wconf 88' lang='lat' dir='ltr'>(sed</span> <span class='ocrx_word' id='word_1_342' title='bbox 1244 1051 1303 1085; x_wconf 84' lang='lat' dir='ltr'>hac</span> <span class='ocrx_word' id='word_1_343' title='bbox 1327 1052 1433 1096; x_wconf 82' lang='lat' dir='ltr'>prima</span> <span class='ocrx_word' id='word_1_344' title='bbox 1460 1053 1538 1094; x_wconf 81' lang='lat' dir='ltr'>vice,</span> <span class='ocrx_word' id='word_1_345' title='bbox 1560 1054 1655 1087; x_wconf 89' lang='lat' dir='ltr'>etiam</span> <span class='ocrx_word' id='word_1_346' title='bbox 1682 1065 1746 1088; x_wconf 90' lang='lat' dir='ltr'>non</span> 
     </span>
    </p>
   </div>
   <div class='ocr_carea' id='block_1_12' title="bbox 1002 1105 1749 1848">
    <p class='ocr_par' dir='ltr' id='par_1_13' title="bbox 1002 1105 1749 1688">
     <span class='ocr_line' id='line_1_68' title="bbox 1002 1105 1748 1142; baseline 0.004 -3"><span class='ocrx_word' id='word_1_347' title='bbox 1002 1105 1135 1139; x_wconf 89' lang='lat' dir='ltr'>servatis</span> <span class='ocrx_word' id='word_1_348' title='bbox 1154 1105 1333 1139; x_wconf 87' lang='lat' dir='ltr'>interstitiis</span> <span class='ocrx_word' id='word_1_349' title='bbox 1356 1117 1373 1139; x_wconf 89' lang='lat' dir='ltr'>a</span> <span class='ocrx_word' id='word_1_350' title='bbox 1393 1107 1534 1141; x_wconf 85' lang='lat' dir='ltr'>Concilio</span> <span class='ocrx_word' id='word_1_351' title='bbox 1559 1108 1748 1142; x_wconf 86' lang='lat' dir='ltr'>Tridentino</span> 
     </span>
     <span class='ocr_line' id='line_1_69' title="bbox 1003 1159 1745 1207; baseline 0.005 -15"><span class='ocrx_word' id='word_1_352' title='bbox 1003 1159 1178 1202; x_wconf 79' lang='lat' dir='ltr'>designatis</span> <span class='ocrx_word' id='word_1_353' title='bbox 1199 1165 1226 1193; x_wconf 90' lang='lat' dir='ltr'>et</span> <span class='ocrx_word' id='word_1_354' title='bbox 1250 1160 1323 1193; x_wconf 89' lang='lat' dir='ltr'>anni</span> <span class='ocrx_word' id='word_1_355' title='bbox 1346 1160 1466 1194; x_wconf 88' lang='lat' dir='ltr'>circulo</span> <span class='ocrx_word' id='word_1_356' title='bbox 1489 1161 1622 1195; x_wconf 90' lang='lat' dir='ltr'>minime</span> <span class='ocrx_word' id='word_1_357' title='bbox 1647 1173 1745 1207; x_wconf 74' lang='lat' dir='ltr'>expe-</span> 
     </span>
     <span class='ocr_line' id='line_1_70' title="bbox 1002 1213 1746 1258; baseline 0.004 -12"><span class='ocrx_word' id='word_1_358' title='bbox 1002 1214 1112 1256; x_wconf 87' lang='lat' dir='ltr'>ctato),</span> <span class='ocrx_word' id='word_1_359' title='bbox 1129 1213 1312 1257; x_wconf 85' lang='lat' dir='ltr'>promoveri</span> <span class='ocrx_word' id='word_1_360' title='bbox 1328 1224 1363 1247; x_wconf 87' lang='lat' dir='ltr'>ac</span> <span class='ocrx_word' id='word_1_361' title='bbox 1376 1214 1518 1258; x_wconf 86' lang='lat' dir='ltr'>promoti</span> <span class='ocrx_word' id='word_1_362' title='bbox 1534 1215 1564 1248; x_wconf 90' lang='lat' dir='ltr'>in</span> <span class='ocrx_word' id='word_1_363' title='bbox 1580 1215 1641 1249; x_wconf 88' lang='lat' dir='ltr'>illis</span> <span class='ocrx_word' id='word_1_364' title='bbox 1651 1216 1746 1249; x_wconf 89' lang='lat' dir='ltr'>etiam</span> 
     </span>
     <span class='ocr_line' id='line_1_71' title="bbox 1003 1266 1748 1312; baseline 0.005 -13"><span class='ocrx_word' id='word_1_365' title='bbox 1003 1266 1033 1299; x_wconf 91' lang='lat' dir='ltr'>in</span> <span class='ocrx_word' id='word_1_366' title='bbox 1047 1266 1155 1299; x_wconf 84' lang='lat' dir='ltr'>altaris</span> <span class='ocrx_word' id='word_1_367' title='bbox 1168 1266 1344 1301; x_wconf 87' lang='lat' dir='ltr'>ministerio</span> <span class='ocrx_word' id='word_1_368' title='bbox 1360 1267 1543 1302; x_wconf 87' lang='lat' dir='ltr'>ministrare</span> <span class='ocrx_word' id='word_1_369' title='bbox 1557 1269 1748 1312; x_wconf 87' lang='lat' dir='ltr'>(dummodo</span> 
     </span>
     <span class='ocr_line' id='line_1_72' title="bbox 1005 1321 1748 1365; baseline 0.005 -12"><span class='ocrx_word' id='word_1_370' title='bbox 1005 1328 1109 1354; x_wconf 83' lang='lat' dir='ltr'>tamen</span> <span class='ocrx_word' id='word_1_371' title='bbox 1128 1321 1258 1365; x_wconf 82' lang='lat' dir='ltr'>praevio</span> <span class='ocrx_word' id='word_1_372' title='bbox 1278 1321 1424 1364; x_wconf 85' lang='lat' dir='ltr'>diligenti</span> <span class='ocrx_word' id='word_1_373' title='bbox 1446 1322 1603 1363; x_wconf 75' lang='lat' dir='ltr'>examine,</span> <span class='ocrx_word' id='word_1_374' title='bbox 1628 1323 1666 1357; x_wconf 88' lang='lat' dir='ltr'>ad</span> <span class='ocrx_word' id='word_1_375' title='bbox 1688 1323 1748 1357; x_wconf 82' lang='lat' dir='ltr'>hoc</span> 
     </span>
     <span class='ocr_line' id='line_1_73' title="bbox 1004 1374 1748 1419; baseline 0.004 -12"><span class='ocrx_word' id='word_1_376' title='bbox 1004 1374 1110 1408; x_wconf 87' lang='lat' dir='ltr'>idonei</span> <span class='ocrx_word' id='word_1_377' title='bbox 1131 1375 1247 1419; x_wconf 88' lang='lat' dir='ltr'>reperti</span> <span class='ocrx_word' id='word_1_378' title='bbox 1275 1375 1417 1418; x_wconf 82' lang='lat' dir='ltr'>fuerint),</span> <span class='ocrx_word' id='word_1_379' title='bbox 1443 1376 1635 1410; x_wconf 85' lang='lat' dir='ltr'>auctoritate</span> <span class='ocrx_word' id='word_1_380' title='bbox 1657 1382 1687 1410; x_wconf 90' lang='lat' dir='ltr'>et</span> <span class='ocrx_word' id='word_1_381' title='bbox 1706 1382 1748 1411; x_wconf 86' lang='lat' dir='ltr'>te-</span> 
     </span>
     <span class='ocr_line' id='line_1_74' title="bbox 1003 1428 1747 1472; baseline 0.004 -11"><span class='ocrx_word' id='word_1_382' title='bbox 1003 1439 1081 1462; x_wconf 81' lang='lat' dir='ltr'>nore</span> <span class='ocrx_word' id='word_1_383' title='bbox 1099 1428 1271 1472; x_wconf 78' lang='lat' dir='ltr'>praedictis</span> <span class='ocrx_word' id='word_1_384' title='bbox 1297 1429 1461 1462; x_wconf 82' lang='lat' dir='ltr'>licentiam</span> <span class='ocrx_word' id='word_1_385' title='bbox 1484 1430 1693 1464; x_wconf 79' lang='lat' dir='ltr'>concedimus</span> <span class='ocrx_word' id='word_1_386' title='bbox 1719 1437 1747 1464; x_wconf 89' lang='lat' dir='ltr'>et</span> 
     </span>
     <span class='ocr_line' id='line_1_75' title="bbox 1003 1483 1745 1528; baseline 0.003 -13"><span class='ocrx_word' id='word_1_387' title='bbox 1003 1483 1219 1525; x_wconf 73' lang='lat' dir='ltr'>indulgemus,</span> <span class='ocrx_word' id='word_1_388' title='bbox 1242 1492 1278 1516; x_wconf 88' lang='lat' dir='ltr'>ac</span> <span class='ocrx_word' id='word_1_389' title='bbox 1304 1493 1375 1516; x_wconf 88' lang='lat' dir='ltr'>cum</span> <span class='ocrx_word' id='word_1_390' title='bbox 1399 1483 1460 1517; x_wconf 93' lang='lat' dir='ltr'>illis</span> <span class='ocrx_word' id='word_1_391' title='bbox 1481 1494 1578 1528; x_wconf 90' lang='lat' dir='ltr'>super</span> <span class='ocrx_word' id='word_1_392' title='bbox 1602 1483 1664 1517; x_wconf 84' lang='lat' dir='ltr'>hoe</span> <span class='ocrx_word' id='word_1_393' title='bbox 1685 1495 1745 1528; x_wconf 91' lang='lat' dir='ltr'>op-</span> 
     </span>
     <span class='ocr_line' id='line_1_76' title="bbox 1003 1537 1746 1581; baseline 0.001 -12"><span class='ocrx_word' id='word_1_394' title='bbox 1003 1542 1141 1580; x_wconf 89' lang='lat' dir='ltr'>portune</span> <span class='ocrx_word' id='word_1_395' title='bbox 1156 1537 1391 1580; x_wconf 85' lang='lat' dir='ltr'>dispensamus:</span> <span class='ocrx_word' id='word_1_396' title='bbox 1408 1548 1443 1570; x_wconf 72' lang='lat' dir='ltr'>ac</span> <span class='ocrx_word' id='word_1_397' title='bbox 1458 1537 1670 1581; x_wconf 80' lang='lat' dir='ltr'>infrascriptis</span> <span class='ocrx_word' id='word_1_398' title='bbox 1687 1547 1746 1570; x_wconf 87' lang='lat' dir='ltr'>an-</span> 
     </span>
     <span class='ocr_line' id='line_1_77' title="bbox 1004 1589 1749 1633; baseline 0.001 -10"><span class='ocrx_word' id='word_1_399' title='bbox 1004 1590 1129 1623; x_wconf 86' lang='lat' dir='ltr'>tistibus</span> <span class='ocrx_word' id='word_1_400' title='bbox 1142 1589 1235 1624; x_wconf 78' lang='lat' dir='ltr'>dietis</span> <span class='ocrx_word' id='word_1_401' title='bbox 1250 1590 1408 1633; x_wconf 74' lang='lat' dir='ltr'>religiosis</span> <span class='ocrx_word' id='word_1_402' title='bbox 1421 1590 1550 1625; x_wconf 89' lang='lat' dir='ltr'>ordines</span> <span class='ocrx_word' id='word_1_403' title='bbox 1564 1591 1749 1625; x_wconf 87' lang='lat' dir='ltr'>huiusmodi</span> 
     </span>
     <span class='ocr_line' id='line_1_78' title="bbox 1004 1643 1635 1688; baseline 0 -11"><span class='ocrx_word' id='word_1_404' title='bbox 1004 1643 1190 1677; x_wconf 77' lang='lat' dir='ltr'>conserendi</span> <span class='ocrx_word' id='word_1_405' title='bbox 1213 1644 1396 1677; x_wconf 79' lang='lat' dir='ltr'>facultatem</span> <span class='ocrx_word' id='word_1_406' title='bbox 1417 1644 1635 1688; x_wconf 86' lang='lat' dir='ltr'>impertimur.</span> 
     </span>
    </p>

    <p class='ocr_par' dir='ltr' id='par_1_14' title="bbox 1004 1697 1748 1848">
     <span class='ocr_line' id='line_1_79' title="bbox 1050 1697 1747 1742; baseline 0.001 -12"><span class='ocrx_word' id='word_1_407' title='bbox 1050 1700 1065 1740; x_wconf 66' lang='grc' dir='ltr'>ξ</span> <span class='ocrx_word' id='word_1_408' title='bbox 1087 1697 1115 1731; x_wconf 28' lang='lat'>3⁴</span> <span class='ocrx_word' id='word_1_409' title='bbox 1143 1698 1296 1731; x_wconf 78' lang='lat' dir='ltr'>Volumus</span> <span class='ocrx_word' id='word_1_410' title='bbox 1318 1703 1425 1731; x_wconf 89' lang='lat' dir='ltr'>autem</span> <span class='ocrx_word' id='word_1_411' title='bbox 1453 1704 1484 1731; x_wconf 89' lang='lat' dir='ltr'>et</span> <span class='ocrx_word' id='word_1_412' title='bbox 1507 1697 1578 1742; x_wconf 89' lang='lat' dir='ltr'>pari</span> <span class='ocrx_word' id='word_1_413' title='bbox 1604 1698 1747 1731; x_wconf 83' lang='lat' dir='ltr'>auctori-</span> 
     </span>
     <span class='ocr_line' id='line_1_80' title="bbox 1006 1751 1748 1794; baseline 0.001 -10"><span class='ocrx_word' id='word_1_414' title='bbox 1006 1758 1066 1785; x_wconf 83' lang='lat' dir='ltr'>tate</span> <span class='ocrx_word' id='word_1_415' title='bbox 1085 1751 1255 1785; x_wconf 86' lang='lat' dir='ltr'>statuimus</span> <span class='ocrx_word' id='word_1_416' title='bbox 1277 1758 1307 1785; x_wconf 89' lang='lat' dir='ltr'>et</span> <span class='ocrx_word' id='word_1_417' title='bbox 1325 1751 1523 1792; x_wconf 84' lang='lat' dir='ltr'>ordinamus,</span> <span class='ocrx_word' id='word_1_418' title='bbox 1549 1757 1582 1785; x_wconf 86' lang='lat' dir='ltr'>ut</span> <span class='ocrx_word' id='word_1_419' title='bbox 1607 1751 1748 1794; x_wconf 81' lang='lat' dir='ltr'>religiost</span> 
     </span>
     <span class='ocr_line' id='line_1_81' title="bbox 1004 1805 1745 1848; baseline -0.001 -9"><span class='ocrx_word' id='word_1_420' title='bbox 1004 1806 1109 1839; x_wconf 86' lang='lat' dir='ltr'>dictae</span> <span class='ocrx_word' id='word_1_421' title='bbox 1130 1805 1408 1848; x_wconf 75' lang='lat' dir='ltr'>Congregationis,</span> <span class='ocrx_word' id='word_1_422' title='bbox 1433 1811 1495 1838; x_wconf 87' lang='lat' dir='ltr'>tam</span> <span class='ocrx_word' id='word_1_423' title='bbox 1518 1805 1674 1838; x_wconf 87' lang='lat' dir='ltr'>hactenus</span> <span class='ocrx_word' id='word_1_424' title='bbox 1692 1816 1745 1838; x_wconf 92' lang='lat' dir='ltr'>re-</span> 
     </span>
    </p>
   </div>
   <div class='ocr_carea' id='block_1_13' title="bbox 1764 254 1946 282">
    <p class='ocr_par' dir='ltr' id='par_1_15' title="bbox 1764 254 1946 282">
     <span class='ocr_line' id='line_1_82' title="bbox 1764 254 1946 282; baseline 0.005 -2"><span class='ocrx_word' id='word_1_425' title='bbox 1764 254 1812 281; x_wconf 84' lang='lat' dir='ltr'>An.</span> <span class='ocrx_word' id='word_1_426' title='bbox 1826 254 1854 282; x_wconf 86' lang='lat' dir='ltr'>C.</span> <span class='ocrx_word' id='word_1_427' title='bbox 1880 255 1946 282; x_wconf 76' lang='lat'>1605</span> 
     </span>
    </p>
   </div>
   <div class='ocr_carea' id='block_1_14' title="bbox 1791 1707 1950 1733">
    <p class='ocr_par' dir='ltr' id='par_1_16' title="bbox 1791 1707 1950 1733">
     <span class='ocr_line' id='line_1_83' title="bbox 1791 1707 1950 1733; baseline 0.006 -7"><span class='ocrx_word' id='word_1_428' title='bbox 1791 1707 1834 1728; x_wconf 74' lang='lat' dir='ltr'>Nou</span> <span class='ocrx_word' id='word_1_429' title='bbox 1844 1710 1950 1733; x_wconf 71' lang='lat' dir='ltr'>promotos</span> 
     </span>
    </p>
   </div>
   <div class='ocr_carea' id='block_1_15' title="bbox 1741 1734 1951 1757">
    <p class='ocr_par' dir='ltr' id='par_1_17' title="bbox 1741 1734 1951 1757">
     <span class='ocr_line' id='line_1_84' title="bbox 1741 1734 1951 1757; baseline 0 -3"><span class='ocrx_word' id='word_1_430' title='bbox 1741 1752 1747 1757; x_wconf 87' lang='grc'>,</span> <span class='ocrx_word' id='word_1_431' title='bbox 1764 1734 1790 1754; x_wconf 82' lang='lat' dir='ltr'>ad</span> <span class='ocrx_word' id='word_1_432' title='bbox 1806 1740 1879 1754; x_wconf 79' lang='lat' dir='ltr'>sacros</span> <span class='ocrx_word' id='word_1_433' title='bbox 1895 1734 1951 1754; x_wconf 74' lang='lat' dir='ltr'>ordi·</span> 
     </span>
    </p>
   </div>
   <div class='ocr_carea' id='block_1_16' title="bbox 1763 1761 1951 1840">
    <p class='ocr_par' dir='ltr' id='par_1_18' title="bbox 1763 1761 1951 1840">
     <span class='ocr_line' id='line_1_85' title="bbox 1764 1761 1950 1786; baseline 0 -5"><span class='ocrx_word' id='word_1_434' title='bbox 1764 1767 1808 1783; x_wconf 76' lang='lat' dir='ltr'>nes.</span> <span class='ocrx_word' id='word_1_435' title='bbox 1824 1761 1892 1781; x_wconf 72' lang='lat' dir='ltr'>enh-m</span> <span class='ocrx_word' id='word_1_436' title='bbox 1904 1767 1950 1786; x_wconf 70' lang='lat' dir='ltr'>gra-</span> 
     </span>
     <span class='ocr_line' id='line_1_86' title="bbox 1763 1787 1951 1813; baseline 0 -5"><span class='ocrx_word' id='word_1_437' title='bbox 1763 1787 1825 1809; x_wconf 79' lang='lat' dir='ltr'>dibus</span> <span class='ocrx_word' id='word_1_438' title='bbox 1840 1793 1887 1808; x_wconf 87' lang='lat' dir='ltr'>enm</span> <span class='ocrx_word' id='word_1_439' title='bbox 1902 1793 1951 1813; x_wconf 79' lang='lat' dir='ltr'>pro-</span> 
     </span>
     <span class='ocr_line' id='line_1_87' title="bbox 1764 1815 1949 1840; baseline -0.005 -5"><span class='ocrx_word' id='word_1_440' title='bbox 1764 1818 1826 1835; x_wconf 67' lang='lat' dir='ltr'>umus</span> <span class='ocrx_word' id='word_1_441' title='bbox 1872 1815 1949 1840; x_wconf 71' lang='lat' dir='ltr'>perfrui</span> 
     </span>
    </p>
   </div>
   <div class='ocr_carea' id='block_1_17' title="bbox 1719 1843 1845 1864">
    <p class='ocr_par' dir='ltr' id='par_1_19' title="bbox 1719 1843 1845 1864">
     <span class='ocr_line' id='line_1_88' title="bbox 1719 1843 1845 1864; baseline -0.032 0"><span class='ocrx_word' id='word_1_442' title='bbox 1719 1859 1724 1864; x_wconf 71' lang='grc'>,</span> <span class='ocrx_word' id='word_1_443' title='bbox 1765 1843 1845 1862; x_wconf 74' lang='lat' dir='ltr'>statutt.</span> 
     </span>
    </p>
   </div>
   <div class='ocr_carea' id='block_1_18' title="bbox 1004 1855 1751 2712">
    <p class='ocr_par' dir='ltr' id='par_1_20' title="bbox 1004 1855 1751 2551">
     <span class='ocr_line' id='line_1_89' title="bbox 1005 1855 1749 1903; baseline 0 -12"><span class='ocrx_word' id='word_1_444' title='bbox 1005 1859 1087 1903; x_wconf 85' lang='lat' dir='ltr'>cepti</span> <span class='ocrx_word' id='word_1_445' title='bbox 1107 1870 1202 1903; x_wconf 85' lang='lat' dir='ltr'>quam</span> <span class='ocrx_word' id='word_1_446' title='bbox 1220 1859 1249 1891; x_wconf 91' lang='lat' dir='ltr'>in</span> <span class='ocrx_word' id='word_1_447' title='bbox 1273 1860 1418 1892; x_wconf 83' lang='lat' dir='ltr'>futurum</span> <span class='ocrx_word' id='word_1_448' title='bbox 1437 1855 1627 1903; x_wconf 86' lang='lat' dir='ltr'>recipiendi,</span> <span class='ocrx_word' id='word_1_449' title='bbox 1649 1858 1703 1903; x_wconf 89' lang='lat' dir='ltr'>qui</span> <span class='ocrx_word' id='word_1_450' title='bbox 1718 1869 1749 1891; x_wconf 85' lang='lat' dir='ltr'>tn</span> 
     </span>
     <span class='ocr_line' id='line_1_90' title="bbox 1005 1908 1750 1957; baseline -0.001 -10"><span class='ocrx_word' id='word_1_451' title='bbox 1005 1914 1116 1947; x_wconf 76' lang='lat' dir='ltr'>eadem</span> <span class='ocrx_word' id='word_1_452' title='bbox 1142 1908 1397 1957; x_wconf 75' lang='lat' dir='ltr'>Congregatione</span> <span class='ocrx_word' id='word_1_453' title='bbox 1423 1914 1462 1947; x_wconf 87' lang='lat' dir='ltr'>ad</span> <span class='ocrx_word' id='word_1_454' title='bbox 1483 1913 1612 1947; x_wconf 88' lang='lat' dir='ltr'>ordines</span> <span class='ocrx_word' id='word_1_455' title='bbox 1633 1924 1697 1947; x_wconf 88' lang='lat' dir='ltr'>non</span> <span class='ocrx_word' id='word_1_456' title='bbox 1719 1924 1750 1946; x_wconf 87' lang='lat' dir='ltr'>a-</span> 
     </span>
     <span class='ocr_line' id='line_1_91' title="bbox 1004 1967 1746 2012; baseline -0.001 -11"><span class='ocrx_word' id='word_1_457' title='bbox 1004 1968 1198 2008; x_wconf 84' lang='lat' dir='ltr'>scenderint,</span> <span class='ocrx_word' id='word_1_458' title='bbox 1220 1978 1237 2000; x_wconf 85' lang='lat' dir='ltr'>a</span> <span class='ocrx_word' id='word_1_459' title='bbox 1252 1967 1348 2000; x_wconf 89' lang='lat' dir='ltr'>nullis</span> <span class='ocrx_word' id='word_1_460' title='bbox 1362 1973 1535 2012; x_wconf 88' lang='lat' dir='ltr'>propterea</span> <span class='ocrx_word' id='word_1_461' title='bbox 1556 1967 1746 2004; x_wconf 71' lang='lat' dir='ltr'>honoribus,</span> 
     </span>
     <span class='ocr_line' id='line_1_92' title="bbox 1005 2020 1751 2064; baseline -0.001 -10"><span class='ocrx_word' id='word_1_462' title='bbox 1005 2021 1158 2064; x_wconf 80' lang='lat' dir='ltr'>gradibus</span> <span class='ocrx_word' id='word_1_463' title='bbox 1179 2027 1209 2054; x_wconf 86' lang='lat' dir='ltr'>et</span> <span class='ocrx_word' id='word_1_464' title='bbox 1233 2020 1420 2055; x_wconf 87' lang='lat' dir='ltr'>ministeriis</span> <span class='ocrx_word' id='word_1_465' title='bbox 1440 2021 1545 2055; x_wconf 87' lang='lat' dir='ltr'>dictae</span> <span class='ocrx_word' id='word_1_466' title='bbox 1569 2021 1751 2064; x_wconf 75' lang='lat' dir='ltr'>Congrega-</span> 
     </span>
     <span class='ocr_line' id='line_1_93' title="bbox 1007 2074 1749 2119; baseline -0.001 -11"><span class='ocrx_word' id='word_1_467' title='bbox 1007 2075 1099 2108; x_wconf 88' lang='lat' dir='ltr'>tionis</span> <span class='ocrx_word' id='word_1_468' title='bbox 1137 2075 1370 2116; x_wconf 77' lang='lat' dir='ltr'>excludantur,</span> <span class='ocrx_word' id='word_1_469' title='bbox 1393 2074 1539 2119; x_wconf 87' lang='lat' dir='ltr'>quinimo</span> <span class='ocrx_word' id='word_1_470' title='bbox 1566 2075 1749 2119; x_wconf 89' lang='lat' dir='ltr'>promiscue</span> 
     </span>
     <span class='ocr_line' id='line_1_94' title="bbox 1006 2129 1746 2173; baseline -0.001 -11"><span class='ocrx_word' id='word_1_471' title='bbox 1006 2140 1078 2162; x_wconf 88' lang='lat' dir='ltr'>cum</span> <span class='ocrx_word' id='word_1_472' title='bbox 1090 2129 1248 2173; x_wconf 85' lang='lat' dir='ltr'>promotis</span> <span class='ocrx_word' id='word_1_473' title='bbox 1260 2139 1368 2163; x_wconf 88' lang='lat' dir='ltr'>vocem</span> <span class='ocrx_word' id='word_1_474' title='bbox 1383 2129 1518 2163; x_wconf 87' lang='lat' dir='ltr'>activam</span> <span class='ocrx_word' id='word_1_475' title='bbox 1535 2135 1564 2162; x_wconf 91' lang='lat' dir='ltr'>et</span> <span class='ocrx_word' id='word_1_476' title='bbox 1577 2129 1746 2173; x_wconf 87' lang='lat' dir='ltr'>passivam,</span> 
     </span>
     <span class='ocr_line' id='line_1_95' title="bbox 1006 2182 1750 2226; baseline -0.003 -10"><span class='ocrx_word' id='word_1_477' title='bbox 1006 2183 1037 2216; x_wconf 90' lang='lat' dir='ltr'>in</span> <span class='ocrx_word' id='word_1_478' title='bbox 1059 2183 1210 2216; x_wconf 82' lang='lat' dir='ltr'>omnibus</span> <span class='ocrx_word' id='word_1_479' title='bbox 1231 2183 1356 2224; x_wconf 79' lang='lat' dir='ltr'>actibus</span> <span class='ocrx_word' id='word_1_480' title='bbox 1378 2188 1408 2216; x_wconf 90' lang='lat' dir='ltr'>et</span> <span class='ocrx_word' id='word_1_481' title='bbox 1428 2182 1577 2226; x_wconf 77' lang='lat' dir='ltr'>negotiis,</span> <span class='ocrx_word' id='word_1_482' title='bbox 1601 2182 1669 2215; x_wconf 90' lang='lat' dir='ltr'>sinc</span> <span class='ocrx_word' id='word_1_483' title='bbox 1694 2182 1750 2215; x_wconf 89' lang='lat' dir='ltr'>ali-</span> 
     </span>
     <span class='ocr_line' id='line_1_96' title="bbox 1006 2235 1747 2281; baseline -0.003 -12"><span class='ocrx_word' id='word_1_484' title='bbox 1006 2238 1068 2281; x_wconf 72' lang='lat' dir='ltr'>qua</span> <span class='ocrx_word' id='word_1_485' title='bbox 1093 2247 1227 2280; x_wconf 88' lang='lat' dir='ltr'>prorsus</span> <span class='ocrx_word' id='word_1_486' title='bbox 1257 2236 1451 2277; x_wconf 73' lang='lat' dir='ltr'>differentia,</span> <span class='ocrx_word' id='word_1_487' title='bbox 1476 2236 1596 2269; x_wconf 87' lang='lat' dir='ltr'>babere</span> <span class='ocrx_word' id='word_1_488' title='bbox 1628 2235 1747 2280; x_wconf 86' lang='lat' dir='ltr'>possint</span> 
     </span>
     <span class='ocr_line' id='line_1_97' title="bbox 1006 2290 1750 2335; baseline -0.003 -11"><span class='ocrx_word' id='word_1_489' title='bbox 1006 2296 1037 2324; x_wconf 90' lang='lat' dir='ltr'>et</span> <span class='ocrx_word' id='word_1_490' title='bbox 1058 2291 1207 2331; x_wconf 87' lang='lat' dir='ltr'>debeant,</span> <span class='ocrx_word' id='word_1_491' title='bbox 1224 2296 1255 2323; x_wconf 86' lang='lat' dir='ltr'>et</span> <span class='ocrx_word' id='word_1_492' title='bbox 1276 2302 1379 2335; x_wconf 86' lang='lat' dir='ltr'>aequo</span> <span class='ocrx_word' id='word_1_493' title='bbox 1398 2301 1470 2325; x_wconf 86' lang='lat' dir='ltr'>cum</span> <span class='ocrx_word' id='word_1_494' title='bbox 1487 2290 1605 2324; x_wconf 86' lang='lat' dir='ltr'>eisdem</span> <span class='ocrx_word' id='word_1_495' title='bbox 1622 2300 1750 2334; x_wconf 87' lang='lat' dir='ltr'>promo-</span> 
     </span>
     <span class='ocr_line' id='line_1_98' title="bbox 1007 2343 1750 2387; baseline -0.004 -9"><span class='ocrx_word' id='word_1_496' title='bbox 1007 2344 1043 2378; x_wconf 86' lang='lat' dir='ltr'>tis</span> <span class='ocrx_word' id='word_1_497' title='bbox 1066 2344 1145 2385; x_wconf 86' lang='lat' dir='ltr'>iure,</span> <span class='ocrx_word' id='word_1_498' title='bbox 1164 2344 1354 2384; x_wconf 82' lang='lat' dir='ltr'>honoribus,</span> <span class='ocrx_word' id='word_1_499' title='bbox 1373 2344 1537 2387; x_wconf 75' lang='lat' dir='ltr'>gradibus,</span> <span class='ocrx_word' id='word_1_500' title='bbox 1562 2343 1750 2376; x_wconf 84' lang='lat' dir='ltr'>ministeriis</span> 
     </span>
     <span class='ocr_line' id='line_1_99' title="bbox 1006 2397 1749 2443; baseline -0.003 -12"><span class='ocrx_word' id='word_1_501' title='bbox 1006 2398 1195 2443; x_wconf 84' lang='lat' dir='ltr'>praedictis,</span> <span class='ocrx_word' id='word_1_502' title='bbox 1219 2398 1419 2442; x_wconf 84' lang='lat' dir='ltr'>caeterisque</span> <span class='ocrx_word' id='word_1_503' title='bbox 1446 2397 1545 2442; x_wconf 85' lang='lat' dir='ltr'>ipsius</span> <span class='ocrx_word' id='word_1_504' title='bbox 1570 2397 1749 2439; x_wconf 73' lang='lat' dir='ltr'>Congrega-</span> 
     </span>
     <span class='ocr_line' id='line_1_100' title="bbox 1007 2451 1750 2497; baseline -0.004 -11"><span class='ocrx_word' id='word_1_505' title='bbox 1007 2452 1100 2486; x_wconf 85' lang='lat' dir='ltr'>tionis</span> <span class='ocrx_word' id='word_1_506' title='bbox 1114 2452 1289 2497; x_wconf 74' lang='lat' dir='ltr'>privilegiis</span> <span class='ocrx_word' id='word_1_507' title='bbox 1303 2458 1333 2485; x_wconf 92' lang='lat' dir='ltr'>et</span> <span class='ocrx_word' id='word_1_508' title='bbox 1346 2451 1576 2496; x_wconf 77' lang='lat' dir='ltr'>praerogativis</span> <span class='ocrx_word' id='word_1_509' title='bbox 1590 2451 1750 2493; x_wconf 78' lang='lat' dir='ltr'>gaudeant</span> 
     </span>
     <span class='ocr_line' id='line_1_101' title="bbox 1006 2506 1275 2551; baseline -0.007 -11"><span class='ocrx_word' id='word_1_510' title='bbox 1006 2512 1036 2540; x_wconf 84' lang='lat' dir='ltr'>et</span> <span class='ocrx_word' id='word_1_511' title='bbox 1056 2506 1275 2551; x_wconf 79' lang='lat' dir='ltr'>perfruantur;</span> 
     </span>
    </p>

    <p class='ocr_par' dir='ltr' id='par_1_21' title="bbox 1005 2558 1748 2712">
     <span class='ocr_line' id='line_1_102' title="bbox 1050 2558 1748 2604; baseline -0.003 -11"><span class='ocrx_word' id='word_1_512' title='bbox 1050 2562 1065 2602; x_wconf 66' lang='grc' dir='ltr'>ξ</span> <span class='ocrx_word' id='word_1_513' title='bbox 1086 2560 1116 2593; x_wconf 63' lang='grc' dir='ltr'>[ι.</span> <span class='ocrx_word' id='word_1_514' title='bbox 1141 2560 1298 2604; x_wconf 87' lang='lat' dir='ltr'>Quodque</span> <span class='ocrx_word' id='word_1_515' title='bbox 1332 2559 1361 2592; x_wconf 89' lang='lat' dir='ltr'>in</span> <span class='ocrx_word' id='word_1_516' title='bbox 1396 2561 1460 2591; x_wconf 79' lang='lat' dir='ltr'>tota</span> <span class='ocrx_word' id='word_1_517' title='bbox 1493 2558 1748 2600; x_wconf 76' lang='lat' dir='ltr'>Congregatione</span> 
     </span>
     <span class='ocr_line' id='line_1_103' title="bbox 1005 2612 1747 2658; baseline -0.001 -12"><span class='ocrx_word' id='word_1_518' title='bbox 1005 2614 1171 2658; x_wconf 77' lang='lat' dir='ltr'>praedicta</span> <span class='ocrx_word' id='word_1_519' title='bbox 1195 2614 1280 2647; x_wconf 89' lang='lat' dir='ltr'>ultra</span> <span class='ocrx_word' id='word_1_520' title='bbox 1305 2623 1475 2646; x_wconf 89' lang='lat' dir='ltr'>numerum</span> <span class='ocrx_word' id='word_1_521' title='bbox 1503 2617 1630 2645; x_wconf 86' lang='lat' dir='ltr'>centum</span> <span class='ocrx_word' id='word_1_522' title='bbox 1646 2612 1684 2645; x_wconf 86' lang='lat' dir='ltr'>ad</span> <span class='ocrx_word' id='word_1_523' title='bbox 1699 2623 1747 2645; x_wconf 91' lang='lat' dir='ltr'>sa-</span> 
     </span>
     <span class='ocr_line' id='line_1_104' title="bbox 1005 2664 1746 2712; baseline -0.004 -11"><span class='ocrx_word' id='word_1_524' title='bbox 1005 2678 1077 2701; x_wconf 91' lang='lat' dir='ltr'>cros</span> <span class='ocrx_word' id='word_1_525' title='bbox 1102 2667 1233 2700; x_wconf 89' lang='lat' dir='ltr'>ordines</span> <span class='ocrx_word' id='word_1_526' title='bbox 1258 2665 1442 2712; x_wconf 82' lang='lat' dir='ltr'>promoveri</span> <span class='ocrx_word' id='word_1_527' title='bbox 1459 2675 1521 2699; x_wconf 92' lang='lat' dir='ltr'>non</span> <span class='ocrx_word' id='word_1_528' title='bbox 1541 2664 1674 2710; x_wconf 82' lang='lat' dir='ltr'>possint,</span> <span class='ocrx_word' id='word_1_529' title='bbox 1691 2665 1746 2698; x_wconf 90' lang='lat' dir='ltr'>sed</span> 
     </span>
    </p>
   </div>
   <div class='ocr_carea' id='block_1_19' title="bbox 1763 2571 1948 2645">
    <p class='ocr_par' dir='ltr' id='par_1_22' title="bbox 1763 2571 1948 2645">
     <span class='ocr_line' id='line_1_105' title="bbox 1791 2571 1948 2592; baseline -0.019 0"><span class='ocrx_word' id='word_1_530' title='bbox 1791 2571 1895 2592; x_wconf 42' lang='lat' dir='ltr'>Pri-ymnus</span> <span class='ocrx_word' id='word_1_531' title='bbox 1914 2571 1948 2591; x_wconf 63' lang='lat' dir='ltr'>da-</span> 
     </span>
     <span class='ocr_line' id='line_1_106' title="bbox 1764 2598 1948 2618; baseline 0.005 -2"><span class='ocrx_word' id='word_1_532' title='bbox 1764 2598 1888 2618; x_wconf 65' lang='lat' dir='ltr'>mulnntibus</span> <span class='ocrx_word' id='word_1_533' title='bbox 1914 2598 1948 2617; x_wconf 71' lang='lat' dir='ltr'>alti</span> 
     </span>
     <span class='ocr_line' id='line_1_107' title="bbox 1763 2625 1900 2645; baseline -0.015 0"><span class='ocrx_word' id='word_1_534' title='bbox 1763 2625 1900 2645; x_wconf 60' lang='lat' dir='ltr'>susum-ntur.</span> 
     </span>
    </p>
   </div>
  </div>
 </body>
</html>
