2227 3241
30 292 77 320 An.
99 291 128 319 C.
141 291 209 319 1604

26 2707 29 2712 ¹
68 2698 175 2724 meto-tao
185 2702 227 2724 Ra·

828 287 976 312 CLEMENS
999 288 1059 312 vm
1080 289 1125 312 PP.

1650 276 1713 310 159
1761 286 1810 312 An.
1825 285 1853 313 c.
1878 286 1944 313 1604

227 338 385 372 dictarum
406 338 503 372 statui
524 343 555 372 et
574 335 840 371 indemnitatibus
861 335 968 379 aliqua
985 340 987 355 ¹
1005 335 1135 377 dictam,
1157 335 1308 379 illiusque
1332 335 1496 380 praesules
1516 344 1575 379 pro
1597 340 1743 378 tempore
1762 349 1884 369 »sunamiti
1913 350 1944 369 ms

1725 387 1742 392 --
1760 377 1852 395 restituit
1883 382 1945 400 super

1004 388 1183 429 existentes,
1207 390 1358 422 adversus
1380 394 1443 422 tam
1464 389 1586 422 litteras
1599 388 1744 430 Gregorn
1762 403 1863 422 effaetas
1891 402 1946 422 inm-

226 392 403 426 accomoda
423 391 550 425 ratione
569 391 767 436 prospicere,
792 399 968 432 earumque

226 445 393 489 praesules
428 456 445 478 a
480 445 583 478 litium
613 451 643 478 et
674 443 968 477 controversiarum

227 499 416 532 huiusmodi
437 498 654 532 incommodis
672 503 703 531 et
720 496 897 541 dispendiis
918 507 970 529 ex·
986 509 988 549 ἠ

226 551 359 596 plicare,
375 557 470 596 atque
485 551 516 584 in
534 550 620 595 pacis
638 556 667 584 et
689 550 806 594 quietis
826 549 969 583 amoeni-

229 610 291 638 tate
312 605 482 639 confovere
503 603 690 648 cupientes;
710 614 769 637 nec
797 614 862 636 non
887 603 971 636 litte-

227 669 337 692 rarum
352 657 970 701 Gregoriipraedecessorishuiusmodi,

229 716 260 745 et
273 711 411 745 aliorum
425 710 691 755 praemissorum,
709 721 745 743 ac
762 710 836 743 inde
854 721 971 754 sequu-
988 703 989 706 ¹

229 771 336 799 torum
363 774 646 808 quorumcumque
668 764 756 797 datas
777 769 808 797 et
830 768 968 804 tenores,

228 818 387 852 dictarum
411 816 515 864 litium
537 823 567 851 et
585 817 877 851 controversiarum
898 828 972 850 cau-
989 815 990 825 ¹

228 882 278 906 sas
298 877 329 905 et
347 871 532 905 occasiones
545 881 582 904 ac
599 881 709 904 earum
725 876 842 904 statum
861 876 891 904 et
911 881 973 903 me-
989 872 991 880 '

228 925 311 966 rita,
340 935 400 958 nec
431 934 496 958 non
526 923 740 957 cardinalium
773 930 803 957 et
834 924 970 957 aliorum

228 977 374 1012 iudicum
395 977 528 1011 nomina
546 982 576 1010 et
597 977 803 1020 cognomina,
827 987 863 1010 ac
885 987 968 1021 quo-

230 1041 446 1075 rumcumque
479 1030 634 1064 interesse
662 1030 851 1063 habentium
878 1030 990 1071 iura,l

229 1084 383 1125 actiones,
400 1083 542 1117 rationes
555 1088 585 1116 et
598 1083 851 1127 praetensiones,
864 1082 972 1125 singu-
989 1100 990 1105 =

229 1138 402 1181 larumque
431 1136 641 1170 ecclesiarum
672 1142 702 1169 et
730 1136 970 1180 provinciarum

229 1191 472 1235 praedictarum
487 1184 669 1234 qualitates,
682 1189 882 1231 situationes‚
897 1200 973 1223 con·
989 1190 991 1218 ἔ

229 1244 320 1287 fines,
342 1243 632 1284 denominationes,
654 1249 844 1287 caeteraque
865 1233 991 1276 omnia*

231 1303 262 1332 et
280 1298 406 1340 singula
427 1297 459 1330 in
479 1296 667 1341 praemissis
695 1303 725 1330 et
750 1296 837 1330 circa
857 1307 893 1330 ea
911 1307 970 1330 ne·
990 1295 992 1328 l

231 1352 370 1386 cessario
397 1352 627 1396 exprimenda,
656 1350 881 1395 praesentibus
913 1354 992 1394 prol

230 1405 428 1440 sufficienter
445 1405 601 1449 expressis
614 1404 780 1445 habentes;
798 1405 837 1438 de
852 1404 972 1437 eisdem
991 1429 992 1432 η

229 1459 415 1505 praemissis
440 1459 591 1492 omnibus
609 1465 639 1492 et
659 1459 812 1501 singulis,
843 1469 973 1491 eorum-
991 1495 993 1506 ,

231 1524 295 1558 que
309 1512 569 1553 circumstantiis,
586 1522 713 1545 necnon
727 1513 867 1556 partium
882 1523 974 1556 prae-
991 1553 993 1560 Α

232 1567 390 1601 dictarum
400 1566 535 1607 iuribus,
549 1566 728 1599 rationibus
740 1565 975 1610 etpraetensio-
992 1595 993 1602 ,

232 1620 328 1654 nibus
344 1619 513 1660 universis,
537 1620 632 1663 plene
654 1625 684 1652 et
708 1619 907 1653 sufficienter
925 1619 974 1651 iu-
991 1622 993 1666 ,J

232 1674 343 1709 structi
359 1686 366 1715 3
403 1680 477 1718 post
508 1679 667 1706 maturam
705 1673 974 1706 deliberationem
992 1710 994 1726 5

232 1739 329 1773 super
342 1728 391 1761 his
412 1738 484 1761 cum
507 1727 659 1760 fratribus
680 1727 796 1761 nostris
818 1727 971 1767 habitam,
992 1728 994 1758 t

233 1788 323 1816 motu
342 1782 476 1827 proprio
498 1787 526 1815 ct
549 1792 584 1814 ex
599 1783 685 1814 certa
699 1783 809 1815 nostra
826 1781 971 1823 scientia,

234 1837 339 1881 deque
359 1836 556 1880 apostolicae
576 1835 744 1879 potestatis
764 1835 976 1878 plenitudine,
993 1832 994 1872 ἶ

234 1901 271 1924 ac
291 1889 481 1924 eorumdem
512 1890 645 1922 fratrum
678 1889 813 1923 consilio
839 1895 870 1922 et
895 1885 995 1922 [ιω-ἓ

233 1944 314 1978 nimi
335 1954 477 1984 assensu,
502 1949 615 1976 omnes
636 1948 667 1976 et
688 1942 830 1985 singulas
848 1942 919 1976 lites
940 1935 995 1976 ac*

235 1998 488 2038 controversias,
512 2003 577 2030 tam
603 1997 687 2030 inter
710 1997 996 2041 metropolitanas·

234 2051 384 2093 invicem,
402 2062 499 2096 quam
513 2051 597 2084 inter
614 2051 698 2095 ipsas
712 2052 978 2095 metropolitanas
995 2049 996 2055 ¹

236 2111 266 2139 et
284 2105 504 2149 suffraganeas
521 2105 672 2139 ecclesias
692 2105 889 2146 huiusmodi,
910 2105 978 2138 illa-

235 2170 373 2204 rumque
391 2160 556 2204 praesules
576 2170 673 2204 super
694 2159 808 2193 iisdem
823 2159 979 2203 praemis-

236 2214 278 2249 sis
299 2221 330 2249 et
347 2215 477 2248 illorum
497 2214 666 2248 occasione
685 2214 717 2247 in
739 2214 823 2247 dicta
846 2224 980 2257 congre·
997 2210 998 2215 ’

237 2269 366 2313 gatione
386 2269 436 2303 vel
453 2268 530 2302 alibi
549 2278 659 2301 coram
678 2268 852 2312 praedictis
870 2269 977 2301 cardi-

237 2323 375 2364 nalibus,
386 2328 439 2356 aut
454 2322 712 2366 quibuscumque
722 2321 792 2354 aliis
807 2321 976 2363 iudicibus,

238 2376 412 2411 ordinariis
436 2376 484 2409 vel
506 2375 670 2418 delegatis,
695 2375 790 2408 etiam
811 2386 980 2409 causarum

239 2430 316 2464 dicti
331 2429 442 2464 Palatii
456 2429 669 2470 auditoribus,
683 2435 796 2469 motas,
814 2434 844 2461 et
859 2429 980 2463 indeci-

239 2494 290 2519 sas
305 2485 494 2529 pendentes,
517 2484 547 2516 in
566 2483 827 2527 quibuscumque
849 2488 933 2516 statu
951 2488 982 2516 et

241 2538 386 2572 terminis
403 2537 617 2582 reperiantur,
634 2537 674 2570 ad
691 2547 750 2570 nos
764 2536 878 2569 harum
900 2536 981 2570 serie

242 2591 450 2633 advocamus,
479 2601 596 2635 easque
618 2590 745 2635 penitus
767 2600 928 2624 cassamus
952 2596 981 2623 et

242 2645 468 2688 extinguimus.

287 2700 303 2742 ξ
317 2698 347 2733 3.
364 2701 407 2734 Ac
421 2699 588 2734 ecclesiam
603 2700 878 2735 Ravennatensem
890 2710 983 2744 prac-

1761 430 1779 449 le

986 475 987 480 ¹
1004 442 1262 484 praedecessoris
1276 442 1474 483 huiusmodi,
1491 442 1598 485 quoad
1613 452 1649 475 ea
1663 452 1745 485 quae
1763 462 1863 477 nauem.

1004 495 1195 528 Imolensem
1207 496 1444 529 etCerviensem
1460 495 1620 535 ecclesias,
1635 495 1747 528 inum-

986 577 988 591 3
1006 547 1101 580 bilico
1113 548 1214 581 dictae
1225 548 1408 591 provinciae
1417 548 1666 585 Ravennatensis
1677 558 1748 581 con-

1005 601 1163 637 sistentes,
1189 612 1368 645 eorumque
1388 603 1564 646 praesules,
1593 601 1745 645 capitula,

1006 655 1129 688 clerum
1146 661 1174 688 et
1192 656 1362 698 populum,
1380 655 1523 688 civitates
1538 660 1569 688 et
1586 655 1750 688 dioeceses

1007 707 1150 741 afficiunt
1164 708 1319 752 (eiusdem
1332 708 1477 751 Gregorii
1492 708 1750 752 praedecessoris

989 762 1141 808 ¹litteris,
1167 763 1272 806 quoad
1301 768 1425 796 caetera
1451 762 1482 795 in
1508 762 1552 795 cis
1577 768 1746 803 contenta,

1008 815 1085 848 alias
1099 815 1194 848 salvis
1212 821 1243 848 et
1264 815 1294 847 in
1313 826 1371 848 suo
1393 815 1511 848 robore
1531 815 1750 859 permanenti-

1008 868 1093 911 bus),
1120 879 1216 912 quain
1245 869 1378 901 omnes¹
1408 874 1438 901 et
1462 879 1682 912 quascumque
1711 869 1749 902 de

989 921 1080 962 ,illis,
1104 932 1163 954 nec
1184 932 1251 954 nou
1272 922 1470 954 Ferrariensi
1504 927 1533 954 et
1554 921 1747 954 Ariminensi

989 975 1151 1014 ,ecclesiis
1191 975 1385 1019 praedictis,
1414 986 1471 1019 per
1504 975 1687 1019 praedictos
1719 981 1746 1009 et

1007 1040 1230 1074 quoscumque
1265 1030 1344 1062 alios
1380 1030 1542 1062 Romanos
1577 1028 1749 1062 Pontifices

1006 1084 1272 1127 praedecessores
1288 1088 1415 1116 nostros
1434 1083 1616 1126 dictamque
1635 1082 1748 1115 Sedeni

989 1153 990 1160 ¹
1007 1137 1224 1181 Apostolicam
1246 1137 1285 1170 ab
1307 1136 1440 1170 ecclesia
1459 1142 1490 1169 et
1507 1135 1672 1180 provincia
1690 1136 1751 1169 Ra-

1007 1191 1192 1224 vennatensi
1208 1190 1393 1224 huiusmodi
1410 1190 1507 1223 factas
1521 1189 1750 1233 separationes,

990 1244 1258 1288 segregationes,
1283 1244 1467 1281 divisiones,
1489 1243 1750 1276 dismembratio-

1008 1310 1083 1339 nes,
1119 1299 1344 1332 distractiones
1378 1304 1407 1331 et
1441 1298 1679 1342 exemptiones,
1715 1308 1749 1330 ac

1009 1354 1106 1387 etlam
1133 1354 1256 1387 litteras
1282 1353 1370 1386 Lucii
1396 1359 1425 1386 et
1450 1353 1640 1392 Innocentii,
1666 1352 1748 1386 alio-

991 1418 1148 1451 ,rumque
1168 1408 1388 1440 Rornanorum
1414 1406 1606 1439 Pontificum
1635 1407 1748 1440 liuius-

1010 1461 1108 1501 modi,
1127 1472 1184 1494 nec
1203 1471 1268 1493 non
1287 1460 1393 1493 forsan
1415 1460 1627 1503 subsequutus
1647 1461 1752 1493 decla—

1010 1514 1151 1547 rationes
1176 1520 1204 1564 ρει
1231 1513 1509 1553 enuntiatione-5²,
1545 1524 1581 1546 ac
1613 1514 1752 1558 denique

1010 1568 1041 1601 in
1066 1568 1250 1612 pristinum,
1274 1573 1303 1601 et
1325 1578 1397 1600 cum
1419 1567 1451 1599 in
1473 1577 1537 1610 quo
1558 1572 1652 1600 antea
1673 1578 1752 1611 quo-

1010 1622 1187 1655 modolibet
1210 1621 1318 1655 crant³
1339 1627 1469 1661 statum,
1494 1621 1525 1653 in
1550 1621 1702 1654 omnibus
1723 1628 1751 1655 et

1010 1686 1067 1720 per
1085 1676 1205 1716 onmia,
1223 1675 1359 1719 perinde
1374 1686 1408 1707 ac
1423 1675 1448 1708 si
1463 1675 1647 1708 nullatenus
1666 1684 1752 1707 ema-

1010 1735 1160 1770 nassent,
1190 1729 1365 1773 apostolica
1396 1728 1608 1768 auctoritate,
1642 1734 1753 1762 tenore

1010 1783 1241 1828 praesentium,
1273 1782 1482 1823 restituimus,
1504 1782 1692 1826 reponimus
1724 1788 1751 1816 et

1011 1838 1155 1882 plenarie
1177 1838 1422 1880 reintegratnus.

1056 1893 1071 1936 g
1092 1892 1122 1925 4.
1153 1892 1189 1925 Et
1214 1892 1425 1925 nihilominus
1457 1891 1579 1925 litteras
1606 1891 1752 1934 Gregorii
1769 1926 1782 1945 U

994 1946 1269 1991 tpraedecessoris
1299 1945 1485 1978 huiusmodi
1517 1957 1553 1978 ac
1589 1946 1698 1979 onmia
1724 1951 1753 1978 et
1770 1959 1785 1972 n

1012 2000 1138 2042 singula
1159 1999 1270 2032 inillis
1296 2003 1446 2032 contenta
1472 1999 1625 2043 (exceptis
1654 1999 1750 2032 dum-

995 2059 1096 2099 ]taxat
1119 2053 1156 2087 iis
1176 2064 1258 2097 quae
1284 2053 1476 2086 Irnolensem
1503 2058 1533 2086 et
1553 2052 1752 2086 Cervicnsem

996 2135 997 2151 ζ
1014 2107 1163 2141 ecclesias
1181 2106 1372 2151 praedictas,
1390 2116 1568 2150 earumque
1580 2107 1755 2150 praesules,

996 2161 1165 2208 ¹capitula,
1190 2160 1343 2200 civitates,
1369 2160 1551 2199 dioeceses,
1578 2160 1792 2213 territoria,-

1015 2215 1180 2254 terminos,
1199 2215 1320 2247 clerum
1335 2219 1363 2245 et
1373 2214 1530 2257 populum
1542 2219 1751 2251 concernunt.

1015 2280 1073 2302 ncc
1087 2269 1096 2285 ⁴
1117 2269 1236 2302 eisdem
1255 2268 1479 2312 praesentibus
1505 2268 1754 2301 contrariantur)

1016 2322 1207 2355 auctoritate
1225 2327 1254 2354 et
1276 2328 1386 2354 tenore
1408 2321 1580 2365 praedictis
1601 2321 1756 2364 approba-

1016 2386 1087 2409 mus
1115 2381 1143 2408 et
1177 2377 1430 2415 confirmamus,
1464 2386 1499 2407 ac
1526 2379 1756 2417 perpetuaect

1017 2429 1380 2463 inviolabilisfirmitatis
1390 2427 1755 2473 apostolicaepraesidio

1053 2531 1062 2554 1
1088 2528 1204 2564 Nempe:
1227 2537 1313 2562 qaum
1338 2528 1475 2554 adversus
1499 2534 1606 2559 omncs,
1629 2529 1656 2552 ut
1677 2534 1757 2561 supra

1016 2572 1133 2600 diximus
1153 2582 1212 2609 pag.
1234 2574 1282 2599 119
1299 2574 1312 2599 b
1330 2577 1392 2599 nota
1417 2574 1423 2598 t
1448 2580 1485 2607 ku.
1503 2580 1552 2606 ¹121.

1051 2619 1066 2645 02
1089 2618 1152 2645 vide
1173 2627 1253 2654 supra
1275 2626 1334 2652 pag.
1360 2618 1408 2644 14¹.)
1429 2617 1443 2643 b
1464 2619 1526 2643 nota
1550 2617 1556 2641 1
1582 2622 1618 2645 tn.
1636 2615 1683 2650 ¹r.).

1051 2662 1066 2690 3
1088 2662 1154 2690 Vide
1181 2670 1261 2698 supra
1278 2671 1337 2697 pag.
1359 2661 1409 2687 '149
1430 2661 1444 2686 b
1465 2664 1526 2687 nota
1547 2660 1562 2687 3
1584 2662 1619 2695 (tt.
1636 2661 1684 2694 Ἰ..)

1052 2708 1066 2734 4
1089 2708 1150 2735 Vide
1179 2716 1260 2742 supra
1277 2715 1336 2742 pag.
1360 2706 1409 2733 150
1429 2714 1444 2733 α
1465 2710 1528 2733 nota
1547 2707 1562 2732 2
1583 2712 1618 2740 tn.
1636 2705 1684 2739 r).

1782 435 1839 448 nsvin
1856 431 1875 448 ct
1898 428 1946 449 Cer·

1829 1898 1850 1918 ln
1867 1897 1954 1921 reliqui<

1789 1925 1955 1945 ,exui‘tilitturas

1786 1945 1908 1972 itjshatwi.
