2227 3241
42 260 81 290 An
113 260 143 288 G.
160 259 229 289 1610

888 261 1008 288 murus
1027 262 1047 286 v
1071 262 1121 287 pp.
1665 252 1729 288 633
1775 263 1825 290 An.
1847 263 1874 291 c.
1896 264 1963 292 1610

244 307 308 342 citii
322 307 494 343 novissime
508 308 672 350 celebrati,
688 308 822 353 aliisque
839 309 990 352 constitu·
1023 309 1216 343 salutaribus
1246 309 1432 355 disciplinae
1467 310 1619 344 sementis
1644 310 1764 344 instau-

244 361 385 396 tionibus
398 367 430 395 et
443 362 701 396 ordinationibus
718 362 912 406 apostolicis,
928 362 990 406 pri·
1024 363 1137 404 rando,
1159 363 1241 397 inter
1267 369 1410 397 caeteros
1431 364 1515 397 illius
1542 364 1682 397 cultores
1706 375 1763 398 na-

243 415 365 458 vilegiis
388 427 528 460 quoque,
549 416 691 456 indultis,
714 416 984 460 exemptionibus,

244 469 502 503 immunitatibus
523 475 553 502 et
572 469 686 503 litteris
704 469 898 513 apostolicis,
919 469 988 513 qui-

242 522 350 556 busvis
363 522 509 567 personis
523 522 755 563 ecclesiasticis,
773 528 835 555 tam
850 523 989 555 saecula-

244 575 333 608 ribus
362 586 458 619 quam
482 576 696 618 regularibus
723 575 892 619 dictaeque
912 576 988 608 Mili-

245 627 307 661 tiae
331 627 498 668 militibus,
514 628 573 661 sub
587 628 845 672 quibuscumque
868 629 986 662 tenori-

243 681 303 714 bus
320 686 350 714 ct
368 680 492 721 formis,
512 692 547 714 ac
565 692 638 715 cum
657 681 821 726 quibusvis
838 682 987 715 clausulis

245 740 274 769 'et
295 734 431 768 decretis
452 735 546 769 etiam
565 735 777 777 irritantibus,
803 736 832 768 in
855 742 983 769 contra-

242 788 327 821 rium
352 788 604 833 praemissorum
633 789 878 833 quomodolibet
905 799 987 823 con-

244 841 362 883 cessis,
387 841 586 876 confirmatis
611 847 642 875 et
667 841 836 876 innovatis.
867 842 987 882 Quibus

244 895 394 929 omnibus
432 900 463 928 et
497 894 631 938 singulis
649 923 656 936 ,
696 905 806 929 eorum
841 896 984 930 omnium

244 954 275 983 et
293 948 495 992 singulorum
522 954 650 983 tenores
674 950 898 994 praesentibus
927 961 987 994 pro

242 1002 338 1048 plene
361 1008 391 1036 et
416 1003 612 1037 sufficienter
632 1004 788 1049 expressis
809 1010 839 1037 et
859 1004 898 1037 ad
919 1015 987 1037 rer-

244 1066 318 1089 vum
339 1055 467 1090 insertis
487 1057 642 1091 habentes
656 1085 663 1099 ,
688 1057 750 1091 illis
774 1057 852 1091 alias
873 1057 903 1090 in
929 1068 986 1090 suo

244 1108 362 1142 robore
381 1110 603 1154 permansuris
617 1138 624 1152 ‚
652 1111 712 1144 hac
736 1110 802 1144 vice
824 1111 985 1144 dumtaxat

243 1162 425 1208 specialiter
445 1170 475 1197 et
495 1175 641 1208 expresse
662 1165 866 1207 derogamus,
884 1169 986 1198 caete-

244 1216 352 1261 risque
377 1217 548 1251 contrariis
568 1218 838 1262 quibuscumque.

287 1271 400 1304 Datum
423 1272 542 1305 Romae
572 1272 657 1316 apud
689 1272 718 1305 S.
747 1272 899 1312 Marcum,
928 1272 985 1305 sub

207 1328 211 1333 ‘
245 1326 365 1359 annulo
389 1326 558 1360 Piscatoris
584 1326 635 1360 dic
664 1337 714 1360 xxi
741 1327 864 1369 augusti
887 1336 982 1368 iincx,

71 2303 212 2325 Prooemium.

243 1379 449 1424 pontificatus
470 1380 569 1413 nostri
592 1391 676 1414 anno
698 1391 738 1416 vi.

280 1434 338 1461 Dat.
361 1433 403 1461 die
423 1434 453 1461 ⁶21
477 1434 583 1470 augusti
607 1435 682 1468 1610,
705 1435 799 1470 pontis.
824 1444 855 1462 an
890 1444 913 1462 xi

573 1550 660 1585 CLX.

246 1623 431 1656 commissio
462 1623 583 1656 vicario
611 1624 758 1665 qeneralz'
790 1625 987 1657 Taurz'nensi

288 1676 323 1704 ut
338 1673 510 1705 cessionem
527 1673 676 1705 ecclesiae
689 1673 794 1706 sancti
807 1673 983 1711 Dalmatis,

288 1731 309 1754 a
324 1721 494 1754 monachis
512 1722 619 1754 sancti
634 1722 773 1755 Antonii
798 1722 988 1755 Viennensis

288 1771 409 1812 factam
424 1781 483 1814 pro
503 1771 551 1804 z'bz'
567 1771 718 1814 eriqendo
739 1771 871 1815 collegio
891 1771 988 1806 Cleri-

289 1830 399 1852 corum
408 1819 624 1863 Reyularz'wn
639 1820 906 1864 Conqreyatz'onis
916 1832 988 1854 san-

289 1868 333 1902 cti
351 1868 465 1908 Pauli,
484 1869 648 1912 approbet,
677 1868 864 1913 dictamque
886 1869 983 1903 colle-

288 1917 381 1961 yium
401 1918 507 1960 eriyat
521 1916 538 1949 ¹.

471 1999 583 2026 Paulus
602 1999 759 2033 episcopus

441 2051 546 2070 servus
563 2051 717 2071 servorum
734 2044 799 2075 Dei,

244 2098 358 2126 Dilecto
372 2098 434 2125 filio
446 2098 559 2125 vicario
575 2097 756 2125 venerahilis
772 2098 875 2125 fratris
891 2099 987 2126 nostri

280 2142 499 2176 archiepiscopi
514 2143 710 2170 Taurinensis
727 2142 756 2170 in
777 2142 987 2177 spiritualibus

280 2187 431 2222 generali,
449 2188 578 2214 salutem
595 2190 626 2214 et
646 2187 841 2221 apostoticam
864 2187 986 2214 benedi-

281 2231 422 2259 ctionem.

290 2295 332 2328 Ex
358 2294 467 2328 debito
493 2294 661 2339 pastoralis
681 2293 788 2335 officii,
814 2305 910 2327 curae
930 2305 985 2328 no-

244 2354 328 2382 strae
344 2347 448 2381 divina
464 2347 673 2391 dispositione
687 2348 810 2389 crediti,
824 2348 985 2391 egregiam

246 2408 276 2437 et
287 2402 484 2436 fructuosam
506 2412 650 2446 operam,
667 2412 762 2446 quam
775 2401 987 2444 Congregatio

245 2456 443 2491 Clericorum
469 2455 676 2498 Regularium
693 2455 792 2489 sancti
807 2455 896 2489 Pauli
922 2457 983 2489 Dc-

246 2510 364 2551 collati,
387 2509 633 2544 Barnabitarum
660 2515 933 2554 nuncupatorum,
956 2510 986 2542 in

247 2563 368 2606 irriguo
395 2563 560 2596 militantis
581 2562 740 2596 Ecclesiae
766 2573 842 2606 agro
872 2563 988 2606 iugiter

225 2617 406 2657 ¹colendo,
442 2622 473 2650 ct
507 2616 657 2661 vepribus
686 2617 916 2660 expurgando,
951 2628 987 2651 ac

285 2682 293 2706 ¹
313 2679 350 2707 Ex
364 2680 473 2715 Regest.
490 2679 516 2706 in
532 2680 633 2707 Secret.
648 2679 779 2707 [trevium.

310 2733 388 2761 Bull.
406 2733 489 2761 nom.
504 2750 534 2754 —-
555 2734 616 2762 Vol.
634 2734 682 2761 XI.
848 2733 882 2760 80

1023 427 1095 449 rare
1111 416 1319 459 dignoscitur,
1335 417 1445 450 sedula
1467 417 1677 451 meditatione
1689 428 1764 451 con-

1024 470 1223 513 templantes,
1245 481 1292 511 ea,
1322 481 1403 514 quae
1423 481 1482 515 pro
1501 471 1764 514 Congregationis

1022 522 1206 556 huiusmodi
1233 524 1485 568 propagatione,
1517 525 1666 569 illiusque
1687 536 1763 569 pro-

1021 576 1177 610 fessorum
1200 577 1309 610 usibus
1337 582 1365 611 et
1392 578 1699 620 commoditatibus,
1728 590 1764 613 ac

1022 630 1064 674 pii
1090 630 1224 663 instituti
1254 641 1446 674 progressu,
1476 631 1639 676 divinique
1660 632 1764 667 cultus

1023 689 1052 716 et
1086 683 1263 717 devotionis
1300 684 1556 718 christifidelium
1591 692 1764 728 augmento

1023 747 1173 770 concessa
1194 737 1290 770 fuisse
1312 737 1474 779 dicuntur,
1502 744 1537 772 ut
1556 738 1650 772 firma
1670 746 1701 773 et
1725 740 1763 773 il-

1022 790 1118 824 libata
1138 790 1322 835 persistant,
1346 791 1522 835 apostolico
1542 792 1705 836 praesidio
1725 793 1764 826 li-

1023 843 1134 877 benter
1154 844 1411 884 communimus,
1441 856 1476 878 ac
1502 845 1597 878 etiam
1625 845 1760 880 innova-

1023 907 1114 938 mus,
1148 902 1178 930 et
1210 897 1287 930 alias
1319 897 1458 942 desuper
1489 898 1632 932 eiusdem
1666 899 1763 933 officii

1022 955 1127 994 partes
1146 950 1367 983 favorabiliter
1384 950 1633 996 interponimus,
1652 958 1760 996 prout,

1022 1004 1180 1044 locorum,
1196 1009 1390 1047 temporum,
1413 1009 1441 1037 et
1458 1015 1671 1048 personarum
1687 1016 1764 1050 qua-

1022 1056 1164 1089 litatihus
1185 1056 1291 1089 debite
1310 1056 1462 1100 pensatis,
1487 1057 1705 1102 conspicimus
1732 1058 1763 1092 in

1021 1109 1157 1142 Domino
1182 1109 1353 1142 salubriter
1377 1110 1538 1154 expedire.

1066 1163 1082 1205 ἓ
1112 1162 1141 1194 sl.
1174 1162 1321 1195 Exhibita
1353 1162 1513 1206 siquidem
1545 1162 1638 1197 nobis
1659 1174 1763 1208 nuper
1806 1176 1964 1208 omniasem-

1020 1227 1080 1261 pro
1116 1222 1205 1261 parte
1238 1216 1429 1250 dilectorum
1468 1217 1608 1250 filiorum
1645 1218 1762 1252 nobilis
1777 1203 1964 1261 ffizrsffiffgriffi

1021 1269 1079 1303 viri
1104 1269 1206 1304 Caroli
1233 1270 1417 1304 Emanuelis
1441 1270 1621 1304 Sabaudiae
1646 1271 1758 1314 ducis,
1778 1256 1965 1317 {ssfflll'tffiffl‘i'ssl

1021 1330 1051 1359 et
1070 1324 1275 1358 Pedemontis
1292 1324 1458 1368 principis,
1480 1336 1516 1358 ac
1537 1326 1683 1359 moderni
1705 1326 1761 1359 ab·
1776 1311 1964 1368 {iiiiiissiiigfigssii’xl

1020 1380 1112 1420 batis,
1133 1391 1191 1413 nec
1209 1390 1274 1413 non
1293 1385 1468 1413 conventus
1486 1380 1672 1413 monasterii
1690 1390 1762 1413 san·
1776 1364 1790 1385 ¹¹
1806 1369 1858 1390 Μ’
1873 1366 1940 1385 cum.

1021 1435 1060 1468 cti
1086 1435 1215 1468 Antonii
1237 1435 1275 1469 dc
1301 1441 1410 1468 sancto
1431 1435 1570 1468 Antonio
1590 1435 1762 1469 Viennensi

1020 1488 1146 1522 Ordinis
1171 1488 1271 1522 sancti
1293 1488 1472 1531 Augustini,
1497 1499 1623 1522 necnon
1650 1488 1763 1522 defini-

1020 1548 1128 1575 torum
1155 1542 1284 1586 capituli
1314 1543 1473 1585 generalis
1499 1543 1642 1576 eiusdem
1672 1543 1763 1578 Ordi-

1020 1597 1079 1638 nis,
1097 1607 1133 1629 ac
1149 1597 1323 1641 praepositi
1346 1597 1516 1639 generalis,
1541 1608 1577 1630 ac
1597 1597 1763 1640 religioso-

1023 1661 1092 1683 rum
1115 1650 1378 1693 Congregationis
1393 1649 1593 1684 Clericorum
1619 1651 1759 1694 Regula—

1023 1704 1105 1737 rium
1119 1704 1304 1737 huiusmodi
1324 1704 1435 1748 petitio
1453 1704 1648 1747 continebat,
1666 1706 1763 1749 quod,

1021 1768 1092 1791 cum
1115 1758 1193 1791 alias
1214 1757 1280 1802 ipse
1305 1757 1436 1791 Carolus
1453 1758 1607 1792 Emanuel
1630 1765 1660 1792 ct
1677 1760 1764 1803 prin-

1021 1822 1106 1856 ceps,
1131 1811 1337 1844 considerans
1364 1812 1508 1844 eamdem
1536 1812 1765 1855 Congregatio-

1021 1876 1093 1898 nem
1121 1875 1156 1898 cx
1177 1864 1265 1898 verbi
1285 1864 1339 1898 Dei
1361 1865 1489 1898 assidua
1509 1865 1760 1909 praedicatione.

1022 1925 1052 1952 et
1079 1918 1239 1962 frequenti
1271 1924 1547 1951 sacramentorum
1570 1919 1763 1953 ecclesiasti-

1022 1982 1132 2005 corum
1159 1971 1450 2012 administratione,
1475 1971 1677 2016 aliorumque
1694 1972 1763 2016 pio-

1022 2036 1091 2059 rum
1114 2036 1248 2069 operum
1272 2025 1422 2059 exercitio
1447 2031 1555 2069 gratos
1580 2026 1716 2059 Domino
1734 2032 1763 2060 ct

1021 2079 1113 2113 utiles
1134 2079 1341 2122 Reipublicae
1363 2079 1561 2113 Christianae
1584 2080 1706 2114 fructus
1732 2080 1763 2113 in

1020 2133 1153 2176 singulis
1171 2133 1351 2167 civitatibus
1373 2140 1402 2168 et
1423 2134 1512 2176 locis,
1532 2135 1560 2167 in
1580 2135 1696 2179 quibus
1715 2145 1763 2168 re-

1021 2187 1203 2232 cipiuntur,
1227 2188 1265 2221 ad
1287 2188 1341 2222 Dei
1370 2188 1498 2221 laudem
1526 2194 1555 2221 ct
1581 2189 1762 2222 animarum

1020 2243 1153 2276 salutem
1181 2243 1361 2287 producere
1382 2243 1594 2284 consuevisse,
1615 2254 1674 2287 pro
1700 2243 1763 2277 exi-

1021 2296 1084 2329 mia
1115 2307 1211 2340 quam
1243 2306 1318 2339 erga
1346 2296 1447 2340 ipsam
1473 2297 1760 2339 Congrcgationem

1020 2350 1099 2393 gerit
1115 2350 1342 2394 propensione,
1362 2351 1447 2383 illam
1464 2351 1493 2383 in
1514 2350 1671 2383 civitatem
1687 2351 1762 2384 Tau-

1020 2404 1180 2437 rinensem
1203 2404 1233 2436 in
1260 2407 1322 2448 qua
1353 2404 1497 2437 nondum
1521 2410 1649 2448 recepta
1670 2409 1758 2445 erat,

1020 2457 1225 2491 introducere
1246 2457 1453 2497 desideraret,
1478 2463 1506 2490 ct
1529 2458 1566 2490 ad
1593 2468 1665 2490 cum
1687 2457 1762 2491 effe-

1020 2516 1105 2543 ctum
1122 2511 1223 2544 dictae
1238 2511 1484 2553 Cougrcg'ationi
1501 2511 1672 2544 nonnullos
1690 2511 1762 2544 red-

1020 2564 1104 2597 ditus
1125 2575 1249 2597 annuos
1277 2576 1312 2597 cx
1342 2564 1481 2607 propriis
1507 2564 1711 2597 facultatibus
1732 2571 1762 2597 ct

1021 2618 1111 2651 bonis
1143 2618 1208 2651 suis
1240 2628 1298 2661 pro
1331 2618 1426 2651 unius
1458 2618 1583 2660 collegii
1617 2618 1760 2651 eiusdem

1020 2671 1284 2714 Congrcgationis
1318 2671 1347 2704 in
1375 2671 1457 2704 dicta
1484 2670 1611 2705 civitate
1643 2672 1758 2706 sunda-
