2227 3241
219 248 266 274 Αη.
289 248 318 274 c.
340 247 405 276 ¹605
452 229 516 273 260

246 1477 366 1497 Exordium.

254 2582 303 2603 Pius
316 2582 343 2603 tv
364 2587 411 2608 pro.

226 2608 411 2629 hibuitextractio-

226 2641 274 2655 nem
299 2634 411 2656 frumento-

227 2667 279 2681 rum.

416 297 560 330 sentibus
589 295 786 337 haberetur,
810 295 835 329 si
863 299 967 329 essent
998 294 1157 329 exhibitae

416 350 638 383 vel-ostensae.

460 403 574 436 Datum
595 402 716 436 Romae
743 402 827 446 apud
856 407 1000 435 sanctum
1026 402 1154 436 Petrum

415 455 475 488 sub
495 454 616 488 annulo
645 454 816 489 Piscatoris
844 455 896 488 die
918 465 996 488 xxm
1023 455 1152 488 decem—

417 507 482 540 bris
509 517 604 547 Mnev,
629 507 837 552 pontificatus
857 508 958 541 nostri
975 518 1060 541 anno
1081 518 1102 541 ι.

487 570 544 597 Dat.
566 570 609 598 die
628 570 662 598 23
678 570 831 598 decembris
847 571 931 604 1605,
949 570 1044 607 pontif.
1062 579 1105 598 an.
1124 577 1141 597 1.

731 695 839 729 XXIV.

416 774 589 808 Innovatv‘o
608 778 637 807 et
654 775 796 808 extensio
816 775 1084 808 constitutionum
1102 775 1159 808 Pii

460 826 520 867 JV,
544 827 602 861 Pii
627 827 660 867 V,
688 828 837 871 oreqorii
856 828 948 862 XIII
965 832 993 860 ct
1016 828 1158 862 Clemen-

463 881 503 913 tis
532 880 618 914 VIII
638 885 750 914 contra
773 881 978 914 extrahentes
1004 882 1041 914 de
1065 882 1158 914 Statu

460 933 683 968 Ecclesiastico
713 935 871 979 terrisque
902 936 931 968 ei
960 936 1061 968 etiam
1086 946 1154 968 nie-

460 987 548 1021 diate
567 988 719 1022 subiectis
738 990 915 1032 frumenta,
938 989 1046 1030 blada,
1070 989 1158 1033 tequ-

463 1041 568 1082 mina,
596 1041 762 1075 animalia
781 1046 810 1076 et
834 1043 904 1075 alia
935 1053 1101 1076 annonam
1130 1047 1158 1075 et

460 1095 625 1138 gsrasciain
647 1096 895 1136 concernentia,
925 1106 994 1129 cum
1025 1106 1155 1128 reuoca·

463 1147 548 1181 tione
568 1147 777 1181 indultorum
797 1149 945 1181 omnium
962 1153 991 1182 et
1012 1148 1159 1197 licentia-

461 1211 535 1234 rum
561 1201 799 1245 quomodolibet
819 1201 948 1235 similia
967 1200 1160 1235 esetraleencli

462 1265 681 1288 concessarum
689 1282 694 1288 .

657 1345 768 1372 Paulus
788 1344 869 1378 Papa
887 1344 918 1376 V,

537 1397 574 1425 ad
593 1400 770 1432 perpetuam
789 1398 835 1425 rei
855 1398 1026 1426 memoriam

463 1469 548 1502 Inter
560 1468 763 1511 gravissimas
773 1479 876 1510 curas,
888 1479 966 1513 quas
975 1479 1034 1513 pro
1048 1474 1158 1502 nostro

419 1532 553 1555 munere
566 1521 691 1556 assidue
705 1522 913 1563 sustinemus,
932 1522 985 1555 illa
998 1528 1159 1566 postrema

419 1586 485 1609 non
507 1581 568 1617 est,
589 1575 621 1608 in
642 1586 738 1619 quam
762 1575 856 1609 nobis
877 1575 950 1609 totis
970 1575 1090 1609 viribus
1111 1575 1157 1608 in-

419 1628 636 1662 cumbendum
666 1639 734 1662 esse
755 1628 920 1669 ducimus,
944 1634 979 1661 ut
1005 1628 1157 1662 nimirum

419 1683 535 1715 almam
556 1682 674 1715 Urbem
695 1687 837 1715 nostram
857 1687 887 1715 et
908 1681 1089 1716 universam
1109 1692 1160 1715 ec-

421 1735 630 1769 clesiasticam
653 1735 820 1776 ditionem,
852 1745 999 1768 annonae
1029 1735 1160 1768 caritate

420 1789 542 1822 iamdiu
573 1788 777 1833 graviterque
809 1788 1035 1829 laborantem,
1060 1799 1160 1832 quan-

423 1849 487 1886 tum
509 1853 582 1876 eum
603 1842 742 1876 Domino
760 1841 948 1886 poterimus,
971 1842 1157 1883 liberemus,

420 1901 519 1939 utque
537 1896 774 1929 frumentorum
797 1901 826 1929 et
843 1895 978 1928 aliarum
996 1905 1102 1929 rerum
1122 1895 1161 1928 ad

421 1959 624 1983 communem
642 1940 723 1983 vitae
743 1959 836 1982 usum
852 1954 881 1983 et
896 1948 1160 1982 sustentationem

420 2003 650 2046 pertinentium
665 2002 790 2047 copiam
805 2002 835 2035 in
851 2002 918 2046 ipsa
930 2002 1015 2036 Urbe
1027 2007 1053 2036 et
1066 2002 1163 2036 eccle-

420 2055 546 2090 siastica
574 2056 696 2090 ditione
732 2056 926 2097 conservari,
960 2056 1162 2100 populosque

420 2109 513 2143 nobis
533 2109 677 2143 subditos
698 2109 871 2150 fertilitate,
895 2119 977 2153 quae
992 2109 1037 2142 eis
1062 2119 1079 2142 a
1100 2110 1163 2143 Do-

422 2163 509 2196 mino
526 2163 723 2203 conceditur,
752 2162 872 2206 perfrui
898 2172 991 2206 posse
1008 2172 1160 2206 procure-

423 2227 504 2249 mus.
527 2216 572 2250 Ad
594 2226 675 2260 quae
692 2215 884 2260 praestanda
904 2220 970 2248 tum
989 2215 1163 2259 praecipua

422 2271 530 2304 nostra
552 2279 627 2312 erga
652 2269 737 2313 ipsos
762 2268 906 2302 subditos
931 2273 1058 2302 nostros
1080 2268 1163 2301 eari-

424 2329 486 2356 tate
512 2322 718 2362 inducimur,
743 2327 808 2355 tum
836 2322 1069 2355 nonnullorum
1091 2321 1163 2366 piae

423 2377 600 2412 memoriae
616 2376 837 2410 Romanorum
859 2374 1050 2409 Pontificum
1072 2386 1163 2420 prae-

424 2432 628 2465 decessorum
643 2435 841 2471 nostrorum,
854 2429 908 2474 qui
921 2429 953 2462 in
966 2429 1048 2463 hanc
1063 2429 1162 2474 ipsam

424 2495 533 2518 curam
571 2483 742 2527 diligenter
777 2483 993 2517 incubuerunt
1012 2510 1018 2523 ‚
1051 2492 1160 2516 exem-

425 2539 478 2581 plo
497 2547 674 2571 movemur.

471 2593 488 2633 ξ
509 2591 539 2624 1.
563 2592 689 2626 Dudum
710 2591 870 2635 siquidem
895 2590 1029 2635 provide
1043 2601 1080 2624 ac
1093 2601 1165 2634 pru·
1197 2606 1228 2633 di
1247 2605 1288 2641 (a.
1304 2606 1354 2639 ῃ),

427 2644 540 2679 denter
572 2645 672 2680 felicis
689 2643 920 2679 recordationis
932 2643 1007 2678 Pius
1023 2643 1107 2687 Papa
1128 2643 1165 2676 lV

991 247 1173 271 BULLARIUM
1198 246 1351 271 nOMANUM

1934 244 2028 273 Aac.
2050 238 2129 274 most

1191 294 1231 328 ad
1261 293 1434 338 praedictis
1473 298 1656 337 opportune
1695 294 1927 328 consulendum
2113 291 2141 308 '³‘

1191 357 1246 391 per
1279 357 1370 380 suam
1403 346 1522 380 editam
1559 346 1843 380 constitutionem¹
1868 347 1928 381 sub

1191 402 1300 434 datum
1329 401 1451 434 Romae
1487 400 1571 444 apud
1609 405 1754 434 sanetum
1786 400 1928 434 Marcum

1192 454 1297 486 idibus
1317 453 1459 493 augusti,
1483 463 1568 486 anno
1587 460 1695 494 sexto,
1717 464 1799 498 quae
1819 453 1931 498 incipit

1191 507 1281 541 Inter
1305 506 1501 550 multiplices
1528 517 1633 548 curas,
1654 517 1766 540 omnes
1786 513 1818 541 et
1837 517 1931 551 quas-

1191 571 1330 604 cumque
1349 560 1493 593 licentias
1514 566 1544 593 et
1561 560 1725 593 facultates
1742 558 1931 594 extrahendi

1192 614 1362 652 frumenta,
1384 613 1478 646 blada
1503 620 1533 646 et
1556 613 1718 656 legumina
1742 624 1779 647 ex
1802 613 1932 657 provin-

1192 666 1260 705 ciis,
1284 666 1476 706 eivitatibus,
1501 667 1593 699 terris
1622 673 1653 700 et
1678 667 1756 700 locis
1783 666 1814 700 S.
1834 667 1870 701 R.
1893 666 1928 700 E.

1193 719 1330 752 mediate
1350 720 1396 752 vel
1426 720 1611 753 immediate
1639 720 1813 757 subiectis,
1837 730 1931 764 prae-

1194 779 1339 815 terquam
1361 783 1396 805 ex
1418 772 1512 806 causa
1531 784 1604 806 vere
1618 773 1765 813 onerosa,
1786 773 1934 807 videlieet

1192 826 1361 859 solutionis
1381 832 1411 860 ct
1431 827 1666 860 exbursationis
1697 827 1928 871 pecuniarum,

1193 882 1324 912 eatenus
1336 881 1577 923 quomodolibet
1592 881 1755 924 quibusvis
1768 891 1934 914 concessas

1195 934 1384 968 revocando,
1401 945 1439 967 ne
1458 934 1496 967 de
1515 940 1641 967 caetero
1658 945 1674 967 a
1691 935 1783 968 dictis
1801 935 1931 978 provin-

1194 987 1260 1026 ciis,
1284 987 1474 1027 civitatibus,
1500 987 1593 1020 terris
1611 994 1641 1020 et
1662 987 1749 1027 loeis,
1763 987 1933 1030 frumenta,

1195 1040 1288 1073 blada
1312 1046 1339 1073 et
1368 1041 1530 1083 legumina
1555 1041 1678 1085 aliqui,
1705 1047 1932 1086 praeterquam

1193 1103 1230 1125 ex
1255 1093 1338 1126 dicta
1361 1096 1466 1134 causa,
1494 1094 1720 1136 extraherent,
1747 1094 1807 1128 sub
1838 1093 1934 1128 certis

1193 1146 1304 1188 poenis
1321 1157 1469 1190 expresse
1489 1147 1668 1190 prohibuit,

1239 1200 1254 1241 ἓ
1273 1198 1302 1232 2.
1327 1199 1426 1238 Quam
1453 1200 1709 1241 revocationem,
1948 1236 2006 1257 vavn
2025 1238 2047 1258 οι
2060 1237 2121 1258 exten

1193 1262 1278 1293 nem,
1303 1263 1428 1286 necnon
1461 1253 1521 1286 alia
1543 1253 1574 1286 in
1596 1253 1679 1287 dicta
1708 1253 1934 1288 constitutione
1948 1261 1987 1284 dit·

1194 1310 1355 1346 contenta,
1371 1312 1500 1340 sanctae
1521 1306 1697 1340 memoriae
1716 1306 1791 1340 Pius
1806 1307 1892 1352 Papa
1910 1307 1936 1340 V

1193 1369 1251 1402 per
1272 1359 1366 1392 aliam
1380 1370 1470 1393 suam
1485 1359 1770 1402 constitutionem⁹,
1790 1371 1873 1405 quae
1886 1360 1934 1394 in-

1193 1411 1270 1455 cipit
1289 1412 1432 1446 Romani
1450 1413 1623 1455 Pontificis
1638 1413 1848 1456 providentia
1877 1413 1937 1447 cir-

1193 1470 1390 1509 cumspecta,
1414 1465 1619 1499 confirmavit
1643 1471 1673 1499 et
1697 1465 1880 1508 innovavit,
1899 1477 1935 1501 ac

1194 1519 1279 1552 illam
1294 1525 1324 1552 et
1338 1519 1392 1553 illa
1404 1520 1443 1554 ad
1458 1520 1601 1554 licentias
1612 1526 1643 1554 et
1660 1520 1824 1555 facultates
1838 1521 1936 1565 quod-

1194 1582 1333 1616 cumque
1362 1583 1462 1616 genus
1488 1573 1631 1616 grasciae
1651 1574 1759 1618 (etiam
1781 1574 1812 1607 in
1833 1573 1936 1608 carni-

1194 1626 1273 1667 bus,
1296 1626 1407 1660 ovibus
1422 1654 1429 1668 ,
1458 1626 1548 1670 agnis
1573 1633 1603 1660 et
1627 1627 1697 1660 aliis
1722 1627 1936 1670 animalibus,

1194 1690 1319 1713 necnon
1338 1680 1410 1714 oleo
1428 1691 1463 1714 ac
1482 1681 1577 1714 rebus
1595 1681 1664 1715 aliis
1678 1681 1935 1726 quibuscumque

1194 1733 1430 1777 consistentis³)
1451 1734 1592 1768 extendit
1612 1739 1641 1768 et
1661 1734 1844 1779 ampliavit;
2136 1766 2137 1770 ,
2177 1762 2183 1778 <3

1240 1788 1255 1829 ξ
1277 1786 1306 1819 3.
1328 1787 1365 1820 Et
1385 1787 1502 1820 deinde
1524 1787 1596 1832 piae
1619 1787 1794 1822 memoriae
1814 1787 1935 1831 Grego-
1951 1820 1955 1824 ,
1972 1784 2130 1841 ggeffifftfl'-
2178 1782 2184 1824 *L

1196 1839 1260 1872 rius
1281 1839 1365 1884 Papa
1386 1840 1453 1873 XllI
1473 1851 1531 1884 per
1545 1841 1699 1884 quasdam
1714 1851 1787 1874 suas
1804 1840 1863 1874 sub
1881 1841 1936 1874 da·
1949 1827 2097 1895 {33th3?⁰¹¹

1197 1898 1262 1926 tum
1284 1893 1335 1926 die
1356 1903 1432 1927 xv111
1453 1893 1634 1928 decembris
1653 1904 1817 1936 uanxvn,
1829 1894 1936 1938 ponti-
1985 1879 1998 1900 Ρ
2061 1889 2066 1894 ’
2126 1887 2129 1893 ’
2177 1896 2180 1904 '

1196 1946 1309 1979 tieatus
1329 1946 1376 1979 sui
1399 1957 1483 1980 anno
1503 1957 1535 1981 vt
1546 1946 1566 1987 ⁴,
1588 1947 1737 1981 omnihus
1755 1953 1786 1981 et
1804 1947 1938 1991 singulis

1197 2000 1494 2041 communitatibus,
1518 2001 1790 2042 universitatibus,
1814 2012 1851 2035 ac
1867 2001 1937 2046 qui-

1197 2053 1398 2098 buscumque
1429 2054 1576 2098 personis
1606 2055 1636 2087 in
1664 2055 1781 2089 virtute
1803 2059 1937 2089 sanctae

1197 2107 1422 2148 obedientiae,
1447 2113 1478 2140 et
1506 2107 1564 2140 sub
1599 2107 1830 2150 indignationis
1859 2118 1936 2142 suae

1197 2170 1233 2193 ao
1269 2161 1611 2195 excommunicationis
1646 2161 1728 2195 latae
1761 2161 1937 2196 sententiae
1962 2187 1966 2191 .

1197 2214 1310 2258 poeuis
1328 2213 1533 2264 inhibuit,.11e
1554 2214 1667 2259 quovis
1685 2219 1870 2258 praetextu,
1890 2213 1938 2247 di-

1199 2272 1284 2301 recte
1310 2267 1357 2301 vel
1379 2267 1546 2308 indirecte,
1571 2267 1707 2301 cuiusvis
1727 2267 1852 2310 generis
1872 2267 1938 2302 fru—

1199 2326 1323 2358 menta,
1348 2320 1454 2362 blada,
1479 2321 1653 2364 legumina,
1674 2326 1769 2365 atque
1786 2320 1937 2354 animalia

1233 2428 1244 2454 t
1268 2427 1359 2455 Coust.
1381 2433 1468 2462 cxvii,
1496 2428 1575 2455 Inter
1593 2426 1783 2462 multiplices,
1810 2430 1874 2455 tom.
1891 2433 1937 2460 vu,

1198 2480 1258 2508 pag.
1276 2471 1337 2500 376.

1232 2517 1249 2544 Ξ).
1268 2517 1359 2544 Const.
1372 2523 1450 2550 chx,
1467 2517 1605 2549 Romani,
1621 2518 1686 2543 tom.
1707 2522 1753 2550 vu,
1769 2523 1832 2551 pag.
1847 2515 1942 2544 848οι

1231 2561 1247 2588 3
1262 2561 1309 2588 Hle
1317 2560 1394 2588 deest
1405 2560 1516 2588 verbum
1527 2563 1727 2589 concernentes
1737 2559 1777 2588 vel
1788 2560 1939 2588 extrahen-

1234 2651 1247 2676 .ἰ
1269 2649 1358 2678 Consi.
1376 2655 1464 2684 Lxxvt,
1486 2649 1623 2683 Volentes,
1640 2651 1704 2677 tom.
1721 2655 1777 2685 vm,
1795 2657 1855 2685 pag.
1873 2647 1935 2678 ¹96.

2104 2905 2142 2943 ⁴:-
2168 2901 2177 2908 ⁸

2110 2954 2143 3027 .ἳῖ
2176 2976 2191 3018 3
