2227 3241
481 286 544 321 704
1014 292 1191 317 nummum

436 341 601 378 CCCXVII.
650 340 845 385 Approbatio
883 340 1196 374 confraternitatum·

524 393 584 428 sub
609 395 810 428 invocatione
826 393 1018 427 sanctissimi
1035 391 1178 426 Nominis

525 446 607 486 lesu,
635 448 666 480 in
701 447 875 490 provinciis
901 446 993 488 regni
1018 442 1098 479 Peru
1124 446 1178 479 in-

526 502 706 534 stitutarum
732 504 763 533 et
788 499 1073 540 instituendarum,
1105 508 1177 532 cum

524 552 794 597 indulgentiarum
821 552 1021 596 elargitione
1048 552 1097 585 16.
1193 535 1196 597 ἶ

435 615 619 650 CCCXVIII.
645 615 824 650 DeclaratIo
857 626 953 659 super
978 617 1046 649 iure
1072 603 1196 670 conse}

525 670 617 703 rendi
642 669 798 703 beneficia
815 670 1003 712 collegiatae
1022 668 1177 702 ecclcsiae
1194 675 1195 719 ζ

523 724 624 757 sancti
639 722 744 757 Iacobi
758 723 795 756 (le
815 722 924 766 Calaff
935 722 1080 756 Vicensis
1094 722 1178 756 dioe-
1195 731 1197 766 ᾗ

524 778 620 818 cesis,
646 775 698 810 18.

436 837 588 872 CCCXIX.
630 837 828 873 Universitas
868 842 900 872 et
935 838 1079 872 homines
1119 837 1178 872 loci

525 890 628 937 Rysclz
652 893 751 936 partis
776 893 926 926 territorii
956 891 1198 941 Lucernensis„

525 944 776 979 Constantiensis
792 945 945 987 diocesis„
963 945 1146 978 eximuntur
1162 953 1179 977 a

524 997 682 1031 solutione
713 999 872 1032 minorum
904 998 1100 1031 decimarum
1131 1006 1179 1030 re-

523 1052 602 1085 ctori
627 1050 817 1094 parochialiS
835 1050 991 1084 ecclesiae
1016 1050 1091 1084 dicti
1108 1050 1178 1092 loci,

525 1103 577 1137 20.

436 1163 576 1199 CCCXX.
615 1164 749 1206 Quando
774 1165 915 1200 locorum
944 1164 1106 1200 Ordinarii
1131 1153 1198 1198 re-‘

525 1217 691 1262 gularibus
708 1218 868 1253 licentiam
885 1219 1007 1263 possint
1023 1218 1179 1262 impertiri

525 1281 624 1306 novos
650 1275 826 1306 conventus
851 1272 1067 1313 construendi,
1094 1272 1144 1305 21.
1196 1293 1197 1300 .

437 1333 590 1369 CCCXXI.
623 1334 826 1369 Confirmatio
858 1334 979 1368 decreti
1010 1334 1179 1369 cardinaliS

525 1388 675 1423 Matthaei
700 1392 810 1423 contra
828 1389 1022 1423 occultantes
1040 1388 1123 1422 hona
1139 1388 1178 1422 ad

526 1447 703 1478 conventus
728 1443 860 1478 Ordinis
889 1443 1045 1477 Minorum
1070 1443 1179 1482 Refor-

524 1500 679 1532 matorum
705 1499 906 1541 pertinentia,
925 1498 975 1531 22.
1196 1511 1198 1551 ᾗ

437 1561 606 1596 CCCXXII.
633 1561 776 1595 Declarat
800 1571 857 1605 per
874 1562 1091 1596 avocationem
1110 1571 1180 1595 cau-

525 1624 651 1657 sarum,
689 1624 771 1660 quae
807 1617 973 1648 occasione
1010 1615 1179 1648 dotationis

529 1669 750 1712 parochiarum
788 1679 844 1713 pro
868 1668 986 1702 Mauris
1020 1667 1058 1701 ad
1084 1658 1198 1708 iidem}

526 1722 730 1756 christianam
756 1722 917 1756 conversis
934 1725 1180 1755 elw-ccialumsu
1196 1719 1198 1754 l

526 1776 635 1810 boitae
660 1779 742 1819 sunt,
760 1775 940 1809 huiusmodi
960 1767 1199 1823 parochiarum]

527 1832 723 1864 erectionem
748 1833 779 1864 et
802 1830 995 1863 dotationem
1022 1839 1082 1862 non
1109 1825 1198 1869 essel

525 1883 760 1925 retardandam,
787 1883 837 1917 24
1196 1872 1199 1930 ’ξ

437 1945 509 1981 CCC
515 1946 621 1980 XXIII.
657 1946 803 1980 Declarat
833 1946 996 1989 praesules
1022 1935 1199 1980 ecclesia-³

527 2003 621 2035 sticos
647 2002 737 2044 regni
764 2000 922 2040 Poloniae,
948 2002 1001 2045 qui
1026 1992 1199 2044 comitiis,'

525 2054 665 2088 consiliis
690 2057 719 2087 et
737 2053 864 2088 iudiciis
880 2055 971 2097 regni
988 2063 1026 2087 ex
1049 2064 1180 2088 munere

528 2109 687 2142 senatorio
723 2109 878 2141 interesse
918 2107 1051 2150 debent,
1092 2118 1179 2142 suam

526 2162 712 2196 sententiam
753 2161 860 2195 (licere
900 2163 1023 2205 possint
1058 2161 1199 2213 absque}

527 2225 737 2250 censurarum
776 2219 807 2249 et
851 2215 1094 2259 irregularitatis
1135 2218 1200 2256 in-l

528 2279 633 2311 cursu,
659 2272 730 2310 etc.,
748 2269 798 2302 26.
1198 2278 1199 2312 i

438 2321 621 2357 CCCXXIV.
654 2322 839 2356 Commissio
868 2324 984 2357 nuncio
1009 2315 1200 2366 apostolico'

526 2375 610 2420 apud
636 2375 875 2419 Sigismundum
901 2375 1050 2409 Poloniae
1072 2386 1199 2419 regem*

528 2430 746 2468 commoranti,
775 2432 807 2463 ut
831 2431 992 2471 unionem,
1009 2427 1181 2473 apostolica
1198 2447 1200 2470 μ

528 2483 714 2516 auctoritate
736 2482 858 2523 factam,
878 2482 1033 2516 ecclesiae
1058 2486 1182 2516 metro-

528 2535 685 2579 politanae
703 2535 870 2569 Chiovensi
892 2535 931 2568 de
948 2536 1181 2570 archimandria

530 2598 587 2622 seu
604 2588 731 2622 abbatia
742 2589 941 2623 Pieezarensi
952 2589 1116 2631 dissolvat,
1129 2590 1180 2623 27.

441 2639 607 2675 CCCXXV.
641 2641 788 2675 Declarat
811 2641 1098 2686 Congregationem
1124 2633 1199 2676 fra?

529 2698 612 2728 trum
629 2693 900 2730 Discalceatorum
917 2693 1048 2731 Ordinis
1067 2695 1180 2730 Beatae

1223 293 1374 318 noussen

1299 339 1418 374 Mariae
1453 341 1494 373 de
1517 340 1622 375 Monte
1647 339 1791 375 Carmelo
1817 351 1887 376 esse
1912 351 1952 377 ex

1300 392 1477 433 Ordinibus
1500 394 1761 438 Mendicantium,
1778 404 1953 441 eorumque

1299 447 1409 490 gratiis
1433 445 1581 480 omnibus
1598 447 1730 491 perfrui,
1748 447 1799 481 28.

1193 507 1392 563 lCCCXXVI.
1417 508 1596 543 Declaratio
1613 519 1709 553 super
1734 508 1894 544 oblatione
1911 511 1954 544 in-

1301 563 1390 596 censi
1415 566 1445 596 et
1469 562 1577 596 osculo
1601 564 1688 606 pacis
1705 565 1736 596 in
1754 564 1870 596 missae
1890 571 1952 597 ma-

1301 616 1377 649 ioris
1416 614 1631 649 celebratione
1670 614 1878 658 gubernatori
1918 617 1951 649 in

1302 667 1529 712 temporalibus
1561 679 1618 712 pro
1649 679 1726 713 rege
1758 669 1955 704 christianis·
1988 705 1991 708 ,

1300 722 1380 755 simo
1405 723 1435 756 in
1461 723 1588 756 civitate
1613 721 1765 765 Tullensi,
1782 722 1834 756 30.

1195 768 1408 818 'cccxxvii
1446 783 1648 818 Confirmatio
1672 785 1798 819 unionis
1828 783 1955 819 Militia-

1301 847 1372 871 rum
1407 838 1455 872 Ss.
1480 837 1617 872 Mauritii
1650 841 1681 873 et
1715 837 1843 881 Lazari,
1866 839 1954 872 inno·

1302 891 1452 935 vatioque
1482 890 1649 935 hospitalis
1678 893 1710 925 in
1745 890 1823 926 locis
1847 891 1878 925 S.
1902 890 1956 925 La-

1301 944 1375 985 zari,
1400 953 1472 978 cum
1492 943 1672 989 aliquorum
1689 944 1884 979 indultorum
1900 944 1952 979 de-

1301 996 1483 1039 claratione,
1502 997 1552 1031 30.

1196 1056 1427 1121 'CCCXXVIII
1458 1058 1615 1093 Institutio
1641 1059 1776 1094 duorum
1800 1062 1956 1094 monaste-

1302 1112 1423 1145 riorum
1439 1121 1497 1155 pro
1514 1112 1678 1147 monachis
1693 1113 1873 1147 reformatis
1898 1111 1955 1148 Or-

1304 1163 1388 1198 dinis
1412 1166 1513 1199 sancti
1536 1164 1646 1199 Basilii
1665 1167 1697 1200 in
1714 1167 1824 1210 regnis
1843 1165 1956 1211 Hispa-

1303 1219 1439 1261 uiarum,
1478 1227 1551 1252 cum
1592 1219 1740 1254 facultate
1777 1219 1956 1264 recipiendi

1302 1272 1439 1306 novitios
1464 1275 1495 1306 et
1518 1280 1600 1306 nova
1623 1271 1703 1315 loca,
1722 1281 1759 1307 ac
1775 1273 1955 1317 praefinitio

1302 1325 1563 1359 constitutionum
1588 1324 1692 1360 dictae
1712 1325 1955 1368 reformationis»,

1214 1442 1397 1477 CCCXXIX.
1444 1443 1591 1478 Definitio
1643 1443 1769 1479 habitus
1825 1445 1955 1480 fratrum

1302 1497 1560 1532 Praedicatorum
1585 1497 1716 1533 Ordinis
1740 1498 1770 1532 S.
1788 1498 1956 1542 Dominici,

1302 1554 1333 1585 et
1367 1552 1498 1587 fratrum
1531 1552 1743 1586 Eremitarum
1768 1551 1899 1588 Ordinis
1924 1553 1953 1587 S.

1304 1607 1486 1649 Augustini,
1505 1606 1554 1640 46.

1215 1669 1382 1703 CCCXXX.
1416 1668 1540 1703 Fratres
1573 1669 1668 1704 Tcitii
1697 1670 1827 1705 Ordinis
1853 1673 1955 1705 sancti

1304 1722 1463 1756 tramissi
1484 1724 1574 1766 regni
1599 1723 1749 1758 Franciae
1780 1723 1955 1758 subiiciun-

1304 1779 1353 1810 tur
1370 1777 1514 1810 ministro
1539 1776 1680 1820 generali
1703 1775 1833 1811 Ordinis
1857 1779 1957 1813 sancti

1304 1829 1464 1864 Francisci
1497 1829 1537 1863 de
1562 1829 1792 1873 Observantia,
1818 1834 1849 1866 et
1872 1834 1957 1866 com'-

1303 1884 1448 1917 missario
1472 1883 1616 1927 generali
1640 1883 1890 1919 ultramontanae
1913 1885 1956 1919 fa-

1303 1937 1410 1971 miliae
1444 1937 1599 1982 praedicti
1631 1936 1778 1980 Ordinis,
1804 1948 1863 1972 ncc
1893 1949 1955 1973 non

1304 1993 1520 2025 commissario
1538 1992 1680 2035 generali
1698 1992 1848 2027 nationali
1865 1993 1956 2027 Fran-

1304 2046 1381 2087 ciac,
1397 2045 1447 2078 49.

1197 2094 1199 2122 ‘³
1216 2107 1399 2142 CCCXXXI.
1425 2107 1628 2142 Confirmatio
1644 2108 1818 2143 litterarum
1835 2109 1914 2144 sixti
1931 2110 1956 2143 V

1303 2170 1400 2205 super
1424 2162 1528 2195 officio
1552 2163 1695 2196 sanitatis
1725 2163 1862 2197 civitatis
1885 2162 1957 2197 An-

1305 2216 1480 2257 conItanae,
1495 2215 1547 2248 50.

1215 2267 1412 2303 CCCXXXII.
1437 2267 1638 2302 Confirmatio
1664 2272 1695 2303 et
1719 2268 1891 2304 declaratio
1908 2279 1956 2305 ca-

1304 2320 1395 2365 pituli
1426 2321 1465 2355 de
1495 2321 1706 2356 alsi-aucandis
1732 2321 1823 2356 bonis
1849 2332 1956 2366 preca-

1304 2376 1392 2409 riatis
1437 2376 1620 2409 monasterii
1665 2378 1764 2411 sancti
1811 2372 1956 2412 silvestri

1305 2429 1421 2463 Terrae
1451 2428 1665 2471 Nonantulae‚
1695 2440 1752 2473 pro
1784 2429 1864 2464 duce
1893 2430 1956 2465 Mu-

1305 2483 1399 2523 tinae,
1425 2483 1475 2516 53.

1215 2535 1430 2571 CCCXXXIII.
1461 2535 1635 2570 Translatio
1659 2537 1765 2570 oneris
1789 2536 1955 2570 missarum

1304 2600 1343 2623 ex
1375 2591 1499 2634 piorum
1538 2589 1801 2633 dispositionibus
1831 2591 1863 2623 in
1893 2599 1956 2624 mo-

1304 2645 1451 2678 nasteriis
1491 2643 1675 2677 monialium
1707 2641 1766 2677 sub
1800 2643 1955 2687 regimine

1304 2696 1435 2731 fratrum
1472 2695 1628 2730 Minorum
1663 2697 1765 2731 sancti
1796 2695 1956 2732 Francisci
