2227 3241
219 308 267 334 An.
283 307 309 334 c,
334 305 401 334 1608
447 296 510 329 548
998 303 1179 327 nontamen
1202 303 1353 327 nomnen

415 353 623 385 confirmatae
639 378 646 392 ,
680 351 839 384 firmitatis
863 351 962 383 robur
982 350 1151 389 ol›tinere;
1189 356 1271 392 gent,
1301 350 1409 393 vigore
1431 350 1632 384 licentiarum
1651 351 1744 394 plura
1769 357 1927 384 monaste-

415 412 502 439 motu
528 405 635 445 simili,
664 415 700 438 ac
725 414 760 438 ex
783 405 868 437 certa
895 405 1000 436 nostra
1023 403 1153 436 scientia
1189 403 1246 444 ria,
1270 403 1384 436 domos
1409 409 1439 436 et
1463 404 1533 437 loca
1564 403 1753 441 monialium
1781 404 1928 448 pluribus

414 465 441 491 et
459 460 545 491 mera
559 457 790 491 deliberatione
813 456 1058 499 nostris,deque
1079 466 1154 500 apo·
1189 456 1309 489 rit-ibus
1335 456 1546 499 ingrediendi,
1575 456 1671 490 etiam
1696 457 1817 500 absque
1839 457 1926 491 elau-

412 512 541 545 stolieae
556 510 721 555 potestatis
734 510 945 554 plenitudine,
963 510 1089 543 easdem
1107 510 1154 542 lit·
1188 510 1255 542 sula
1285 509 1341 553 (in
1368 515 1491 551 totum,
1527 520 1582 543 seu
1610 510 1640 542 in
1665 510 1813 543 universa
1829 537 1836 550 ,
1863 520 1928 543 non

413 571 495 597 teras
513 570 542 596 et
562 563 592 596 in
612 563 655 597 eis
674 569 824 597 contenta
841 573 1064 607 quaecumque
1082 573 1154 606 per·
1188 568 1293 596 autem
1307 563 1350 596 .in
1377 573 1488 596 eorum
1515 563 1639 607 aliqua,
1669 563 1715 596 vel
1740 563 1886 606 singula)
1911 573 1929 596 a

412 623 510 661 petuo
528 617 758 651 confirmamus
777 625 805 651 et
828 617 1057 662 approbamus,
1076 616 1152 649 illis·
1189 616 1280 649 nobis
1308 617 1354 650 vel
1388 616 1691 660 praedecessoribus
1722 616 1839 650 nostris
1867 617 1929 650 Ro-

412 681 474 714 que
487 676 674 715 perpetuae,
697 671 894 705 indubitatae
911 677 941 704 et
962 670 1154 703 inviolabilis
1189 670 1290 703 manis
1304 669 1523 711 Pontificibus,
1543 670 1601 703 sub
1619 670 1731 714 quovis
1753 675 1864 704 tenore
1880 669 1928 703 vel

412 725 607 768 apostolieae
628 724 786 758 firmitatis
806 725 904 757 robur
921 724 1100 764 adnuimus,
1117 734 1152 756 ae
1189 723 1299 764 forma,
1317 723 1411 756 etiam
1431 729 1519 756 motu
1540 723 1685 767 proprio,
1703 715 1927 757 concessarum

413 787 547 821 percos,
569 778 606 810 ad
626 788 706 821 quos
719 783 841 821 spectat
857 783 887 811 et
904 776 1060 821 spectabit
1074 786 1153 820 quo·
1189 782 1218 810 et
1242 777 1473 821 expeditarum,
1502 782 1558 810 aut
1578 777 1791 821 imposterum
1820 777 1927 810 forsan

414 830 589 864 modolibet
622 831 650 863 in
682 831 847 872 futurum,
880 831 974 864 etiam
997 836 1152 874 perpetuo
1188 831 1467 865 comedendarum
1502 837 1531 864 et
1557 830 1842 875 expediendarum,
1870 830 1927 864 ati-

413 883 575 917 obserrari
599 885 799 918 mandamus.
1188 895 1250 927 qua
1276 885 1322 917 vel
1347 884 1472 926 singula
1498 884 1692 918 monasteria
1717 884 1864 928 pluribus
1885 883 1927 917 vi-

241 937 358 958 ⁶¹³¹¹¹‘¹¹¹³⁰·
458 939 474 979 ἓ
507 937 537 970 7».
573 938 786 971 Deccrnentes
821 937 940 981 pariter
973 937 1096 970 irritum
1123 942 1153 969 et
1187 937 1277 970 <sibus
1300 937 1422 979 ingredi
1441 938 1551 981 possit;
1575 938 1630 971 sed
1652 937 1800 971 licentiae
1817 937 1928 971 huius-

414 990 518 1031 inane,
536 991 690 1035 quiequid
717 1002 807 1025 secus
831 1002 928 1035 super
952 990 1000 1023 liis
1025 1002 1042 1023 a
1067 1001 1149 1034 quo·
1189 991 1274 1023 modi
1300 996 1446 1035 respectu
1467 991 1702 1034 universorum⁷
1727 1001 1794 1025 non
1818 995 1926 1024 autem

413 1055 532 1088 quam,
565 1045 675 1089 quavis
700 1045 911 1084 auctoritate,
941 1044 1080 1077 scienter
1105 1043 1151 1076 vel
1188 1043 1370 1088 aliquorum
1401 1045 1448 1077 vel
1480 1045 1681 1088 singulorum
1709 1043 1924 1078 monasterio-

415 1097 608 1139 ignoranter,
637 1098 810 1142 eontigerit
834 1098 994 1131 attentari.
1189 1109 1271 1139 rum,
1289 1098 1515 1141 suffragentur,
1538 1099 1579 1132 ita
1597 1104 1631 1132 ut
1648 1098 1697 1131 cui
1718 1097 1767 1132 bis
1783 1098 1814 1131 in
1833 1108 1927 1140 anno,

283 1149 397 1175 ¹'2s022fi0
457 1152 473 1193 ξ
495 1151 525 1184 ft,
554 1152 622 1185 Non
641 1152 842 1185 obstantibus
860 1151 1153 1192 constitutionibus,
1186 1151 1930 1196 seuamplius‚pluramonasteriaingredieon-

214 1177 375 1197 contrariorum.

413 1210 444 1237 et
460 1204 720 1238 ordinationibus
740 1205 934 1249 apostoliciS‚
959 1215 1084 1238 necnon
1107 1205 1151 1237 di-
1188 1204 1332 1245 ceditur,
1361 1205 1409 1237 bis
1442 1205 1487 1238 vel
1518 1205 1657 1249 amplius
1691 1210 1814 1247 tantum
1849 1205 1924 1238 uni-

413 1257 453 1290 cti
470 1257 565 1291 Tertii
585 1258 712 1291 Ordinis
732 1258 832 1291 sancti
859 1257 1031 1297 Francisci,
1056 1257 1151 1290 etiam
1187 1269 1287 1298 versa,
1311 1269 1374 1291 non
1402 1264 1508 1292 autem
1531 1269 1642 1292 eorum
1664 1258 1772 1302 aliqua
1791 1258 1839 1292 vel
1856 1250 1926 1292 sin-¹

413 1311 606 1352 iuramento,
631 1311 877 1345 confirmatione
895 1311 1083 1355 apostoliea,
1104 1312 1150 1344 vel
1187 1312 1272 1355 gula,
1301 1312 1425 1354 ingredi
1452 1312 1546 1345 liceat
1564 1339 1572 1353 ‚
1605 1311 1729 1345 etiamsi
1762 1311 1928 1356 praedicta

411 1363 521 1407 quavis
545 1364 698 1398 firmitate
727 1364 787 1397 alia
815 1364 994 1404 roboratis,
1026 1364 1152 1397 statutis
1188 1365 1382 1398 monasteria
1404 1365 1435 1398 in
1456 1365 1590 1399 diversis
1610 1364 1800 1406 civitatibus,
1819 1364 1923 1405 ten-is,

411 1423 442 1449 et
472 1418 780 1460 ronsueutdinibus,
813 1428 871 1451 nec
905 1428 969 1451 non
1002 1417 1152 1451 omnibus
1187 1418 1398 1459 dioecesibus,
1423 1424 1453 1451 et
1476 1418 1554 1451 loeis
1579 1418 1724 1452 existant.

414 1469 496 1510 illis,
531 1481 614 1514 quac
640 1471 723 1504 idem
754 1471 900 1505 Clemens
925 1471 1153 1514 praedecessor
1232 1473 1247 1513 ξ
1277 1471 1306 1504 2.
1336 1471 1450 1504 Iisdem
1481 1471 1681 1512 mulieribus,
1710 1470 1803 1504 aliter
1827 1480 1924 1515 quam

414 1523 444 1556 in
467 1523 578 1557 iisdem
606 1524 812 1568 praeinsertis
833 1524 946 1558 litteris
967 1525 1067 1558 voluit
1088 1534 1150 1558 non
1187 1531 1220 1558 ut
1245 1524 1426 1569 praefertur
1444 1525 1571 1558 easdem
1598 1524 1742 1558 licentias
1768 1524 1925 1568 interpre-

414 1577 561 1618 obstare‚
597 1578 795 1623 caeterisque
821 1578 990 1616 contrariis
1015 1578 1150 1622 quibus·
1188 1579 1257 1619 tari,
1281 1579 1329 1612 vel
1355 1578 1415 1611 illis
1439 1578 1495 1619 uti,
1516 1579 1574 1611 sub
1595 1577 1738 1612 censuris
1756 1583 1786 1611 et
1803 1578 1925 1622 poenis,

413 1641 561 1676 eumque.
1167 1643 1202 1665 =a
1223 1632 1364 1666 Concilio
1388 1632 1574 1666 Tridentino
1600 1637 1629 1665 et
1647 1631 1832 1676 apostolicis
1850 1642 1926 1666 con-

457 1686 569 1719 Datum
588 1686 708 1720 Romae
729 1687 813 1731 apud
834 1692 978 1719 sanctum
996 1687 1149 1725 illareum,
1167 1662 1170 1706 Ι
1186 1686 1406 1720 stitutionibus
1431 1686 1514 1720 intra
1541 1692 1628 1730 septa
1655 1685 1924 1726 monasteriorum

412 1739 470 1771 sub
496 1740 616 1773 annulo
639 1740 818 1781 Piseatoris,
841 1741 891 1774 die
920 1750 1004 1774 xxvii
1026 1739 1150 1781 augusti
1188 1739 1374 1773 monialium
1391 1739 1653 1783 absquelieentia
1673 1739 1935 1782 ingredientibus-

413 1802 546 1835 nncvni,
567 1794 771 1837 pontificatus
792 1794 891 1827 nostri
913 1804 997 1827 anno
1020 1804 1058 1827 iv.
1187 1793 1313 1827 inflictis
1327 1821 1335 1835 ‚
1364 1794 1432 1837 ipso
1457 1793 1539 1827 sacto
1561 1793 1762 1827 incurrendis
1776 1820 1784 1834 ‚
1812 1793 1925 1827 eadem

449 1855 506 1882 Dat.
529 1855 572 1882 die
592 1856 624 1883 Ξῖ
646 1857 750 1891 augusti
774 1857 852 1891 1608,
874 1856 968 1892 pontit.
991 1864 1033 1882 an.
1052 1864 1087 1882 iv.
1186 1847 1375 1880 auctoritate
1395 1847 1615 1891 prohibemus.

1231 1900 1295 1943 §3—
1319 1900 1505 1935 Praemissis
1530 1905 1561 1934 et
1584 1900 1653 1934 aliis
1680 1899 1926 1944 quomodolibet

1187 1955 1217 1987 in
1242 1954 1440 1988 contrarium
1458 1953 1647 1988 facientibus
1664 1953 1924 1998 quibuscumque

730 2018 819 2052 cxx,
1186 2019 1249 2047 non
1267 2008 1478 2042 obstantibus.

1230 2064 1246 2105 ἓ
1272 2063 1303 2096 4.
1336 2063 1489 2096 Volumus
1516 2068 1646 2104 autem,
1673 2067 1709 2096 ut
1732 2062 1847 2096 harum
1874 2061 1925 2096 lit-

414 2116 534 2148 Ctmtra
550 2114 703 2148 mulieres
725 2114 935 2158 1'22517·t¹cl1'emlz‘
952 2115 1149 2148 monasteria
1186 2121 1326 2149 terarum
1356 2115 1509 2159 exemplis
1524 2143 1531 2157 ‚
1558 2116 1653 2148 etiam
1682 2115 1867 2159 impressis,
1894 2119 1924 2148 et

502 2167 698 2201 amarat-inin
725 2167 865 2201 [serraliis
885 2168 1061 2201 ccbutentrs.
1186 2180 1281 2202 manu
1295 2169 1430 2203 alieuius
1446 2168 1562 2202 notarii
1583 2167 1703 2212 publici
1720 2167 1921 2212 subscriptis,

1946 303 1994 329 An.
2007 302 2036 330 c,
2059 296 2124 331 1668

1985 1477 2056 1508 Poena
2071 1478 2124 1499 abu·

1940 1507 2035 1538 lentium.

1974 1905 2072 1927 clausula
2086 1904 2123 1926 de-
2145 1922 2151 1928 .

1939 1933 2054 1959 tentoria.

1974 2065 2123 2092 Transnmpto-

1939 2097 1984 2114 rum
1999 2092 2058 2114 fides.

1185 2233 1221 2255 ac
1240 2222 1343 2265 sigillo
1370 2221 1505 2256 alicuius
1531 2231 1688 2265 personae
1715 2221 1747 2254 in
1768 2220 1925 2264 dignitate
1948 2251 1950 2254 ,

649 2258 759 2285 Paulus
781 2258 858 2292 Papa
877 2258 909 2290 V,

798 2311 803 2316 ,
939 2311 945 2316 ,
1185 2275 1399 2308 ecclesiastica
1421 2274 1611 2308 constitutae
1637 2273 1787 2314 munitis,
1811 2272 1924 2306 eadem

553 2311 589 2338 ad
610 2310 742 2338 futuram
761 2318 805 2338 rei
826 2318 1007 2339 memoriam.

1184 2338 1316 2372 prorsus
1344 2327 1423 2361 fides
1452 2327 1667 2368 adhibeatur,
1700 2325 1756 2370 qui
1781 2326 1926 2370 ipsismet

457 2381 651 2415 Facultatem
677 2382 770 2426 plura
798 2381 991 2415 monasteria
1021 2381 1147 2415 monia·
1185 2381 1406 2425 praesentibus
1431 2380 1650 2421 adhiberetur,
1670 2379 1696 2413 si
1715 2379 1820 2412 forent
1836 2377 1924 2412 exhi-

412 2435 490 2469 lium
506 2435 707 2478 ingrediendi
725 2435 843 2469 abusus
861 2436 973 2469 tollere
991 2436 1147 2477 volentes3
1185 2433 1270 2467 bitae
1295 2434 1342 2468 vel
1368 2440 1524 2468 ostensae.

276 2507 396 2528 mamm,
456 2490 471 2533 ἓ
492 2489 522 2522 l.
545 2490 669 2522 Tenere
688 2489 906 2533 praesentium
931 2489 1100 2523 statuimus
1121 2496 1151 2523 et
1229 2489 1341 2521 Datum
1362 2488 1483 2521 Romae
1503 2488 1587 2532 apud
1605 2491 1750 2520 sanetum
1768 2485 1920 2526 Marcum,

213 2538 351 2581 fissffssfflfffssfu
374 2536 397 2556 Η·
412 2542 599 2576 ordinamus
614 2569 621 2583 ‚
649 2542 736 2586 quod
760 2541 848 2575 nulla
873 2552 1022 2586 persona,
1039 2542 1147 2575 cuius·
1185 2541 1243 2574 sub
1268 2542 1388 2574 annulo
1419 2540 1589 2574 piscatoris
1614 2540 1665 2573 die
1690 2549 1699 2572 1
1731 2538 1923 2582 septembris

413 2606 552 2639 cumque
576 2595 706 2638 gradus,
729 2601 828 2629 status
850 2601 879 2629 et
904 2595 1096 2629 conditionis
1114 2606 1149 2629 ac
1165 2560 1169 2619 i
1185 2605 1327 2636 mecvm,
1352 2594 1556 2638 pontificatus
1581 2593 1682 2634 nostri
1707 2602 1791 2626 anno
1812 2591 1874 2626 1v¹.

412 2649 685 2692 praeeminentiae
711 2648 843 2690 existat,
872 2648 994 2682 etiamsi
1020 2649 1145 2690 ducali,
1239 2648 1297 2675 Dat.
1318 2647 1362 2676 die
1385 2649 1393 2675 ¹
1417 2647 1581 2683 septembris
1603 2646 1681 2680 1608,
1702 2645 1903 2682 ΡΟΠῑῑῖ-ΞΨΛΨ·

414 2702 622 2736 niareliionali
637 2730 644 2744 ,
672 2709 724 2736 aut
750 2703 809 2736 alia
832 2703 986 2746 dignitate
1010 2703 1169 2746 praesul-i
1223 2713 1229 2737 t
1257 2711 1302 2739 nie
1322 2717 1362 2737 xvi
1383 2711 1482 2738 mensis
1502 2709 1580 2737 liuius
1601 2709 1697 2737 Paulus
1716 2708 1767 2736 PP.
1788 2708 1921 2737 Constitu·
