2227 3241
237 284 289 311 An.
306 285 333 311 c.
360 283 425 313 ¹610
470 274 533 309 656

264 451 383 472 clausulae,

265 1883 300 1904 Slc
309 1883 329 1903 in
338 1882 422 1904 iudiciis

238 1910 386 1931 definiendum.

279 2466 423 2493 Exequuinio:

240 2494 372 2519 deputantur.

1019 281 1201 307 numentum
1219 281 1370 306 ROMANUM

437 330 547 365 editas¹
570 330 763 363 confirmare
778 329 816 362 de
831 329 1027 372 benignitate
1048 333 1175 372 aposto·
1210 333 1367 372 quatenus
1387 327 1457 372 ipsi,
1483 328 1527 361 vet
1549 329 1624 369 duo,
1646 335 1699 361 aut
1719 338 1801 363 unus
1819 340 1941 371 eorum,

436 384 493 417 tica
515 384 737 425 dignaremur:

480 439 495 479 ἓ
517 436 546 469 3
572 436 633 468 Nos
651 435 759 478 igitur,
775 434 1037 468 constitutionum
1068 440 1094 467 ct
1123 445 1174 468 or-

436 489 634 522 dinationum
664 488 901 532 praedictarum
931 493 1056 521 tenores
1081 498 1174 531 prae-

435 542 588 582 sentibus,
612 552 648 575 ac
668 541 692 574 si
711 541 749 574 de
772 541 867 574 verbo
885 541 923 574 ad
942 541 1073 573 verbum
1095 540 1174 573 nihil

435 595 562 639 penitus
576 595 695 628 omisso
708 594 932 638 praesentibus
947 593 1175 635 insererentur,

434 659 492 692 pro
514 648 668 692 expressis
682 653 711 681 et
726 647 853 686 insertis
877 647 1042 687 babentes,
1065 646 1175 680 huius-

436 702 521 735 modi
553 701 843 745 supplicationibus
872 700 1026 740 inclinati,
1051 700 1171 733 consti-

437 755 575 788 tutiones
613 761 640 787 et
677 754 895 788 ordinationes
927 753 1106 798 praedictas
1131 753 1175 786 sic

435 814 605 849 correctas,
627 808 808 841 immutatas
827 813 855 841 et
874 808 912 841 de
933 818 1015 840 novo
1037 806 1171 847 additas,

435 861 552 895 revisas
577 867 607 895 et
631 861 834 906 approbatas,
857 860 1030 904 omniaque
1052 866 1082 893 et
1105 859 1171 892 sin-

434 914 508 956 gula
533 913 564 946 in
591 914 635 947 eis
661 919 820 954 contenta,
845 923 903 958 pro
928 913 1051 957 optimo
1077 912 1175 956 ipsius

435 966 561 1009 collegii
587 966 735 1011 illiusque
768 966 981 1009 collegialium
1013 971 1042 998 et
1066 975 1173 998 rerum

435 1025 466 1052 et
483 1020 644 1053 bonorum
663 1019 820 1062 regimine
841 1025 869 1052 et
884 1018 1171 1058 administratione,

435 1073 610 1116 apostolica
639 1073 851 1113 auctoritate,
885 1080 993 1105 tenore
1018 1082 1171 1116 praesen-

436 1125 515 1158 tium
532 1152 539 1166 ,
560 1131 716 1169 perpetuo
738 1124 967 1158 confirmamus
993 1130 1022 1157 et
1051 1134 1176 1168 appro—

435 1178 560 1219 bamus,
581 1189 617 1212 ac
643 1178 705 1212 illis
729 1184 904 1222 perpetuae
929 1184 960 1211 et
984 1177 1176 1210 inviolabilis

435 1231 630 1276 apostolieae
664 1232 824 1266 firmitatis
856 1232 954 1265 robur
982 1230 1172 1272 adiicimus,

436 1296 613 1329 omnesque
638 1291 669 1319 et
693 1285 855 1328 singulos,
888 1291 950 1317 tam
981 1284 1057 1317 iuris
1078 1294 1174 1328 quam

437 1339 520 1379 sacti,
545 1339 709 1379 delectus,
737 1338 760 1370 si
794 1338 847 1382 qui
877 1338 1118 1371 intervenerunt
1144 1336 1174 1368 in

437 1392 568 1433 eisdem,
589 1392 786 1436 supplemus,
808 1391 972 1435 ipsiusque
985 1390 1110 1432 collegii
1126 1390 1177 1422 ad-

438 1445 690 1479 ministratorem
709 1473 715 1485 ,
738 1450 895 1478 rectorem
919 1450 948 1477 et
969 1443 1150 1486 collegiales
1165 1471 1172 1484 ,

437 1499 579 1543 aliasque
605 1498 679 1532 dieti
706 1498 831 1540 collegii
851 1507 1016 1541 personas,
1040 1507 1125 1529 nunc
1146 1502 1177 1529 et

437 1563 495 1596 pro
527 1558 670 1596 tempore
696 1552 885 1591 existentes,
917 1551 955 1584 ad
988 1550 1174 1583 earumdem

437 1606 701 1640 constitutionum
732 1611 762 1638 et
793 1604 1030 1638 ordinationum
1065 1603 1175 1636 obser-

437 1659 575 1692 rantiam
602 1659 702 1692 teneri
724 1664 754 1691 et
775 1658 931 1699 obligatos
959 1657 1116 1696 existere,
1140 1667 1176 1689 ac

437 1713 478 1746 ob
497 1713 622 1745 illarum
643 1722 706 1745 non
727 1711 982 1744 observationem
1002 1720 1123 1754 poenas
1145 1709 1174 1742 in

437 1766 556 1799 eisdem
576 1764 858 1799 constitutionibus
872 1769 902 1796 et
919 1762 1176 1796 ordinationibus

438 1824 604 1852 contentas
623 1819 788 1852 incurrere
814 1817 970 1851 volumus.

482 1875 498 1915 g
516 1873 546 1905 4.
570 1873 607 1906 Et
627 1872 669 1905 ita
687 1882 745 1916 per
765 1880 987 1916 quoscumque
1008 1869 1129 1903 iudices
1147 1875 1176 1902 et

438 1926 677 1960 commissarios
697 1925 807 1969 quavis
825 1924 1016 1957 auctoritate
1040 1924 1175 1966 fungen-

438 1986 482 2013 tes
500 1980 594 2014 etiam
616 1990 782 2013 causarum
798 1978 908 2012 Palatii
926 1977 1098 2022 Apostolici
1121 1988 1176 2011 au-

437 2034 556 2067 ditores
571 2040 601 2067 et
615 2039 742 2067 sanctae
755 2034 918 2066 Romanae
936 2031 1094 2065 Ecclesiae
1108 2043 1176 2065 ear-

437 2087 559 2121 dinales
583 2087 735 2129 (sublata
769 2086 813 2120 eis
844 2091 874 2120 et
907 2096 1018 2119 eorum
1046 2085 1177 2119 cuilibet

436 2141 546 2185 quavis
575 2140 667 2173 aliter
697 2139 860 2173 iudicandi
887 2143 917 2172 et
942 2138 1175 2182 interpretandi

438 2194 588 2228 facultate
613 2199 643 2226 et
667 2193 879 2236 auctoritate>
906 2192 1040 2225 iudicari
1068 2197 1096 2225 et
1123 2192 1176 2225 de-

438 2247 521 2281 finiri
544 2247 673 2287 debere,
690 2258 726 2280 ac
741 2246 864 2279 irritum
879 2252 909 2279 et
924 2245 1027 2286 inane,
1043 2245 1068 2278 si
1086 2256 1176 2279 secus

437 2312 534 2345 super
554 2301 603 2333 liis
624 2311 640 2333 a
661 2310 837 2344 quoquam,
854 2299 965 2343 quavis
978 2299 1176 2341 auctoritate,

438 2354 575 2388 scienter
592 2354 639 2387 vel
665 2354 862 2396 ignoranter,
887 2352 1055 2395 contigerit
1073 2358 1175 2386 atten-

439 2408 509 2449 tari,
533 2408 737 2442 decernimus
762 2413 797 2440 et
812 2406 1022 2440 declaramus.

483 2462 497 2505 ἓ
518 2461 547 2494 5.
572 2461 608 2494 Et
628 2460 837 2494 nihilominus
858 2459 1093 2493 venerabilibus
1114 2459 1175 2492 sra—

440 2515 541 2547 tribus
555 2514 669 2547 nostris
682 2513 924 2558 archiepiscopo
938 2513 1176 2554 Mediolanensi,

439 2579 475 2601 ac
503 2567 646 2611 papiensi
680 2574 710 2600 et
741 2567 896 2601 Laudensi
930 2566 1088 2610 episcopis
1119 2578 1176 2610 per

439 2627 622 2664 praesentes
653 2621 884 2654 committimus
909 2626 939 2653 et
963 2620 1171 2661 mandamus,

476 2685 483 2708 t
509 2682 652 2710 Yideretur
667 2683 810 2718 legendum
826 2683 939 2711 additas
967 2686 1004 2717 (n.
1021 2683 1068 2718 T.).

1209 391 1266 424 per
1280 392 1324 422 se,
1339 382 1386 414 vel
1402 381 1512 422 alium,
1527 392 1581 415 seu
1597 382 1686 423 alios,
1704 383 1945 418 constitutiones

1209 440 1238 467 et
1273 434 1492 467 ordinationes
1526 434 1705 478 praedictas
1736 435 1774 468 ab
1804 435 1944 469 eiusdem

1209 486 1334 529 collegii
1349 487 1620 528 administratore,
1642 493 1777 528 rectore,
1797 488 1945 531 collegia-

1210 539 1303 581 libus,
1322 545 1351 573 et
1371 539 1441 573 aliis
1462 540 1619 584 personis,
1639 551 1726 574 nuno
1741 546 1772 573 et
1792 551 1850 585 pro
1869 547 1948 574 tem-

1209 603 1286 637 pore
1312 592 1530 633 existentibus,
1557 593 1651 626 etiam
1671 594 1729 627 sub
1749 594 1892 628 censuris
1916 600 1948 628 et

1209 647 1322 689 poenis
1355 651 1417 678 tam
1453 646 1676 680 ecclesiasticis
1710 657 1806 690 quam
1842 657 1943 691 pecu-

1210 698 1331 740 niariis,
1352 709 1464 732 eorum
1485 704 1516 732 et
1535 699 1705 733 cuiuslibet
1729 699 1872 743 ipsorum
1890 710 1944 732 ar-

1210 751 1305 785 bitrio
1331 751 1537 785 moderandis
1553 758 1587 785 et
1611 752 1820 796 applicandis,
1840 752 1944 786 reela·-

1210 805 1361 847 matione‚
1386 815 1517 838 recursu
1536 810 1591 838 aut
1611 805 1797 849 exceptione
1814 805 1947 850 quibus-

1209 868 1346 902 cumque
1360 858 1569 899 cessantibus,
1594 858 1820 892 inviolabiliter
1839 859 1948 893 obser-

1209 910 1273 943 vari
1302 910 1437 952 saciant3
1465 911 1718 945 contradictores
1738 911 1899 955 quoslibet
1918 917 1949 946 et

1209 963 1366 1005 rebelles,
1394 974 1430 997 ac
1462 964 1580 998 eisdem
1608 964 1896 998 constitutionibus
1918 969 1949 998 et

1209 1016 1467 1051 ordinationibus
1487 1027 1551 1050 non
1572 1023 1730 1062 parentes,
1747 1027 1805 1062 per
1819 1019 1946 1052 easdem

1209 1080 1361 1103 censuras
1379 1075 1408 1103 et
1429 1080 1560 1114 poenaS,
1584 1063 1799 1115 appellatione
1818 1076 1949 1115 postpo-

1209 1123 1279 1163 sita,
1301 1123 1548 1167 compescendo,
1573 1123 1722 1168 ipsasque
1747 1134 1898 1157 censuras
1918 1130 1948 1158 et

1209 1185 1329 1219 poenas
1343 1175 1437 1208 etiam
1456 1175 1577 1209 iteratis
1592 1176 1714 1210 vicibus
1730 1177 1946 1219 aggravando,

1210 1228 1355 1262 invocato
1376 1228 1471 1262 etiam
1501 1229 1540 1262 ad
1565 1229 1638 1270 hoc,
1669 1229 1693 1262 si
1723 1239 1804 1274 opus
1829 1229 1945 1271 suerit,

1209 1281 1326 1315 auxilio
1347 1281 1469 1314 brachii
1486 1282 1669 1316 saecularis.

1254 1336 1270 1377 ἓ
1291 1333 1321 1367 ὃ.
1339 1335 1407 1368 Non
1422 1335 1622 1368 obstantibus
1637 1335 1736 1369 felicis
1750 1336 1949 1370 recordatio·

1210 1387 1258 1421 nis
1282 1388 1437 1421 Bonifaeii
1467 1389 1570 1433 Papae
1598 1390 1660 1422 Vlll
1693 1383 1971 1433 praedecessoris'

1210 1441 1308 1474 nostri
1331 1440 1386 1474 de¹
1409 1444 1483 1483 una,
1503 1448 1533 1475 et
1553 1442 1689 1475 concilio
1706 1442 1845 1485 generali
1864 1442 1948 1476 edita

1210 1497 1249 1530 de
1273 1496 1398 1530 duabus
1426 1496 1539 1537 dietis,
1570 1497 1746 1531 dummodo
1777 1498 1861 1531 ultra
1885 1503 1948 1532 tres

1210 1551 1310 1585 dietas
1327 1551 1443 1595 aliquis
1464 1551 1652 1585 auctoritate
1677 1552 1893 1596 praesentium
1908 1553 1947 1586 ad

1211 1605 1364 1638 iudicium
1386 1616 1449 1638 non
1477 1605 1639 1645 trahatur,
1664 1606 1797 1650 aliisque
1823 1607 1944 1640 consti-

1211 1659 1386 1692 tutionibus
1412 1665 1443 1692 et
1469 1659 1726 1693 ordinationibus
1751 1661 1944 1704 apostolicis,

1210 1722 1335 1745 necnon
1357 1712 1431 1746 dicti
1458 1712 1594 1755 collegii,
1619 1713 1714 1746 etiam
1742 1713 1922 1747 iuramento
1938 1741 1945 1755 ,

1211 1765 1458 1798 confirmatione
1481 1766 1667 1809 apostolica,
1691 1766 1736 1799 rel
1759 1767 1870 1810 quavis
1889 1768 1946 1800 sir-

1211 1818 1320 1852 mitate
1346 1818 1404 1851 alia
1426 1819 1595 1860 roboratis,
1619 1819 1743 1853 statutis
1764 1827 1795 1853 et
1816 1831 1949 1855 consue-

1211 1872 1386 1912 tudinibus,
1411 1872 1585 1916 privilegiis
1605 1883 1745 1916 quoque,
1769 1873 1899 1907 indultis
1919 1881 1949 1908 et

1211 1925 1324 1959 litteris
1339 1925 1533 1969 apostolicis,
1556 1926 1614 1959 sub
1633 1926 1890 1971 quibuscumque
1909 1933 1949 1962 tc-

1210 1979 1342 2012 noribus
1360 1985 1387 2012 et
1404 1979 1525 2021 formis,
1539 1990 1575 2013 ac
1589 1973 1661 2013 cum
1676 1980 1839 2024 quibusvis
1853 1981 1947 2014 etiam

1211 2032 1488 2075 derogatoriarum
1508 2033 1731 2076 derogatoriis‚
1752 2033 1885 2079 aliisque
1902 2035 1948 2068 es-

1211 2085 1414 2119 ficacioribus
1435 2092 1465 2119 et
1481 2085 1616 2119 insolitis
1637 2086 1797 2128 clausulis,
1822 2098 1858 2121 ac
1878 2087 1948 2121 irri-

1212 2139 1350 2172 tantibus
1372 2146 1401 2173 et
1426 2139 1496 2172 aliis
1521 2139 1678 2180 decretis,
1703 2140 1733 2173 in
1759 2151 1875 2184 genere
1901 2142 1948 2175 vel

1211 2193 1241 2225 in
1261 2192 1378 2237 specie,
1402 2199 1456 2225 aut
1473 2193 1560 2233 alias,
1585 2193 1615 2225 in
1636 2194 1830 2227 contrarium
1849 2205 1945 2238 prae-

1212 2246 1382 2279 missorum
1405 2245 1649 2289 quomodolibet
1669 2246 1836 2288 concessis,
1865 2257 1944 2281 con-

1211 2299 1347 2332 firmatis
1372 2304 1403 2332 et
1427 2299 1595 2332 innovatis.
1630 2299 1750 2338 Quibus
1775 2300 1944 2342 omnibus,

1211 2352 1335 2386 etiamsi
1356 2353 1395 2386 de
1414 2353 1474 2386 illis
1495 2363 1672 2397 eorumque
1691 2353 1763 2386 totis
1784 2354 1948 2388 tenoribus

1210 2406 1366 2451 specialis,
1383 2406 1544 2451 specifica,
1561 2417 1708 2450 expressa
1726 2412 1756 2440 et
1770 2406 1943 2442 individua.

1210 2470 1273 2493 non
1299 2465 1405 2493 autem
1427 2470 1484 2504 per
1504 2460 1660 2493 clausulas
1680 2460 1844 2503 generales
1862 2460 1944 2494 idem

1210 2514 1430 2559 impprtantes,
1452 2512 1572 2546 mentio
1593 2523 1647 2545 seu
1666 2512 1795 2556 quaevis
1816 2512 1876 2546 alia
1895 2523 1946 2546 ex-

1209 2566 1331 2610 pressio
1351 2565 1498 2599 habenda
1523 2566 1625 2605 soret,
1648 2565 1773 2599 illorum
1796 2572 1942 2605 tenores,

1209 2631 1245 2653 ac
1269 2619 1294 2652 si
1319 2620 1359 2653 de
1383 2619 1482 2652 verbo
1506 2619 1545 2652 ad
1570 2618 1702 2652 verbum
1729 2619 1946 2652 insererentur

1247 2684 1254 2709 t
1281 2681 1423 2718 Perperam
1437 2681 1502 2709 edit.
1518 2680 1600 2708 Main.
1617 2680 1681 2716 legit.
1696 2689 1728 2707 ac
1743 2680 1781 2715 (n.
1803 2683 1850 2715 τ.).

1959 282 2009 310 Αη.
2031 283 2060 310 C.
2078 283 2146 312 toto

1972 1279 2086 1306 Derogatio
2097 1285 2146 1301 con-

1962 1307 2080 1328 trani-iorum.
