2227 3241
256 285 309 313 An.
325 286 353 312 c.
377 285 444 312 ¹603
490 274 533 307 34

276 1142 306 1163 Ea
316 1141 388 1166 itaque
399 1144 447 1160 con-

264 1169 333 1189 firmat
346 1168 447 1189 Clemens,

265 1196 324 1215 firma
340 1198 448 1214 remanen-

264 1225 284 1242 te
296 1220 448 1242 Constitutione

265 1249 297 1269 Pii
326 1248 396 1271 Quinti

265 1281 306 1295 non
330 1273 449 1294 obtinendis

265 1300 402 1327 pensionibus
413 1305 449 1325 per

265 1328 342 1348 milites
350 1327 449 1352 coniuga-

457 333 495 377 (si
521 331 685 370 ecclesiae,
709 328 880 372 hospitalia
901 333 997 372 atque
1023 329 1094 361 loca
1110 333 1195 361 tam-

457 397 553 430 quam
572 384 717 417 membra
732 393 747 415 a
762 392 820 415 suo
833 381 946 426 capite,
960 386 993 414 ut
1008 383 1198 425 praefertur,

457 439 567 479 divisa,
591 438 743 470 distracta
764 441 795 468 et
815 435 995 468 saecularia
1015 435 1138 477 effecta,
1159 436 1199 469 ad

458 493 505 525 ius
534 498 562 523 et
590 489 821 534 proprietatem
850 488 984 522 militiae
1014 494 1198 522 sanctorum

457 544 594 578 Mauritii
616 549 647 575 et
670 542 778 575 Lazari
797 541 984 575 huiusmodi
1005 542 1201 576 reduceren-

459 605 520 638 tur,
545 596 671 639 aliaque
692 595 898 639 infrascripta
922 595 1039 628 fierent
1063 600 1091 628 et
1107 595 1197 629 ordi-

458 650 626 689 narentur)
651 649 849 692 sperandum
871 650 1005 683 omnino
1030 649 1070 682 sit
1093 655 1129 682 ut
1147 649 1201 682 illa

458 703 581 737 maiora
595 702 626 734 in
641 702 721 743 dies,
741 707 803 734 tain
818 702 850 735 in
865 701 1090 746 spiritualibus
1104 712 1200 746 quam

460 758 491 789 in
506 755 753 799 temporalibus,
770 755 925 800 suscipiat
938 756 1150 796 incrementa,
1167 755 1202 788 il-

459 810 584 853 liusque
605 819 741 852 magnus
756 809 920 852 magister,
937 809 1055 842 milites
1072 814 1100 842 et
1121 809 1201 842 aliae

459 873 616 908 personae
642 873 680 896 eo
705 863 890 907 promptius
910 868 940 896 et
960 863 1135 897 ferventius
1162 864 1201 896 ad

460 917 622 960 egregiam
651 922 682 950 et
711 917 839 950 fidelem
857 927 992 960 operam
1012 916 1203 960 prodictae

460 971 549 1005 Sedis
571 970 775 1015 Apostolicae
795 976 826 1004 et
851 971 1048 1014 populorum
1069 970 1114 1003 illi
1134 970 1204 1004 sub-

462 1024 604 1057 ditorum
634 1023 820 1057 defensione
838 1028 997 1067 perpetuo
1023 1023 1202 1056 navandam

462 1078 681 1112 accendantur
701 1082 732 1110 et
749 1077 945 1110 animentur:

508 1133 524 1173 5
552 1129 602 1163 ¹10.
631 1130 694 1164 Nos
720 1130 759 1163 de
784 1129 969 1174 praemissis
998 1130 1150 1164 omnibus
1175 1135 1206 1164 et

464 1184 599 1227 singulis
619 1183 807 1228 plenissime
825 1183 1000 1225 informati,
1024 1188 1088 1217 tam
1109 1184 1206 1218 Caro-

464 1239 531 1272 lum
551 1238 760 1272 Emanuelem
783 1237 898 1271 ducem
919 1242 950 1271 et
966 1247 1120 1280 magnum
1140 1247 1207 1270 ma-

464 1292 600 1335 gistrum
626 1291 699 1335 qui,
726 1296 854 1335 praeter
873 1290 922 1324 sui
940 1291 1068 1333 generis
1088 1301 1124 1323 ex
1144 1291 1207 1324 cla-

466 1344 601 1378 rissimis
626 1344 879 1388 imperatoribus
904 1344 1034 1378 deducti
1057 1344 1208 1388 splendo-

466 1409 546 1439 rem,
568 1403 598 1431 et
611 1398 746 1431 eximiae
761 1408 837 1440 erga
848 1397 1023 1431 Ecclesiam
1043 1402 1072 1430 et
1092 1397 1207 1431 Sedem

466 1451 685 1496 Apostolicam
706 1451 906 1495 praedictam
925 1450 1104 1484 devotionis
1122 1456 1152 1484 et
1172 1450 1209 1482 fi-

468 1506 519 1539 dei
537 1506 708 1545 servorem,
725 1515 792 1538 non
806 1504 875 1538 sine
888 1515 1015 1538 summa
1028 1503 1127 1537 animi
1141 1503 1209 1548 pie-

468 1564 532 1592 tate
552 1564 583 1592 et
608 1557 798 1591 fortitudine
823 1568 859 1591 ac
886 1557 1036 1601 flagranti
1068 1557 1208 1591 tuendae

468 1617 499 1645 et
509 1611 739 1655 propagandae
752 1609 920 1653 religionis
937 1610 1115 1644 catholicae
1126 1610 1206 1650 zelo,

469 1675 581 1708 gerere
602 1664 847 1708 comprobatur,
870 1674 1070 1707 suorumque
1094 1674 1210 1707 proge-

469 1718 613 1751 nitorum
639 1717 787 1762 exemplo
812 1717 978 1761 antiquam
999 1717 1130 1751 illorum
1151 1728 1207 1751 ae-

469 1771 690 1805 stimationem
727 1781 764 1804 ac
794 1776 988 1815 perpetuam
1019 1770 1147 1804 virtutis
1181 1776 1212 1804 et

471 1825 594 1868 gloriae
619 1824 868 1866 haereditatem,
896 1824 988 1868 quasi
1013 1834 1071 1868 per
1098 1835 1212 1858 manus

473 1879 634 1919 traditam,
658 1878 795 1912 feliciter
815 1888 1007 1912 conservare
1032 1878 1209 1919 contendit,

472 1943 569 1976 quam
585 1932 703 1965 milites
716 1931 901 1976 praedictos
914 1931 1070 1974 singulari
1084 1936 1212 1965 nostrae

472 1985 681 2028 benignitatis
702 1991 732 2018 et
753 1985 995 2019 munificentiae
1015 1985 1122 2019 favore
1139 1995 1214 2029 pro-

473 2040 583 2084 sequi,
612 2050 648 2072 ac
669 2039 747 2072 alias
772 2039 959 2083 praedictae
984 2038 1114 2072 Militiae
1133 2049 1211 2072 san-

475 2099 600 2127 ctorum
627 2094 765 2127 Mauritii
794 2099 825 2127 et
851 2093 961 2127 Lazari
987 2092 1210 2134 indemnitati,

475 2148 585 2182 decori
607 2153 637 2181 et
656 2153 848 2180 ornamento
880 2147 1062 2188 consulere,
1086 2147 1214 2191 dispen-

476 2201 603 2245 diisque
632 2211 804 2234 occurrere
824 2201 989 2241 volentes;
1012 2201 1062 2234 his
1090 2206 1120 2234 et
1146 2201 1215 2234 aliis

477 2255 725 2288 rationabilibus
758 2255 862 2288 causis
897 2255 1028 2288 adducti
1049 2255 1214 2297 (eumdem

476 2309 623 2342 Carolum
646 2309 854 2341 Emanuelem
877 2308 993 2341 ducem
1012 2314 1042 2341 et
1061 2319 1214 2351 magnum

478 2361 666 2404 magistrum
688 2372 705 2394 a
726 2361 891 2405 quibusvis
908 2361 1216 2395 excommunicatio-

478 2415 543 2455 nis,
568 2415 787 2458 suspensionis
816 2420 846 2448 et
871 2415 1052 2455 interdicti,
1081 2415 1216 2458 aliisque

479 2468 701 2502 ecclesiasticis
721 2468 899 2509 sententiis,
924 2468 1067 2501 censuris
1088 2473 1115 2501 et
1134 2479 1214 2511 poe-

480 2522 539 2562 nis,
568 2533 585 2554 a
606 2522 675 2555 iure
693 2522 741 2555 vel
761 2522 801 2554 ab
819 2521 964 2561 homine,
988 2521 1099 2564 quavis
1119 2532 1214 2554 occa-

481 2574 572 2607 sione
592 2575 640 2607 vcl
666 2585 763 2608 causa
782 2574 866 2615 latis,
894 2573 919 2606 si
945 2574 1062 2617 quibus
1082 2585 1218 2617 quomo-

483 2627 604 2660 dolibet
632 2627 805 2661 innodatus
835 2627 961 2668 existit,
996 2627 1036 2660 ad
1069 2627 1216 2660 effectum

483 2680 700 2723 praesentium
733 2681 899 2714 dumtaxat
930 2680 1215 2724 consequendum,

1040 280 1222 305 BULLARIUM
1239 280 1392 306 ROMANUM

1231 329 1347 362 harum
1373 329 1456 362 serie
1492 328 1694 362 absolventes
1726 333 1757 361 et
1788 328 1972 362 absolutum

1232 384 1300 416 fore
1320 382 1501 426 censentes)
1522 387 1613 415 motu
1629 381 1775 426 proprio,
1787 392 1853 415 non
1871 382 1911 415 ad
1924 382 1974 426 ip-

1232 436 1298 469 sius
1311 436 1415 469 Caroli
1433 436 1617 484 Emanuelis
1632 435 1722 469 ducis
1737 440 1767 468 et
1785 435 1892 478 magni
1907 446 1975 469 ma-

1234 490 1341 532 gistri,
1365 491 1412 523 vel
1438 490 1574 523 alicuius
1595 489 1726 523 alterius
1747 500 1808 534 pro
1830 500 1867 523 eo
1881 489 1975 524 nobis

1233 555 1330 588 super
1355 544 1416 578 lioc
1441 545 1567 578 oblatae
1588 543 1754 588 petitionis
1772 543 1971 584 instantiam,

1233 598 1289 631 sed
1310 599 1349 632 de
1367 609 1455 632 mera
1476 598 1670 631 liberalitate
1691 603 1722 631 et
1739 602 1827 631 certa
1843 597 1975 630 scientia

1234 656 1354 692 nostra,
1371 662 1407 685 ac
1421 652 1460 685 de
1474 651 1671 695 apostolicae
1686 649 1854 694 potestatis
1871 649 1976 694 pleni-

1236 704 1357 745 tudine,
1370 704 1479 738 onmia
1492 710 1523 737 et
1535 704 1663 746 singula
1672 702 1852 747 privilegia,
1869 712 1977 736 exem-

1235 757 1372 801 ptiones,
1386 757 1617 799 immunitates,
1630 757 1806 797 libertates,
1817 755 1977 800 praeemi-

1236 811 1372 852 nemias,
1396 810 1649 855 praerogativas,
1680 810 1860 850 facultates,
1884 808 1978 843 iuris-

1236 864 1404 905 dictiones,
1420 863 1649 906 indulgentias,
1672 862 1790 906 gratias
1807 867 1839 896 et
1852 861 1978 896 indulta

1236 918 1416 962 spiritualia
1431 922 1461 951 et
1478 916 1672 961 temporalia
1690 916 1860 961 hospitalis
1876 916 1977 949 sancti

1237 971 1345 1005 Lazari
1360 972 1511 1015 illiusque
1529 971 1663 1004 militiae
1675 980 1793 1013 magno
1809 969 1976 1012 magistro,

1238 1025 1434 1066 conventui,
1466 1024 1632 1069 prioribus
1646 1052 1654 1065 ,
1686 1023 1976 1068 praeceptoribus,

1240 1077 1407 1118 militibus,
1422 1077 1574 1110 fratribus
1586 1081 1616 1111 et
1627 1076 1787 1121 personis,
1801 1086 1982 1120 eorumque

1240 1131 1398 1172 ecclesiis,
1429 1130 1598 1171 domibus,
1630 1129 1856 1174 hospitalibus,
1885 1140 1980 1174 prae-

1240 1183 1404 1228 ceptoriis,
1423 1183 1513 1224 locis,
1530 1183 1696 1223 membris,
1719 1182 1817 1216 rebus
1837 1187 1869 1216 et
1887 1182 1981 1217 honis

1241 1247 1298 1281 per
1310 1237 1402 1270 Pium
1417 1236 1582 1277 Quintum,
1602 1246 1639 1269 ac
1658 1237 1882 1280 quoscumque
1902 1234 1982 1270 alios

1242 1291 1404 1323 Romanos
1425 1288 1598 1322 Pontifices
1628 1288 1893 1332 praedecessores
1917 1297 1979 1322 no-

1241 1338 1336 1384 stros,
1360 1342 1546 1385 dictamque
1563 1341 1678 1375 Sedem
1698 1341 1929 1386 Apostolicam,
1947 1347 1984 1376 ut

1241 1396 1434 1440 praefertur,
1450 1395 1499 1428 vel
1514 1395 1591 1428 alias
1609 1394 1868 1439 quomodolibet,
1885 1394 1983 1428 etiam

1242 1461 1301 1493 per
1326 1450 1459 1483 modum
1485 1448 1790 1483 communicationis
1814 1453 1844 1482 et
1868 1453 1980 1482 exten-

1243 1503 1352 1544 sionis,
1374 1502 1406 1535 in
1420 1512 1538 1546 genere
1550 1502 1600 1539 ,vel
1621 1501 1654 1535 in
1674 1501 1794 1546 specie,
1818 1512 1981 1544 concessa,

1243 1556 1423 1601 approbata
1447 1561 1478 1590 et
1501 1555 1670 1596 innovata,
1699 1565 1759 1589 nec
1784 1565 1851 1589 non
1871 1565 1985 1590 omnes

1244 1615 1275 1644 et
1301 1610 1443 1652 singulas
1474 1609 1597 1643 litteras
1622 1608 1817 1653 apostolicas
1847 1610 1986 1654 desuper

1244 1664 1415 1706 confectas,
1430 1662 1525 1697 salvis
1543 1668 1662 1703 tamen,
1678 1662 1787 1706 quoad
1800 1662 1985 1696 facultatem

1245 1716 1414 1750 obtinendi
1444 1715 1626 1760 pensiones,
1655 1715 1848 1749 limitatione
1875 1720 1987 1750 nostra

1246 1770 1460 1814 infrascripta,
1479 1775 1510 1804 et
1526 1770 1622 1803 etiam
1640 1769 1710 1803 aliis
1723 1768 1984 1811 limitationibus,

1246 1823 1552 1865 modificationibus,
1561 1823 1817 1865 reductionibus,
1829 1822 1986 1867 expressis

1247 1884 1277 1910 et
1302 1876 1461 1911 contentis
1486 1876 1519 1909 in
1544 1876 1660 1910 litteris
1673 1875 1720 1909 Pii
1741 1875 1861 1918 Quinti,
1888 1886 1984 1920 prae-

1247 1931 1426 1965 decessoris
1438 1929 1636 1971 huiusmodi‚
1653 1930 1712 1963 sub
1730 1930 1803 1963 data
1822 1930 1989 1974 praedicta

1247 1996 1292 2019 vu
1316 1984 1470 2017 kalendas
1497 1983 1672 2024 februarii,
1702 1982 1910 2027 pontificatus
1939 1984 1988 2018 sui

1248 2049 1333 2072 anno
1364 2037 1518 2079 secundo,
1546 2036 1700 2070 confectis
1720 2036 1917 2081 praedictis,
1951 2047 1989 2070 ac

1249 2092 1335 2126 iuxta
1359 2091 1488 2124 illarum
1515 2091 1665 2132 sormam,
1694 2100 1856 2131 normam,
1880 2090 1986 2124 conti-

1248 2146 1391 2180 nentiam
1417 2151 1448 2179 et
1472 2151 1636 2186 tenorem,
1667 2155 1746 2189 quas
1763 2144 1816 2178 hic
1835 2155 1895 2189 pro
1914 2145 1986 2189 ple·
2013 2144 2020 2151 “

1249 2200 1349 2240 narie,
1364 2199 1572 2240 sufficienter,
1587 2204 1619 2233 et
1633 2199 1671 2232 de
1684 2199 1783 2232 verbo
1803 2199 1841 2232 ad
1856 2198 1989 2232 verbum

1250 2253 1417 2297 expressis,
1434 2263 1470 2286 ac
1484 2252 1612 2286 insertis
1625 2252 1739 2286 haberi
1752 2252 1911 2292 volumus⁷
1924 2262 1990 2285 non

1251 2314 1357 2340 tamen
1383 2307 1489 2350 quoad
1504 2316 1551 2347 ea,
1568 2316 1651 2349 quae
1671 2305 1777 2349 primo
1798 2309 1829 2338 et
1848 2305 1990 2338 secundo

1251 2359 1358 2394 dictis¹
1373 2360 1519 2402 Gregorii
1537 2358 1806 2403 praedecessoris,
1821 2368 1918 2402 super
1931 2358 1991 2391 mi-

1252 2414 1339 2447 litiae
1357 2413 1457 2447 sancti
1475 2412 1612 2446 Mauritii
1631 2411 1793 2445 erectione
1813 2418 1843 2445 et
1863 2411 1990 2445 institu-

1253 2468 1387 2507 tutione,
1420 2478 1456 2499 ac
1483 2466 1528 2499 illi
1554 2466 1593 2499 de
1614 2465 1728 2498 militia
1756 2465 1856 2499 sancti
1882 2466 1991 2499 Lazari

1253 2519 1438 2553 huiusmodi
1470 2520 1550 2552 facta
1576 2518 1712 2560 unione,
1744 2529 1870 2552 necnon
1891 2529 1988 2562 prae-

1292 2602 1299 2626 1
1323 2599 1362 2625 Sic
1380 2599 1461 2625 liabct
1476 2598 1640 2625 Bullctriitm
1655 2596 1761 2624 Ordinis
1776 2598 1816 2625 Ss.
1833 2598 1952 2624 Mauritii
1966 2600 1994 2624 et

1252 2643 1352 2676 Lazari,
1368 2647 1394 2670 et
1409 2642 1518 2678 quidem
1533 2642 1632 2676 aptius,
1648 2645 1677 2668 ut
1692 2641 1807 2676 videtur,
1826 2650 1906 2677 quam
1926 2641 1990 2669 edit.

1253 2687 1330 2716 Main.
1347 2694 1416 2723 quae
1431 2687 1484 2722 leg.
1501 2685 1572 2714 dicti
1587 2686 1626 2721 (a.
1641 2686 1688 2719 τ.).

1981 279 2031 307 An.
2054 280 2085 308 c.
2101 273 2184 309 1603'
