2227 3241
282 270 331 297 An.
350 270 379 298 c.
396 269 466 297 1603
511 260 554 294 46

478 328 688 363 personarum
709 318 909 351 restrictione
927 318 1000 361 eligi
1022 319 1126 361 faciat,
1142 331 1216 355 nec-

479 382 543 405 non
569 372 607 405 de
627 372 776 405 omnibus
796 371 866 404 aliis
901 373 940 405 ad
970 373 1095 406 felicem
1116 376 1216 409 resor-

480 425 628 457 mationis
648 434 855 468 progressum
877 426 1016 459 tractari.

309 490 380 519 quue
392 494 463 515 pomc-
523 478 537 521 ξ
556 477 606 510 18.
627 477 694 516 Quo
708 477 815 520 primo
833 478 936 512 dictae
951 478 1215 523 Congregationis

280 518 464 566 222:‚0⁸.l'21³.fi2¹21¹.1i0¹
479 530 669 563 reformatae
690 530 829 574 capitulo
851 532 953 573 finito,
981 544 1111 568 omnem
1133 535 1215 569 eius-

281 571 369 594 ⁹'‘p¹‘⁰²'
479 582 550 615 dein
564 583 705 626 episcopi
720 594 774 616 seu
787 585 895 617 nuncii
909 592 1110 629 potestatem,
1124 589 1216 622 iuris-

479 636 663 677 dictionem,
688 648 743 670 seu
768 639 1102 683 supet-intendentium
1122 637 1215 676 circa

479 689 580 723 dictos
601 690 792 725 reformatos
806 693 953 727 volumus
971 695 1132 739 expirare,

292 752 463 799 ¹¹⁸1'2'l7³²l‚³0⁰¹{i
522 743 537 786 ἓ
562 743 614 776 19.
642 743 845 789 Eosdemque
865 747 972 781 abbati
991 749 1066 782 dicti
1087 749 1215 784 Ordinis

279 785 463 852 zssg-efsslilcgntgss·
477 797 619 838 generali
645 798 751 831 taliter
770 800 936 835 subiacere
953 808 988 835 ut
1005 802 1071 846 ipse
1092 815 1149 848 per
1168 815 1212 845 se,

277 835 462 881 gxggssflfflfflssgtffl·
477 860 541 883 non
562 861 638 884 vero
658 863 716 895 per
736 853 846 893 alium,
868 855 928 888 nisi
946 856 1027 889 sorte
1048 868 1083 890 ex
1102 858 1215 892 eadem

476 902 733 948 Congregatione
744 907 918 942 reformata
932 910 1138 954 monachum,
1148 923 1217 956 pos-

475 957 516 991 sit
532 958 604 991 illos
624 964 686 993 tam
708 960 740 993 in
761 961 865 1005 capite
887 973 983 1007 quam
1008 963 1040 996 in
1061 966 1216 1000 membris

476 1011 615 1052 visitare,
632 1014 795 1057 corrigere
815 1021 846 1049 et
859 1017 1047 1059 emendare;
1062 1029 1126 1052 non
1141 1030 1216 1053 vero

477 1065 508 1098 in
523 1066 632 1110 aliquo
646 1075 758 1102 contra
773 1070 992 1114 supradictam
1006 1072 1213 1107 reformatio-

476 1129 561 1160 nem,
578 1131 634 1154 seu
647 1122 894 1157 constitutiones
908 1125 947 1157 ab
969 1125 1045 1169 ipsis
1054 1126 1216 1162 faciendas

476 1179 506 1207 et
524 1174 605 1208 Sede
625 1176 809 1219 Apostolica
828 1179 1066 1222 approbandas,
1083 1180 1115 1213 in
1129 1192 1216 1214 com-

476 1228 565 1260 muni
583 1229 630 1261 vel
647 1240 721 1262 cum
739 1230 848 1274 aliquo
873 1233 1060 1275 particulari
1087 1235 1217 1279 dispen-

475 1290 557 1322 sare,
576 1281 626 1314 vel
643 1282 820 1327 quidquam
841 1285 929 1319 aliud
950 1292 1085 1328 mutare,
1103 1298 1159 1321 seu
1173 1288 1218 1321 in·

474 1344 612 1376 novare;
635 1346 741 1379 neque
773 1338 949 1372 monachos
981 1340 1178 1375 reformatos
1199 1353 1217 1375 a

474 1388 538 1421 suis
569 1390 775 1424 monasteriis
792 1391 833 1424 ad
853 1392 926 1433 alia,
951 1404 1158 1438 quacumque
1177 1395 1216 1429 de

475 1452 581 1483 causa,
612 1443 750 1485 auferre,
774 1455 831 1479 seu
851 1446 931 1480 alios
952 1447 992 1480 ab
1015 1447 1093 1492 ipsis
1118 1449 1215 1482 etiam

475 1495 514 1528 ad
528 1495 624 1530 breve
642 1503 768 1542 tempus
791 1499 891 1543 recipi
915 1500 1031 1542 facere,
1055 1502 1104 1535 vel
1128 1502 1216 1536 aliud

475 1548 652 1594 quidquam
667 1551 820 1585 ordinare
840 1562 897 1586 seu
921 1559 1073 1595 statuere,
1094 1554 1126 1587 in
1151 1565 1215 1599 quo

475 1602 560 1646 ipsos
577 1604 677 1647 possit
695 1606 887 1650 perturbare
900 1618 957 1641 seu
970 1609 1216 1652 quomodolibet

475 1655 668 1700 inquietare.

520 1711 536 1752 ξ
561 1709 613 1744 20.
637 1711 860 1757 Poteruntque
880 1714 957 1748 dicti
993 1715 1144 1749 monachi
1164 1727 1216 1749 re-

476 1762 604 1796 formati
624 1771 871 1808 procuratorem
892 1768 931 1800 ad
948 1768 1127 1802 Romanam
1149 1768 1213 1803 Cu-

476 1816 556 1850 riam
576 1818 705 1861 eligere,
729 1826 760 1853 et
784 1820 906 1854 ibidem
930 1832 991 1866 pro
1012 1822 1116 1856 dictae
1136 1823 1217 1857 Con-

476 1871 670 1913 gregationis
683 1874 828 1916 negociis
846 1876 1033 1918 tractandis,
1050 1887 1147 1921 quam
1162 1877 1216 1911 diu

477 1925 648 1967 voluerint,
672 1925 803 1961 habere.

521 1980 538 2020 ξ
563 1978 615 2012 at.
643 1980 730 2014 Alios
759 1986 866 2015 autem
897 1983 931 2016 in
962 1984 1122 2028 Hispaniis
1151 1985 1215 2018 exi-

477 2037 596 2066 stentes
609 2035 796 2077 monachos,
814 2038 868 2080 qui
882 2037 1000 2070 dictam
1013 2038 1216 2072 reformatio-

477 2096 551 2119 nem
579 2094 757 2132 acceptare,
789 2096 819 2123 et
842 2091 882 2124 ad
905 2091 990 2125 dicta
1016 2092 1080 2126 duo
1105 2103 1216 2127 mona-

477 2139 574 2173 steria
608 2142 746 2176 transire
779 2143 956 2186 noluerint,
998 2145 1216 2189 permittimus

477 2191 564 2226 iuxta
584 2194 713 2228 illorum
741 2196 910 2240 antiquum
936 2197 1215 2232 vivendisuodum

476 2244 508 2278 in
526 2246 596 2280 aliis
617 2258 731 2281 eorum
759 2250 964 2284 monasteriis
989 2262 1063 2285 eum
1083 2252 1149 2286 suis
1170 2253 1217 2286 di-

476 2299 599 2334 stinctis
626 2302 851 2346 superioribus
886 2315 1099 2348 permanere,
1135 2317 1216 2351 quos

477 2357 583 2386 tamen
603 2354 739 2389 ulterius
759 2366 904 2391 crescere
927 2368 984 2391 seu
1012 2358 1137 2402 aliquos
1158 2370 1216 2393 no-

477 2405 569 2440 vitios
582 2413 637 2441 aut
648 2419 730 2442 nova
742 2410 813 2443 loca
831 2411 976 2455 recipere
989 2412 1211 2456 prohibemus.

476 2460 689 2496 Decernentes
710 2463 836 2497 irritum
855 2471 886 2498 ct
902 2465 998 2499 inane
1019 2466 1044 2500 si
1064 2477 1155 2500 secus
1175 2467 1214 2500 ab

478 2513 553 2557 ipsis
574 2516 670 2549 suerit
689 2521 880 2551 attentatum
896 2530 903 2559 3

524 2568 610 2609 §⁵22
639 2570 916 2615 Solummodoque
937 2572 1021 2606 dicta
1047 2573 1111 2606 duo
1140 2583 1212 2607 mo·-

282 2622 465 2675 33i¹1‘1'1‘„⁶3{-'S‡?‘1³.¹35
479 2622 635 2663 nasteria,
663 2634 735 2657 cum
766 2625 836 2659 aliis
857 2626 896 2658 ab
918 2636 1031 2659 eorum
1049 2627 1215 2659 monachis

283 2681 311 2695 re·
481 2673 659 2710 reformatis
679 2677 786 2712 denuo
797 2678 883 2712 iuxta
898 2684 1102 2723 praesentem
1116 2680 1216 2714 resor-

293 1713 380 1734 Possunt
390 1715 460 1734 tamen

279 1740 358 1761 Romae
381 1740 460 1761 habere

279 1769 446 1792 procuratorem.

332 1980 370 2003 Qui
395 1979 462 2001 resor-

279 2007 364 2027 mationi
387 2013 461 2028 nomen

279 2033 329 2053 itare
345 2034 417 2054 nolunt
431 2034 461 2054 ‹li-

278 2060 359 2079 stinrtis
367 2061 463 2086 superio-

279 2086 429 2108 ribussubsint.

341 2567 382 2587 Sed
398 2569 463 2589 solutu

282 2593 393 2614 reformata
422 2602 464 2616 m«.-

1058 271 1241 297 BULLARIUM
1261 272 1415 298 ROMANUM

2001 274 2052 301 An.
2071 274 2100 301 C.
2122 273 2188 303 ¹603

1250 321 1426 355 mationem
1458 321 1641 362 fundandis,
1676 322 1823 355 volumus
1851 322 1988 356 novitios

1249 375 1405 419 recipere,
1429 375 1550 417 augeri,
1571 381 1602 408 et
1626 375 1840 416 augmentari.

1294 431 1309 472 ἕ
1331 428 1383 462 23.
1407 429 1477 462 Non
1498 428 1698 462 obstantibus
1720 429 1884 472 quibusvis
1909 430 1989 464 iuris
2018 440 2189 471 noioganocon-

1249 482 1430 515 communis
1451 482 1692 526 impedimentis
1722 482 1770 515 vel
1798 481 1985 516 inhabilita-
2005 470 2126 489 “³¹¹⁰‘um'

1251 535 1344 575 tibus,
1380 546 1506 569 necnon
1532 535 1816 568 constitutionibus
1841 541 1872 569 et
1902 536 1989 569 ordi-

1249 589 1433 622 nationibus
1451 588 1647 632 apostolicis,
1665 598 1701 621 ac
1720 588 1849 622 Ordinis
1867 594 1897 622 et
1917 599 1991 632 pro-

1249 642 1372 675 vinciae
1392 643 1643 686 praedictorum,
1669 643 1764 675 etiam
1794 643 1987 684 iuramento,

1250 696 1498 729 confirmatione
1527 696 1713 740 apostolica,
1736 696 1784 730 vel
1805 696 1916 740 quavis
1937 695 1992 729 fir-

1250 750 1359 783 mitate
1377 750 1439 783 alia
1459 750 1632 790 roboratis,
1657 750 1784 784 statutis
1803 755 1833 783 et
1854 759 1990 783 consue-

1251 803 1425 843 tudinibus,
1447 804 1622 847 privilegiis
1643 814 1785 847 quoque,
1807 803 1941 836 indultis
1961 808 1992 836 et

1250 856 1363 890 litteris
1381 857 1566 900 apostolicis
1587 858 1691 890 eidem
1710 857 1832 898 Ordini,
1857 857 1991 900 eiusque

1250 910 1357 944 abbati
1372 911 1527 954 generali,
1541 922 1667 945 necnon
1680 912 1782 945 dictae
1793 911 1987 956 provinciae,

1250 965 1383 1008 eiusque
1412 965 1635 1009 superioribus
1667 971 1698 999 et
1725 965 1904 1006 monachis,
1931 965 1990 999 sub

1250 1018 1510 1062 quibuscumque
1546 1019 1712 1052 tenoribus
1744 1024 1774 1052 et
1808 1018 1931 1060 formis,
1955 1028 1992 1052 ac

1250 1073 1401 1106 clausulis
1421 1078 1453 1106 et
1474 1073 1610 1106 decretis
1632 1073 1663 1105 in
1678 1066 1992 1116 contrariumprae-

1251 1126 1423 1160 missorum
1445 1126 1692 1170 quomodolibet
1712 1127 1884 1167 concessis,
1908 1137 1989 1160 con-

1251 1180 1385 1213 firmatis
1417 1186 1448 1213 et
1479 1180 1675 1224 approbatis.
1699 1181 1821 1220 Quibus
1841 1180 1992 1214 omnibus

1251 1238 1282 1266 et
1304 1233 1450 1275 singulis,
1474 1244 1588 1267 eorum
1614 1240 1741 1267 tenores
1766 1233 1992 1278 praesentibus

1250 1296 1310 1330 pro
1332 1286 1489 1330 expressis
1509 1286 1685 1328 habentes,
1712 1287 1772 1320 hac
1809 1287 1878 1320 vice
1897 1287 1992 1320 dum-

1252 1345 1337 1373 taxat
1356 1340 1539 1384 specialiter
1559 1346 1590 1374 et
1610 1351 1759 1385 expresse
1784 1341 1988 1384 derogamus,

1251 1393 1452 1437 caeterisque
1473 1393 1644 1427 contrariis
1664 1394 1936 1438 quibuscumque.

1295 1449 1311 1489 ξ
1333 1446 1386 1480 24.
1409 1446 1565 1480 Volumus
1583 1453 1701 1489 autem,
1722 1453 1758 1481 ut
1771 1447 1990 1492 praesentium

1251 1501 1472 1545 transumptis,
1497 1502 1593 1535 etiam
1615 1501 1791 1546 impressis,
1815 1512 1913 1535 manu
1932 1502 1991 1535 ali-

1250 1554 1341 1588 euius
1358 1555 1477 1589 notarii
1491 1555 1612 1600 publici
1629 1555 1828 1599 subscriptis,
1843 1561 1873 1589 et
1886 1555 1992 1598 sigillo

1250 1608 1385 1642 alicuius
1405 1619 1565 1653 personae
1591 1609 1623 1642 in
1653 1609 1807 1652 dignitate
1834 1608 1989 1643 ecelesia-

1250 1662 1328 1696 stica
1345 1663 1536 1705 constitutae
1550 1662 1692 1703 munitis,
1710 1662 1822 1696 eadem
1840 1662 1920 1696 fides
1936 1662 1994 1696 ha-

1250 1715 1375 1757 beatur,
1388 1727 1470 1761 quae
1483 1716 1707 1760 praesentibus
1722 1716 1798 1760 ipsis
1817 1716 1993 1750 haberetur

1250 1768 1276 1802 si
1301 1769 1407 1803 forent
1427 1770 1598 1811 exhibitae,
1621 1771 1669 1803 vel
1691 1775 1847 1803 ostensae.

1294 1822 1412 1872 Datung
1436 1823 1564 1857 Tusculi
1585 1823 1644 1857 sub
1665 1823 1785 1856 annulo
1806 1822 1988 1864 Piscatoris,

1251 1875 1303 1909 die
1327 1886 1407 1910 xxm
1427 1876 1620 1920 septembris
1639 1886 1759 1916 noenu
1782 1875 1991 1920 pontificatus

1250 1930 1364 1971 nostri,
1385 1940 1470 1963 anno
1487 1940 1543 1964 x11.

1285 1991 1344 2019 Dat.
1365 1991 1409 2019 die
1429 1991 1462 2020 23
1483 1995 1553 2028 sept.
1576 1991 1654 2020 1603.
1676 2000 1720 2020 an.
1743 1992 1836 2029 pontif.
1857 1999 1905 2021 ΧΠ.

2046 1452 2191 1480 'transumptis

2007 1480 2079 1501 danda
2094 1479 2152 1503 fides.

1530 2163 1706 2197 CCCXXIX.

1250 2240 1404 2283 Definitio
1425 2241 1547 2275 habitus
1566 2242 1709 2284 fratrum
1724 2242 1993 2276 Praedicatorum

1296 2294 1426 2328 Ordinis
1451 2295 1484 2328 S.
1504 2295 1680 2335 Dome'm'ci,
1697 2300 1725 2329 ct
1744 2296 1886 2338 fratrum
1913 2296 1993 2329 Erc-

1294 2349 1453 2382 mitarum
1481 2348 1614 2382 Ordinis
1633 2350 1664 2382 S.
1692 2349 1874 2392 Aussustini.

1459 2439 1592 2466 Clemens
1608 2439 1686 2472 Papa
1704 2439 1778 2471 vm,

1374 2494 1410 2520 ad
1424 2495 1603 2527 perpetuam
1622 2492 1667 2520 rei
1686 2492 1869 2520 memoriam.

1294 2573 1335 2605 Ex
1361 2573 1505 2606 iniuncto
1530 2573 1623 2606 nobis
1655 2573 1824 2616 pastoralis
1848 2573 1992 2606 muneris

1250 2625 1370 2666 debito,
1384 2627 1609 2669 religiosorum
1627 2626 1808 2667 hominum,
1829 2626 1895 2670 qui,
1916 2636 1991 2660 con-

1252 2679 1381 2724 temptis
1405 2679 1567 2715 illecebris
1591 2680 1721 2722 saeculi,
1749 2679 1863 2714 divinis
1879 2690 1913 2714 se
1933 2679 1991 2714 ob-

2034 2590 2153 2611 Exordium.
