2227 3241
867 235 962 261 iNnEx
988 237 1186 263 RCBRICARUM

271 284 450 321 CCCLXVI.
461 285 662 320 Confirmatio
677 284 845 318 erectionis
858 284 1013 319 ecelesiae
1030 287 1033 327 l

359 339 568 374 Bononiensis
593 340 623 372 in
644 338 963 387 archiepiscopatum,
984 342 1015 372 et

363 394 521 428 restitutio
552 391 774 426 nonnullarum
807 391 1014 426 ecclesiarum

360 447 650 491 archiepiscopatui
674 446 921 486 Ravennatensi‚
940 445 1014 479 156.

274 499 469 536 CCCLXVII.
488 500 651 534 Innovatio
668 503 698 533 et
711 498 882 533 declaratio
899 499 1016 532 consti·
1031 502 1034 548 1

361 556 516 589 tutionum
527 555 680 589 editarum
695 553 734 588 ab
752 553 936 587 Innocentio
946 552 1016 586 VIII

362 613 392 644 et
416 608 494 643 Iulio
518 607 561 642 111
578 618 675 652 super
692 609 760 642 iure
778 611 808 642 et
829 607 932 649 modo,
953 616 1015 650 quo

361 662 447 706 prior
471 661 630 706 generalis
656 662 787 696 fratrum
804 661 1014 695 Eremitarum

1678 230 1740 264 707

1136 285 1384 330 appellationum
1415 286 1454 321 ab
1479 296 1590 322 earum
1620 296 1791 321 conserva-

1137 344 1203 373 tore
1237 342 1267 373 in
1301 340 1441 375 Romana
1466 345 1586 379 tantum
1619 340 1715 376 Curia
1739 350 1791 375 co-

1137 396 1247 436 gnosci
1280 399 1424 438 possent,
1457 395 1645 430 conceditur
1676 399 1710 430 ut
1733 405 1790 431 eae

1138 450 1258 481 tantum
1282 457 1397 482 causae
1413 450 1662 494 appellationum
1682 451 1714 484 in
1730 449 1792 485 Ro-

1139 509 1230 534 mana
1247 500 1341 535 Curia
1357 490 1599 547 cognoseffinur,
1620 512 1703 550 quae
1719 508 1793 539 sunt

1140 556 1246 597 magni
1283 558 1453 596 momenti,
1492 559 1578 591 etin
1611 557 1728 603 quibus
1752 557 1792 592 de

1139 611 1294 652 perpetuo
1312 610 1452 652 ipsarum
1470 609 1652 646 Militiarum
1665 612 1793 655 praeiu—

1141 661 1225 695 dicio
1250 663 1364 704 agitur,
1393 664 1465 697 1711.

361 715 493 751 Ordinis
532 717 634 751 sancti
678 716 850 759 Augustini
886 716 1015 748 visitare
1050 714 1234 749 CCCXXVI.
1268 716 1450 751 iurisdictio
1483 720 1593 753 vicarii
1623 719 1728 764 Papae
1761 721 1792 753 in

360 771 460 814 possit
491 770 559 804 loca
589 773 620 804 et
652 779 804 813 personas
835 768 1016 812 Congrege-

361 824 456 858 tionis
482 823 690 858 Lombardiae
708 822 852 858 eiusdem
873 821 1015 865 Ordinis,

362 877 436 910 165.

275 929 483 964 CCCLXVIII.
495 930 640 974 Capitulo
651 934 681 964 et
689 931 852 965 canonicis
862 929 1017 964 eeclesiae

362 985 463 1019 sancti
494 983 616 1019 Nicolai
648 984 796 1019 Barensis
827 988 1018 1029 perpetuum

362 1037 524 1073 silentium
550 1040 723 1083 imponitur
747 1047 846 1083 super
870 1038 1018 1072 facultate

1139 768 1224 803 Urbe
1249 771 1466 814 cognoscendi
1483 782 1702 818 quascumque
1719 781 1792 808 eau-

1139 832 1192 858 sas
1226 823 1482 870 aroliiliospitaIIs
1521 826 1551 860 S.
1587 826 1723 871 Spiritus
1762 827 1793 860 in

1139 878 1245 921 Saxia,
1271 878 1344 912 178.

1342 984 1421 1021 LEO
1446 985 1497 1020 XI.

364 1094 432 1137 regi
464 1092 615 1127 Poloniae
653 1103 805 1127 concessa
834 1092 1019 1126 nominandi
1055 1092 1076 1126 1.
1092 1092 1303 1138 Declaratper
1318 1093 1630 1128 saecularizationem
1643 1095 1795 1130 eeclesiae

365 1146 520 1191 quosdam
556 1146 739 1191 capellanos
765 1148 796 1181 in
833 1145 945 1180 eadem
971 1155 1039 1195 ee-¹

365 1199 472 1241 clesia,
498 1200 571 1234 167.
1038 1199 1041 1247 ξ

276 1251 457 1288 CCCLXIX.
483 1254 690 1288 Confirmatio
717 1255 895 1289 donationis
920 1258 950 1288 ct
974 1263 1042 1307 {ts-3

366 1308 554 1351 signationis
579 1308 775 1342 decimarum
801 1317 950 1352 agrorum
975 1315 1042 1345 ca-l

367 1363 545 1405 pitaneatus
570 1361 791 1404 Lucovienas,
817 1362 856 1396 ad
882 1347 1042 1396 mensam)

368 1415 582 1460 episcopalem
609 1415 851 1449 Crat-exiensem
877 1419 1024 1459 spectan-

369 1470 456 1510 tium,
483 1479 540 1514 pro
562 1472 800 1504 manutentione
819 1471 902 1511 vini,
927 1479 1022 1503 cerae

368 1526 399 1557 et
444 1522 507 1557 olei
546 1533 603 1567 per
643 1523 821 1567 praesulem
867 1523 1023 1557 ecelesiae

369 1576 552 1620 praedictae
577 1577 623 1610 illi
649 1578 758 1619 factae,
780 1577 853 1611 168.

279 1629 444 1664 CCCLxx.
471 1630 658 1665 Adhortatio
683 1630 722 1664 ad
749 1630 895 1664 Monaehi
927 1629 1024 1664 domi-

368 1694 445 1720 num
467 1689 500 1719 ut
517 1687 666 1729 episcope
685 1684 911 1719 vintimiliensi
927 1695 1023 1729 opem

370 1739 450 1772 terat
473 1738 512 1773 ad
529 1748 642 1773 usuras
664 1740 694 1772 in
714 1748 771 1773 sua
790 1739 910 1773 ditione
931 1740 1025 1773 extir-

371 1792 504 1835 pandas,
522 1793 596 1826 170.

282 1844 465 1880 CCCLXXI.
491 1846 525 1880 ln
551 1847 635 1880 idem
661 1850 884 1889 argumentum
902 1846 976 1881 duci
994 1851 1025 1891 et

370 1899 639 1944 gubernatoribus
664 1900 859 1944 Republicae
877 1900 1025 1935 Genuen—

371 1956 426 1996 sis,
454 1955 527 1988 171.
1042 1992 1044 1997 X

283 1999 478 2042 CCCLXXll.
515 2009 548 2042 In
583 2009 666 2042 idem
696 2012 920 2052 argumentum
945 2007 1025 2042 Duci

371 2062 565 2103 Sabandiae‚
594 2063 666 2096 171.

283 2115 490 2150 CCCLXXlll.
509 2118 660 2161 Sequitur
678 2116 715 2150 ad
735 2116 898 2151 deminum
916 2116 1026 2151 Dulcis
1043 2117 1045 2131 ³

373 2170 494 2215 Aquae,
508 2205 511 2208 ,
524 2171 595 2204 172.

284 2222 492 2258 CCCLXXIV.
512 2223 702 2258 Monasteria
721 2225 825 2258 omnia
842 2225 1026 2259 monialium

372 2276 503 2313 Ordinis
520 2280 618 2312 sancti
636 2278 809 2319 Benedicti,
835 2280 865 2312 in
885 2274 1046 2322 partibns'

373 2331 539 2374 Prussiae,
565 2331 712 2366 Poloniae
730 2336 759 2366 et
779 2332 940 2367 Lituaniac
965 2335 1029 2367 exi-

373 2387 497 2428 stentia,
535 2385 675 2420 locorum
710 2386 890 2421 Ordinariis
920 2387 1027 2421 subii—

373 2440 518 2481 ciuntur,
543 2450 614 2474 cum
648 2440 888 2484 privilegiorum
920 2450 957 2474 ac
981 2442 1046 2486 ing

374 2492 607 2537 dulgentiarum
634 2495 852 2537 concessione,
876 2494 946 2528 179.
1043 2489 1047 2515 ¹

287 2545 475 2581 CCCLXXV.
502 2547 619 2582 Militiis
636 2547 837 2590 regularibus
857 2558 1027 2592 regnorum

376 2601 586 2646 portugalliae
612 2605 642 2636 et
658 2601 892 2646 Algarbierum,
911 2602 1028 2647 quibus

376 2653 548 2700 Gregorius
573 2655 645 2690 xm
663 2656 839 2691 indulserat
856 2659 889 2690 ut
912 2665 1045 2690 causae*

1062 2225 1113 2258 IV.

1144 1147 1174 1180 S.
1201 1146 1359 1181 Vincentii
1398 1147 1438 1181 de
1463 1146 1628 1190 Cardena,
1665 1147 1796 1184 Ordinis

1144 1200 1375 1236 Canonicorum
1393 1201 1422 1235 S.
1442 1202 1611 1244 Augustini
1636 1201 1797 1245 Urgellen-

1145 1257 1188 1290 sis
1214 1256 1385 1297 dioecesis,
1418 1256 1538 1290 nullum
1568 1257 1796 1300 praeiudicium

1148 1310 1268 1344 illatum
1294 1311 1391 1344 fuisse
1417 1310 1542 1353 abbati,
1568 1310 1671 1356 quoad
1697 1312 1799 1345 iuris-

1147 1364 1317 1398 dictionem
1358 1364 1485 1398 civilem
1532 1368 1563 1398 et
1602 1364 1798 1398 criminalem

1146 1429 1244 1463 super
1277 1420 1449 1452 canonicos
1474 1419 1620 1452 eiusdem
1645 1418 1800 1453 ecclesiae

1147 1477 1178 1507 et
1213 1472 1401 1516 collegiatae
1437 1473 1467 1506 S.
1493 1472 1600 1507 Iacobi
1624 1472 1663 1506 de
1701 1472 1804 1507 Calaff

1146 1527 1292 1561 vicensis
1318 1528 1466 1569 diocesis,
1494 1527 1566 1561 18⁶2.

1058 1580 1094 1615 II.
1113 1580 1259 1615 Declarat
1274 1591 1330 1625 per
1348 1581 1662 1615 saecularizationem
1682 1580 1800 1624 priora-

1147 1639 1196 1670 tus
1207 1635 1317 1669 bcatae
1328 1635 1446 1669 Mariae
1456 1635 1494 1669 de
1504 1635 1659 1677 Cornella,
1669 1633 1801 1670 Ordinis

1147 1692 1375 1723 canonicorum
1403 1689 1597 1731 regularium
1631 1688 1661 1722 S.
1694 1688 1802 1732 Augu-

1147 1745 1220 1777 stini
1247 1743 1394 1777 Elnensis
1411 1743 1560 1784 diocesis,
1577 1742 1698 1777 nullum
1715 1752 1803 1786 prae-

1149 1798 1302 1832 iudicium
1313 1797 1432 1831 illatum
1444 1797 1539 1830 luisse
1551 1798 1647 1840 prIori
1657 1796 1803 1831 eiusdem

1146 1852 1304 1886 eccleslae
1329 1861 1426 1895 super
1450 1850 1620 1885 collatione
1640 1852 1803 1885 canoniea-

1148 1910 1246 1948 tuum,
1273 1906 1335 1940 184

1043 1956 1111 1991 Ill.
1137 1957 1253 1990 SImilis
1280 1957 1451 1990 declaratio
1468 1966 1565 2001 super
1581 1955 1802 1990 iurisdictione

1149 2011 1235 2045 civili
1261 2015 1292 2045 ct
1316 2011 1473 2044 rrim²nali
1499 2011 1604 2044 eidem
1629 2011 1727 2054 priori
1744 2008 1804 2043 col-

1148 2064 1284 2108 legiatae
1306 2064 1462 2098 ccclesiae
1487 2064 1600 2098 beatae
1620 2064 1736 2097 Mariae
1762 2062 1802 2097 de

1150 2118 1296 2152 Cor-nella
1315 2121 1345 2152 in
1367 2120 1537 2152 caumiicos
1556 2117 1737 2161 praedictae
1755 2125 1804 2149 cc-

1151 2172 1270 2206 clesiae
1296 2175 1509 2215 competente,
1538 2172 1610 2204 186.

1142 2225 1293 2259 Ameana
1319 2228 1349 2258 et
1367 2226 1519 2258 extinctio
1538 2223 1639 2257 litium
1665 2221 1803 2266 penden-

1151 2281 1227 2313 tium
1254 2281 1336 2313 inter
1352 2278 1488 2321 capitula
1506 2282 1536 2311 et
1553 2278 1671 2311 clerum
1694 2285 1804 2319 regne-

1152 2343 1219 2367 rum
1240 2332 1461 2376 Hispaniarum
1480 2335 1509 2365 et
1523 2332 1712 2365 Societatem
1732 2330 1802 2364 lesu

1150 2396 1247 2430 super
1263 2386 1418 2420 solutione
1434 2384 1628 2418 decimarum
1644 2384 1804 2427 parocbia-

1150 2440 1234 2474 IIbus
1259 2441 1393 2484 aliisque
1420 2438 1567 2472 ecelesiis
1592 2437 1631 2471 de
1656 2439 1725 2471 iure
1750 2438 1804 2471 de-

1150 2494 1298 2534 bitarum,
1318 2503 1387 2526 cnm
1409 2492 1624 2525 declaratione
1642 2490 1726 2535 quod
1744 2490 1802 2523 Pl‘.

1151 2548 1253 2582 dictae
1279 2547 1454 2587 Societatis,
1487 2545 1554 2578 loco
1581 2544 1734 2585 decimae,
1760 2545 1804 2577 xi-

1150 2603 1304 2645 gesimam
1336 2610 1391 2644 pro
1423 2599 1514 2633 bonis
1539 2599 1720 2643 acquisitis,
1747 2608 1803 2641 pro

1151 2654 1241 2689 bonis
1266 2659 1369 2687 tamen
1391 2653 1542 2696 deinceps
1567 2653 1734 2695 emptionis
1760 2652 1803 2685 ti-
