2227 3241
39 283 106 327 2⁸¹¹·
121 282 152 309 c.
171 280 238 309 1605

85 663 178 684 Vacante
195 667 237 682 mo-

57 689 149 712 nasterio
163 694 237 709 mona-

56 716 192 738 chiabbatem
199 716 238 736 ule·

55 745 133 771 gerant.

82 1250 125 1272 Rex
139 1252 180 1271 tres
195 1255 238 1270 mo-

57 1278 132 1299 nachos
141 1282 238 1303 praesen-

55 1307 100 1326 tare
114 1303 228 1325 contendit.

85 1739 142 1761 Unde
156 1742 239 1761 contro-

59 1767 125 1788 versia
141 1769 186 1788 urta
198 1768 236 1788 est.

893 278 1015 302 PAULUS
1040 278 1059 301 V
1082 278 1133 303 1³1³.

285 335 364 356 mum
378 329 410 356 in
425 328 543 357 christo
558 328 652 356 filium
668 330 805 356 nostrum
826 326 994 361 Sigismun-

285 374 353 401 dum
376 373 516 401 Potoniae
533 377 564 401 et
589 373 710 401 Svetiae
726 380 825 408 regem
841 372 994 400 illustrem

285 426 395 447 nuncio

495 482 606 509 Paulus
623 482 701 515 Papa
717 482 748 508 v.

250 543 447 572 Venerabillis
468 543 575 578 frater,
597 544 728 571 salutem
750 546 780 570 et.
797 543 994 577 apostolicam

498 588 746 616 benedictionem.

297 653 314 694 ξ
335 652 365 684 Ἰ.
389 651 479 693 Cum,
495 651 578 685 sicut
591 651 786 695 accepimus,
806 662 909 695 nuper
923 662 992 685 mo-

252 704 394 738 nasterio
413 711 599 738 sanctorum
621 705 706 738 Petri
726 710 756 738 et
775 705 863 738 Pauli
886 706 925 739 de
942 705 993 738 Ti-

252 758 339 791 netia
349 758 476 792 Ordinis
486 758 587 792 sancti
597 758 761 792 Benedicti
775 758 994 793 Cracoviensis

252 810 409 844 dioecesis
429 811 553 845 abbatis
573 811 731 854 regimine
752 811 915 853 destituto,
940 813 990 846 di-

251 863 325 897 lecti
348 864 407 897 filii
432 864 576 898 eiusdem
605 865 792 899 monasterii
817 872 993 900 conventus

252 918 473 962 capitulariter
493 919 690 962 congregati,
712 925 741 952 et
758 920 890 954 servatis
908 920 994 954 iuxta

251 982 365 1005 eorum
386 971 514 1006 Ordinis
538 974 681 1016 regulam
702 974 879 1015 servandis,
908 974 990 1008 dile-

251 1030 339 1059 ctum
349 1025 444 1059 ctiam
454 1026 557 1059 filium
568 1027 733 1061 Albertum
742 1028 993 1062 Baranoscliium

252 1079 395 1112 eiusdem
410 1079 538 1114 Ordinis
552 1086 582 1113 et
594 1081 779 1114 monasterii
797 1082 993 1116 monachum

252 1133 444 1176 professum,
461 1133 498 1166 -in
512 1133 614 1178 ipsius
629 1135 815 1168 monasterii
829 1135 991 1177 abbatem,

252 1192 288 1220 ut
308 1187 471 1229 asseritur,
496 1188 649 1222 canonice
671 1189 836 1231 elegerint3

298 1241 312 1284 ἓ
332 1240 362 1274 ⁶2.
387 1241 461 1282 Sed,
484 1241 560 1285 quia
581 1242 788 1277 charissimus
813 1244 846 1277 in
871 1244 994 1278 Christo

254 1294 339 1328 silius
357 1300 466 1328 noster
479 1295 704 1338 Sigismundus
722 1297 874 1330 Poloniae
896 1309 949 1331 rex
963 1298 996 1331 il-

253 1347 361 1381 lustris
380 1348 635 1382 nominationem
665 1349 761 1383 trium
782 1361 995 1394 personarum

253 1401 304 1443 (ex
325 1400 441 1444 quibus
461 1411 544 1435 unus
566 1402 597 1435 in
619 1402 767 1437 abbatem
790 1403 866 1437 dieti
884 1415 995 1438 mona-

254 1453 353 1495 sterii,
375 1455 451 1487 dum
474 1465 532 1499 pro
556 1462 701 1500 tempore
727 1462 835 1498 vacat,
860 1458 899 1491 ab
921 1458 995 1502 ipsis

254 1514 414 1555 conventu
432 1514 463 1542 et
482 1509 649 1543 monachis
663 1510 814 1553 eligatur)
830 1511 869 1544 ad
882 1522 915 1545 se
929 1523 996 1556 spe-

255 1567 340 1595 ctare
357 1562 551 1606 praetendit,
569 1563 760 1598 electionem
774 1566 994 1609 supradictam

253 1615 376 1648 nullam
403 1622 434 1649 et
453 1616 626 1651 invalidam
648 1629 715 1652 esse
741 1630 777 1652 ac
798 1619 929 1653 nullitcr
950 1620 995 1653 sa-

254 1674 338 1702 etam
359 1669 456 1704 fuisse
477 1677 607 1711 asserat;

299 1724 315 1765 ἓ
329 1722 360 1756 3.
378 1724 421 1757 Ac
434 1730 605 1768 propterea
619 1727 688 1759 orta
700 1726 784 1760 intcr
792 1727 994 1771 praedictum

253 1775 496 1819 Sigismundum
511 1789 620 1822 regem
639 1790 675 1813 ex
694 1782 756 1813 una
776 1787 807 1814 et
828 1781 994 1815 Albertum

253 1829 393 1863 electum
409 1841 445 1864 ac
464 1838 657 1865 conventum
683 1833 782 1876 ipsius
808 1835 995 1868 monasterii

253 1883 515 1926 (praetendentes
524 1885 627 1929 ipsum
636 1885 876 1929 Sigismundum
886 1899 995 1931 regem

213 1979 222 1988 ι
253 1935 302 1969 ius
319 1937 510 1971 nominandi
530 1949 705 1982 personam
726 1940 911 1983 eligendam
930 1952 995 1975 non

71 2513 76 2519 ῃ
89 2487 180 2511 Pontifex
195 2495 242 2516 pai·-

63 2515 112 2536 tium
118 2515 162 2537 iura
168 2522 244 2543 cogno-

63 2545 120 2562 scere
159 2544 244 2564 mandat

65 2567 138 2597 nuncio
160 2573 244 2596 aposto-

65 2593 110 2624 11‘9.
128 2594 154 2616 ad
169 2602 191 2617 ne
214 2603 245 2618 re-

67 2621 171 2643 mittenda.

252 1988 383 2030 habere,
401 1990 457 2024 sed
472 1990 517 2024 illi
537 1993 762 2026 tantummodo
777 1993 824 2027 ius
844 2005 996 2038 praesen-

253 2043 341 2077 tandi
361 2043 532 2078 Ordinario
553 2056 724 2090 personam
740 2047 886 2088 electam,
909 2055 939 2082 ut
957 2049 995 2082 ab

253 2096 308 2130 illo
336 2097 571 2140 confirmetur,
600 2101 805 2144 competere)
832 2112 866 2135 ex
897 2103 995 2136 altera

252 2151 398 2194 partibus
412 2152 550 2196 desuper
568 2153 760 2194 differentia,
774 2155 922 2189 Albertus
934 2157 997 2190 ele-

253 2210 322 2238 ctus
340 2210 435 2249 atque
453 2212 628 2240 conventus
649 2208 785 2251 praefati
806 2209 845 2242 ad
866 2220 925 2242 nos
947 2221 997 2243 re-

254 2268 384 2291 cursum
412 2259 618 2301 hahuerunt,
644 2266 673 2293 et
706 2262 798 2295 nobis
830 2262 997 2297 humiliter

254 2311 486 2356 supplicarunt,
507 2318 539 2346 ut
560 2313 591 2346 in
612 2314 797 2357 praemissis
815 2322 998 2359 opportune

255 2365 424 2409 providere
448 2366 487 2399 de
515 2366 711 2409 benignitate
741 2368 919 2412 apostolica
945 2370 994 2402 di-

255 2429 440 2461 gnaremur:

301 2475 317 2516 5
338 2474 368 2506 lt.
393 2474 455 2507 Nos
476 2474 586 2517 igitur,
606 2480 669 2508 tam
688 2475 786 2519 ipsius
803 2476 999 2519 Sigisniundi

258 2527 353 2570 regis,
377 2527 402 2560 si
420 2527 465 2560 illi
480 2534 653 2572 competat,
678 2539 775 2573 quam
795 2529 918 2563 Alberti
937 2530 999 2563 ele-

259 2579 300 2613 cti
328 2586 360 2614 et
387 2586 563 2615 conventus
583 2582 823 2625 praedictorum
852 2583 921 2616 iura
946 2583 995 2616 di-

260 2633 396 2676 ligenter
421 2634 534 2669 audire
567 2641 597 2669 et
630 2636 677 2669 ius
698 2646 792 2670 suum
823 2636 998 2680 unicuique

262 2686 401 2721 tribuere
435 2688 593 2731 volentes,
625 2689 814 2723 fraternitati
842 2695 913 2724 tuae
941 2701 998 2733 per

1678 265 1738 300 2⁶21

1029 332 1212 370 praesentes
1226 325 1458 360 committimus
1473 330 1503 359 et
1517 325 1720 365 mandamus,
1737 330 1772 358 ut

1028 379 1195 423 utriusque
1212 379 1312 423 partis
1329 379 1399 412 iura
1421 389 1656 423 quaecumque,
1677 389 1771 412 voca-

1028 432 1066 465 tis
1080 432 1233 466 vocandis
1247 439 1277 465 et
1295 432 1429 466 servatis
1443 432 1482 466 de
1500 432 1570 466 iure
1587 432 1766 472 servandis,

1029 485 1202 528 diligenter
1222 486 1344 527 audias,
1369 492 1399 519 et
1418 486 1554 530 recipias
1573 486 1769 520 documenta

1028 545 1059 572 et
1075 539 1193 583 scripta
1211 540 1250 572 ad
1272 539 1460 573 huiusmodi
1482 550 1611 573 causam
1625 544 1771 584 spectan-

1030 593 1081 634 tia,
1099 599 1129 626 et
1143 593 1218 626 hinc
1232 593 1306 627 inde
1320 594 1531 637 producenda
1544 604 1768 637 recognoscas,

1030 652 1123 680 testes
1144 657 1367 691 quoscumque
1385 648 1460 681 hine
1478 648 1552 681 inde
1572 648 1771 682 inducendos

1027 711 1125 745 super
1146 701 1290 734 articulis
1304 707 1334 734 et
1355 701 1615 744 interrogatoriis
1635 712 1652 734 a
1672 701 1771 746 parti-

1029 754 1087 788 bus
1108 754 1222 788 dandis
1246 765 1304 798 per
1325 760 1354 788 te
1375 755 1479 799 ipsum
1502 755 1674 798 diligenter
1697 765 1769 788 exa-

1029 808 1141 849 mines,
1164 819 1342 853 eorumque
1358 809 1442 842 dicta
1458 809 1578 853 absque
1597 809 1705 854 aliqua
1724 809 1771 843 di-

1029 861 1210 895 minutione
1231 862 1279 895 vel
1300 861 1466 896 additione
1480 862 1511 895 in
1526 863 1654 906 scriptis
1668 863 1770 905 redigi

1029 915 1136 956 facias,
1161 921 1191 949 et
1215 926 1312 960 super
1333 915 1382 949 his
1411 916 1562 950 omnibus
1582 927 1769 960 processum

1028 968 1250 1002 authenticum
1266 969 1429 1010 conficias,
1451 975 1481 1003 et
1501 971 1540 1003 ad
1562 979 1620 1003 nos
1639 976 1694 1004 tuo
1711 971 1769 1004 sub

1028 1022 1133 1066 sigillo
1145 1023 1288 1057 clausum
1300 1024 1542 1068 quamprimum
1559 1024 1766 1058 transmittas.

1073 1078 1089 1119 ξ
1111 1076 1140 1110 5.
1168 1078 1285 1112 Dantes
1311 1078 1365 1111 tibi
1394 1078 1544 1122 plenam,
1569 1079 1709 1122 amplam
1741 1085 1769 1112 et

1029 1131 1250 1165 omnimodam
1276 1137 1465 1175 potestatem
1493 1143 1573 1176 quos
1599 1139 1629 1166 et
1655 1132 1771 1176 quibus

1029 1196 1109 1229 opus
1129 1186 1236 1227 suerit,
1255 1185 1350 1219 etiam
1364 1197 1422 1230 per
1435 1197 1586 1220 censuras
1605 1192 1633 1220 et
1651 1196 1771 1230 poenas

1029 1238 1272 1280 ecclesiasticas,
1297 1245 1327 1273 ct
1351 1250 1408 1283 per
1426 1240 1567 1273 edictum
1589 1240 1768 1284 publicum,

1030 1292 1168 1326 constito
1186 1292 1225 1326 de
1246 1303 1311 1326 non
1332 1298 1401 1326 tuto
1422 1294 1461 1327 ad
1480 1293 1552 1327 illos
1570 1304 1712 1335 accessu,
1730 1294 1771 1327 ci-

1031 1346 1118 1380 tandi
1148 1352 1178 1380 et
1204 1346 1382 1387 inhibendi,
1409 1353 1440 1380 et
1460 1358 1681 1392 quascumque
1708 1353 1772 1381 tam

1030 1399 1175 1443 publicas
1190 1411 1286 1443 quam
1301 1401 1439 1444 privatas
1453 1401 1638 1445 scripturas,
1657 1402 1773 1434 instru-

1031 1459 1139 1487 menta
1160 1459 1190 1487 et
1211 1455 1405 1488 documenta
1426 1465 1484 1498 per
1505 1455 1646 1499 aliquam
1670 1466 1706 1488 ex
1727 1456 1775 1488 di-

1031 1507 1088 1540 ctis
1105 1507 1251 1551 partibus
1269 1508 1379 1551 petita,
1397 1508 1436 1542 ad
1450 1509 1533 1542 hanc
1547 1519 1676 1541 causam
1695 1519 1775 1552 quo-

1032 1561 1207 1595 modolibet
1218 1562 1378 1602 facientia,
1392 1561 1621 1602 exhibendum,
1634 1572 1670 1595 ac
1681 1567 1775 1595 testes

1030 1625 1254 1660 quoscumque
1272 1616 1311 1649 ad
1332 1615 1571 1660 perhibendum
1586 1616 1711 1650 veritati
1728 1620 1773 1649 te-

1030 1669 1230 1710 stimonium,
1244 1670 1340 1703 etiam
1362 1681 1420 1713 per
1439 1670 1560 1703 similes
1579 1680 1731 1703 censuras
1745 1676 1775 1703 et

1032 1734 1151 1766 poenas
1173 1723 1414 1764 ecclesiasticas,
1439 1723 1574 1766 cogendi
1587 1729 1618 1757 et
1631 1723 1774 1767 compel-

1033 1776 1130 1817 lendi,
1155 1788 1190 1810 ac
1209 1777 1270 1810 alia
1292 1777 1401 1810 omnia
1424 1784 1452 1811 et
1474 1777 1600 1820 singula
1622 1777 1653 1810 in
1674 1787 1771 1821 prae-

1032 1829 1135 1863 missis
1153 1836 1183 1863 et
1201 1831 1285 1864 circa
1308 1841 1344 1864 ca
1362 1831 1541 1865 necessaria
1562 1842 1618 1864 seu
1640 1841 1776 1874 quomo-

1031 1883 1153 1917 dolibet
1187 1889 1371 1928 opportuna
1408 1895 1509 1928 usque
1542 1885 1582 1918 ad
1616 1884 1774 1928 praedicti

1033 1948 1201 1981 processus
1222 1938 1536 1972 consummationem
1551 1943 1582 1971 et
1602 1938 1775 1981 perfectio-

1032 2002 1104 2025 nem
1128 1992 1220 2035 (citra
1241 1998 1346 2026 tamen
1365 2003 1479 2026 causae
1493 1992 1679 2025 huiusmodi
1693 1991 1775 2025 ulte-

1032 2045 1150 2078 riorem
1165 2046 1385 2088 cognitionem
1401 2052 1430 2079 et
1445 2045 1653 2086 decisionem,
1676 2056 1772 2089 quam

1033 2099 1125 2133 nobis
1146 2112 1181 2133 ex
1204 2100 1294 2133 iustis
1309 2100 1413 2133 causis
1428 2106 1457 2134 et
1477 2100 1549 2134 Sedi
1572 2100 1775 2144 Apostolicae

1032 2152 1250 2186 deliniendam
1270 2160 1299 2187 et
1325 2153 1538 2187 decidendam
1557 2154 1772 2195 reservamus)

1034 2206 1182 2248 faciendi,
1206 2208 1352 2250 gerendi,
1378 2208 1570 2247 mandandi,
1601 2207 1772 2240 ordinandi

1033 2265 1063 2293 ct
1087 2261 1277 2304 exequendi.

1078 2316 1092 2357 g
1113 2316 1142 2347 (i.
1168 2315 1237 2347 Non
1260 2315 1461 2348 obstantibus
1489 2313 1773 2348 constitutionibus

1034 2373 1063 2400 ct
1080 2367 1340 2402 ordinationibus
1361 2368 1555 2412 apostolicis,
1577 2379 1613 2401 ac
1630 2367 1702 2401 stilo
1716 2367 1774 2400 Cu-

1035 2421 1100 2455 riae
1121 2427 1151 2455 et
1168 2422 1290 2460 Palatii,
1308 2422 1508 2466 caeterisque
1523 2421 1690 2455 contrariis
1705 2421 1774 2465 qui-

1034 2475 1245 2520 buscunique.

1077 2530 1191 2562 Datum
1212 2529 1332 2562 Romae
1357 2529 1442 2572 apud
1463 2534 1608 2562 sanctum
1635 2528 1773 2562 Marcum

1033 2582 1092 2615 sub
1111 2583 1231 2616 annulo
1251 2582 1422 2615 l'iscatoris
1447 2582 1498 2615 die
1526 2592 1561 2615 ιιι
1582 2582 1774 2625 septembris

1034 2646 1116 2670 nocv
1135 2635 1341 2680 pontificatus
1361 2635 1460 2669 nostri
1479 2645 1564 2669 anno
1584 2646 1603 2668 ι.

1071 2698 1126 2725 [iat.
1149 2698 1191 2725 dic
1213 2700 1228 2723 :3
1249 2698 1409 2732 septembris
1430 2699 1504 2728 tulf»,
1528 2698 1619 2732 pontis.
1639 2707 1681 2725 an.
1701 2706 1717 2724 1.

1789 275 1880 303 An.C.
1904 274 1972 303 1605

1831 1080 1974 1104 opportunam

1788 1106 1857 1126 eidem
1879 1105 1973 1126 tribuens

1787 1132 1916 1153 facultatem-

1798 2334 1908 2355 Contraria
1918 2335 1975 2355 tollit.
