2227 3241
87 222 136 251 ΑΒ.
157 221 268 250 &1608

109 654 270 682 contrariisque

87 681 182 708 derogat.

127 1349 273 1375 'transumptis

87 1381 173 1402 qunque
215 1377 272 1397 cnuti

31 1395 38 1406 ³
86 1402 152 1424 iubet.

916 222 1037 247 PAULUS
1061 222 1080 246 V
1098 223 1144 246 1³1³.

286 269 439 303 mandato
462 275 571 304 nostro
599 269 786 304 huiusmodi
811 276 1022 304 contravene-

286 324 361 365 rint‚
377 324 463 358 ultra
480 324 680 369 supradictas
696 334 828 368 poenaS,
846 324 941 376 etiarm
960 324 1027 357 vin-

286 378 360 411 culo
380 378 721 412 excommunicationis
735 378 817 412 latae
834 377 1023 418 sententiae,

285 441 303 464 a
323 442 387 475 quo
411 432 472 465 nisi
496 443 554 476 per
572 442 632 465 nos
656 437 686 465 et
710 431 872 465 Romanos
893 431 1026 465 Pontifi-

286 495 338 518 ces
354 496 414 529 pro
436 492 579 530 tempore
593 485 774 526 existentes,
799 491 1025 529 praeterquam

285 538 318 571 in
338 539 451 572 mortis
471 539 607 572 articulo
625 537 802 579 constituti,
826 538 948 572 absolvi
970 548 1026 571 ne-

286 597 415 636 queant,
439 593 651 626 annodamus.

330 644 395 688 56.
419 646 489 679 Non
514 646 717 680 obstantibus
743 645 1028 680 constitutionibus

286 703 317 732 et
330 698 589 733 ordinationibus
602 700 799 744 apostolicis,
816 699 957 743 dictique
972 698 1028 732 Or-

286 753 369 786 dinis
389 753 515 787 statutis
540 760 569 787 et
599 753 908 794 consuetudinibus,
932 752 1026 786 etiam

286 805 480 848 iuramento,
504 806 752 841 confirmatione
773 806 960 851 apostolica,
980 806 1027 839 vel

285 860 396 903 quavis
407 860 560 894 firmitate
574 861 636 894 alia
648 861 817 904 roboratis,
829 860 1027 904 caeterisque

285 914 455 948 contrariis
480 915 762 959 quibuscumque:
791 920 842 947 aut
869 914 893 946 si
918 914 1028 948 Ordini

285 972 315 1000 et
330 967 482 1001 fratribus
495 968 667 1012 praedictis
685 967 903 1001 communiter
917 968 963 1000 vel
982 967 1028 1000 di-

285 1020 375 1054 visim
406 1021 446 1054 ab
475 1022 659 1065 Apostoliczt
689 1022 727 1055 sit
756 1021 836 1055 Sede
868 1020 1027 1054 indultum

285 1074 372 1118 quod
394 1074 554 1115 interdici,
578 1075 742 1119 suspendi,
766 1075 813 1107 vel
844 1085 1029 1107 excommu-

285 1127 384 1160 nicari
407 1138 472 1161 non
488 1129 609 1172 possint
629 1139 687 1172 per
704 1128 823 1161 litteras
837 1128 1029 1172 apostolicas

286 1191 349 1215 non
373 1181 525 1216 facientes
546 1182 674 1226 plenam
690 1189 718 1216 ct
738 1193 919 1226 expressam
939 1193 974 1215 ac
990 1182 1028 1215 de

286 1235 384 1268 verbo
405 1236 445 1269 ad
465 1236 598 1269 verbum
629 1236 667 1269 de
694 1236 817 1269 indulto
842 1235 1028 1268 huiusmodi

287 1289 495 1323 mentionem.

333 1343 348 1386 g
369 1342 398 1375 7.
414 1342 686 1377 Volumusautem
703 1343 789 1387 quod
810 1342 1028 1387 praesentium

289 1396 469 1430 litterarum
505 1397 680 1441 exemplis,
711 1397 806 1430 etiam
840 1396 1025 1440 impressis,

288 1460 386 1483 manu
406 1450 541 1484 alicuius
566 1450 681 1484 notarii
710 1449 853 1494 publici,
874 1455 904 1482 et
923 1449 1029 1492 sigillo

286 1503 419 1536 alterius
432 1514 589 1548 personae
605 1503 635 1536 in
648 1503 801 1546 dignitate
815 1502 1027 1536 ecclesiastica

286 1557 479 1590 constitutae
501 1556 641 1597 munitis,
670 1556 779 1590 eadem
806 1555 886 1589 sides
907 1555 1028 1598 ubique

285 1610 431 1643 adhiberi
453 1610 579 1651 debeat,
597 1620 679 1654 quae
697 1609 919 1654 praesentibus
938 1608 1027 1642 adhi-

285 1663 427 1703 beretur,
451 1663 475 1697 si
497 1663 658 1697 exhibitae
676 1663 779 1696 forent
798 1663 844 1696 vel
867 1668 1024 1695 ostensae.

330 1717 443 1750 Datum
465 1717 586 1750 Romae
607 1717 692 1760 apud
717 1722 862 1749 sanctum
882 1715 1023 1755 Petrum,

286 1771 338 1804 die
351 1781 395 1804 vn
411 1769 546 1804 ianuarii
561 1779 695 1811 mecvm,
706 1769 912 1813 pontificatus
926 1768 1026 1801 nostri

285 1834 370 1857 anno
392 1834 438 1858 tn.

324 1886 382 1913 Dat.
405 1886 446 1913 die
468 1886 481 1913 7
499 1885 606 1913 ianuari
622 1885 707 1918 1608,
724 1884 819 1921 pontif.
838 1892 881 1911 an.
901 1891 936 1910 ιιι.

615 2077 715 2110 XClll.

284 2197 534 2241 Archiepiscopo
555 2197 753 2231 Grcmatensi
773 2196 958 2229 conceditur
977 2196 1027 2239 sa-

325 2251 430 2284 cultas
439 2250 571 2294 coyendi
581 2251 679 2283 eliam
687 2249 861 2293 Reqalarffl
871 2260 957 2283 escem
960 2255 1031 2294 ptos

330 2305 371 2338 ad
390 2305 549 2337 servanda
574 2304 699 2337 decreta
723 2314 780 2337 sita
806 2304 843 2336 de
868 2304 982 2346 tapetis
1000 2308 1028 2335 el

329 2357 560 2401 pulvinaribus
577 2368 635 2401 pro
656 2356 849 2390 mtdicriluts
872 2357 905 2388 in
935 2356 1029 2389 eccle-

331 2412 390 2444 siis
410 2422 474 2444 non
490 2412 661 2456 ponendis,
685 2422 740 2444 nec
760 2410 888 2443 sedibus
904 2411 1028 2454 quotics

333 2465 577 2498 sanctissimum
591 2465 817 2499 Eucharistiae
835 2464 1027 2497 Smramen-

336 2522 405 2551 tum
425 2519 600 2562 escpositwn
623 2523 666 2551 es!
682 2517 700 2550 ¹.

331 2633 338 2659 l
362 2632 398 2658 Ex
419 2632 522 2668 liegest
542 2633 569 2660 iu
589 2633 690 2661 Secret.
713 2631 787 2659 Brci.

1696 211 1761 245 459
1807 219 1989 248 An.c.160t3

1294 269 1462 299 Venerabili
1481 270 1569 298 fratri

1211 324 1432 360 archiepiscopo
1456 325 1632 354 Granatenei

1298 398 1408 426 Paulus
1428 399 1507 432 Papa
1527 399 1558 425 V.

1279 487 1452 514 Venerabils
1478 487 1591 521 frater,

1097 541 1227 568 salutem
1250 543 1281 568 et
1301 541 1496 574 apostolicam
1515 541 1764 570 benedictionem.

1107 639 1123 680 ξ
1145 638 1174 671 1.
1199 638 1259 671 Pro
1279 644 1370 682 parte
1384 641 1437 672 tua
1457 639 1549 672 nobis
1561 650 1664 684 nuper
1678 639 1801 683 exposi-
1841 656 2000 681 Ati-incpsssmpt

1064 697 1129 724 tum
1152 692 1220 732 suit,
1238 692 1324 735 quod
1348 698 1391 733 tu,
1408 698 1443 725 ut
1456 693 1614 726 scandalis
1628 698 1659 725 et
1679 693 1801 726 discor·
1817 682 2001 731 flissslffffrfftssslssl?

1062 744 1132 785 diis,
1157 756 1239 789 quae
1265 746 1433 779 occasione
1461 746 1584 779 sedium
1607 757 1665 790 per
1685 757 1799 779 saecu-

1062 798 1145 832 lares
1166 809 1320 842 personas
1341 800 1372 832 in
1388 800 1529 833 ecclesiis
1541 800 1617 844 poni
1636 800 1802 834 solitarum

1063 852 1140 886 oriri
1161 853 1275 893 solent,
1298 853 1454 895 obviares,
1478 865 1518 887 ne
1540 860 1660 898 tapetes
1680 860 1709 887 et
1734 855 1805 897 pul-

1062 906 1184 939 vinaria
1210 907 1399 939 mulieribus
1431 907 1622 940 inservitura
1654 908 1684 940 in
1712 908 1804 941 dictis

1064 960 1206 993 ecelesiis
1223 966 1396 1004 ponantur,
1417 971 1475 993 nec
1493 961 1608 1005 aliquis
1623 962 1805 995 cuiuscum-

1063 1024 1125 1058 que
1143 1014 1338 1047 conditionis
1353 1021 1381 1047 et
1399 1015 1560 1058 qualitatis
1583 1015 1612 1047 in
1637 1015 1803 1048 festivitate

1063 1068 1254 1101 sanctissimi
1284 1068 1432 1112 Corporis
1457 1068 1582 1101 Domini
1613 1069 1713 1101 nostri
1735 1069 1803 1101 lesu

1062 1120 1187 1161 Christi,
1199 1125 1327 1165 totaque
1337 1122 1478 1155 eiusdem
1496 1122 1672 1155 festivitatis
1681 1125 1803 1160 octava,

1064 1185 1098 1207 ac
1120 1175 1190 1208 aliis
1209 1175 1419 1218 temporibus,
1437 1175 1553 1219 quibus
1566 1175 1801 1210 sanctissimum

1062 1228 1280 1261 Eucharistiae
1318 1230 1559 1263 Sacramentum
1597 1229 1625 1261 in
1661 1229 1804 1262 ecclesiis

1063 1283 1184 1326 populo
1214 1283 1431 1316 venerandum
1458 1283 1586 1326 publice
1621 1282 1800 1322 exhibetur,

1063 1335 1176 1369 sedilia
1187 1341 1215 1368 et
1228 1336 1354 1377 sitialia‚
1366 1336 1460 1378 vulgo
1473 1342 1667 1380 nuncupata,
1682 1336 1713 1368 in
1728 1336 1804 1379 ipsis

1064 1389 1204 1422 ecclesiis
1214 1389 1341 1430 habeat,
1352 1389 1555 1434 praecepisti,
1566 1400 1690 1423 necnon
1706 1390 1801 1423 etiam

1063 1443 1346 1476 constitutionibus
1365 1443 1425 1476 tuis
1438 1443 1646 1486 synodalibus
1659 1443 1804 1487 personis

1062 1496 1282 1529 saecularibus
1302 1496 1393 1529 sedes
1414 1496 1496 1529 intra
1517 1496 1698 1539 pavimenta
1720 1497 1801 1528 alta-

1063 1549 1146 1582 rium
1169 1549 1328 1582 maiorum
1354 1560 1634 1594 quarumcumque
1655 1549 1803 1583 ecclesia-

1062 1613 1132 1635 rum
1151 1603 1269 1636 babere
1288 1603 1424 1637 vetuisti.

1106 1658 1123 1699 g
1144 1656 1173 1689 Ξ.
1203 1657 1286 1690 Haec
1304 1664 1423 1698 autem,
1444 1658 1526 1691 sicut
1546 1658 1656 1691 eadem
1679 1658 1803 1701 exposi-
1846 1670 2003 1693 emmanu,-

1063 1711 1105 1744 tio
1130 1711 1354 1754 subiungebat,
1375 1718 1548 1755 praecepta
1577 1722 1612 1744 ac
1637 1712 1800 1751 mandata,
1819 1697 1960 1747 {Esslffil'r‘ll'ssss
1983 1703 2002 1742 ἒ-

1062 1772 1092 1798 et
1123 1765 1368 1798 constitutiones
1396 1765 1564 1809 synodales
1596 1765 1626 1797 in
1660 1764 1803 1798 ecclesiis
1818 1752 1914 1775 ¹⁶¹⁰‘'¹'⁴‘

1063 1820 1334 1853 monasteriorum
1361 1830 1378 1852 a
1400 1819 1621 1853 iurisdictione
1643 1821 1695 1852 tua
1716 1818 1803 1852 ordi-

1062 1872 1152 1905 naria
1184 1878 1417 1917 exemplorum,
1451 1883 1514 1905 non
1544 1879 1651 1905 tamen
1683 1873 1804 1916 absque

1063 1926 1232 1960 discordiis
1257 1932 1288 1959 et
1320 1926 1417 1959 divini
1447 1926 1552 1960 cultus
1585 1926 1801 1962 detrimento,

1063 1980 1195 2013 minime
1219 1980 1441 2014 observantur.

1107 2035 1123 2075 ἓ
1149 2032 1179 2066 3,
1203 2033 1307 2072 Quare
1324 2034 1418 2067 nobis
1443 2033 1609 2067 humiliter
1630 2033 1801 2078 supplicari
1853 2042 2002 2079 assuevera-

1063 2088 1185 2128 secisti,
1220 2093 1253 2120 ut
1279 2087 1310 2120 in
1330 2087 1514 2132 praemissis
1540 2088 1578 2121 de
1608 2087 1803 2131 apostolicae
1819 2075 1857 2115 ¹3:¹1¹?
1868 2069 1911 2120 iiis
1925 2070 2003 2141 iiifiifi'iss

1063 2141 1229 2184 potcstatis
1260 2141 1462 2185 plenitudine
1492 2141 1661 2185 providere
1692 2125 1983 2183 digna-¹¹¹¹¹⁰¹⁰⁰¹⁸⁸⁰'

1063 2205 1181 2229 remur.

1108 2251 1123 2291 ἓ
1141 2249 1171 2281 4.
1193 2249 1255 2282 Nos
1277 2249 1373 2291 igitur
1392 2250 1532 2282 volentes
1550 2254 1579 2281 ut
1602 2248 1631 2281 in
1651 2248 1801 2287 ccelesiis,
1844 2255 1921 2274 ¹'·¹=¹1¹¹=
1939 2261 1957 2274 ω
1975 2254 2000 2274 ⁶¹¹

1818 2281 1837 2300 nt
1849 2281 1940 2305 ‹leb-gat.
1951 2287 2001 2306 apo⁴

1062 2313 1144 2346 quae
1163 2303 1327 2343 orationis,
1351 2313 1414 2335 non
1443 2302 1618 2345 iurgiorum
1635 2308 1663 2335 ct
1682 2302 1798 2341 litium,
1818 2308 2002 2354 {Eftdhtnpsnvedni

1062 2356 1177 2389 domus
1197 2362 1280 2397 sunt⁷
1302 2367 1365 2400 qua
1393 2357 1482 2389 decet
1507 2355 1683 2388 reverentia
1706 2354 1801 2388 Altis—

1062 2409 1142 2441 simo
1165 2410 1336 2442 famulatus
1362 2415 1388 2443 et
1421 2409 1623 2442 sanctissimo
1644 2407 1800 2441 Euchari-

1062 2463 1140 2495 stiae
1157 2463 1366 2497 Sacramento
1385 2463 1510 2496 debitus
1531 2463 1634 2495 cultus
1656 2462 1804 2495 cxliibca-

1065 2522 1131 2556 tur,
1162 2517 1222 2550 tuis
1247 2517 1278 2550 in
1308 2517 1366 2550 bac
1400 2523 1489 2560 parte
1514 2516 1804 2560 supplicationibus

1064 2569 1219 2608 inclinati,
1246 2571 1284 2603 de
1310 2570 1444 2603 consilio
1472 2569 1702 2602 venerabilium
1736 2570 1800 2600 l'ra-

1064 2629 1146 2656 trum
1166 2630 1349 2657 nostrorum
1367 2624 1396 2657 S.
1416 2624 1450 2656 P..
1469 2623 1500 2656 E.
1519 2623 1729 2657 cardinalium
1749 2633 1802 2655 nc-
