2227 3241
54 235 104 262 An.
121 235 152 263 C.
170 235 239 263 1610

885 240 1004 264 PAULUS
1031 241 1049 263 V
1073 240 1123 263 1²1³.

1675 229 1737 262 637

253 285 478 328 religiosorum
505 286 582 320 inibi
609 298 667 331 pro
690 294 833 332 tempore
859 289 993 322 existen·
1028 287 1198 331 posteriori
1220 288 1294 321 <lata
1315 296 1372 331 per
1392 297 1450 331 pro
1470 294 1614 331 tempore
1635 288 1771 320 existen-

253 339 332 372 tium
358 340 595 383 praedictorum
622 341 894 382 substentatione,
918 352 992 375 one·
1030 347 1074 380 tes
1095 341 1314 385 praepositum
1345 347 1373 374 et
1399 341 1566 384 religiosos
1587 341 1770 384 praedictos

253 403 390 437 rumque
427 394 487 426 illis
523 395 777 428 incumbentium
819 401 989 439 supporta-

254 446 359 486 tione,
384 447 492 480 onmia
518 455 547 481 et
568 449 693 490 singula
725 448 936 492 proprietates
963 453 993 481 et

253 499 336 532 bona
351 510 386 533 ac
401 501 533 541 fruetus,
547 501 701 541 redditus,
716 507 899 545 proventus,
914 501 992 542 iura,

253 552 460 587 obventiones
480 560 510 587 ct
530 554 748 588 emolumenta
769 565 993 598 quaecumque

252 605 292 639 ab
319 606 386 650 ipso
406 607 518 640 Carolo
539 608 711 641 Emanuele
733 608 826 648 duce,
849 614 880 640 ut
900 618 992 651 prae-

254 659 371 701 fertur,
396 661 512 694 donata
538 661 599 705 (ita
620 662 706 705 quod
731 661 825 695 liceat
849 672 989 705 praepo-

252 713 312 746 sito
337 724 374 747 ac
405 714 562 757 religiosis
590 725 675 748 nunc
700 721 729 748 et
762 725 821 759 pro
849 721 992 759 tempore

253 767 460 801 existentibus
480 768 653 812 praedictis
677 769 879 812 corporalem
894 797 901 809 ,
925 780 992 802 rea-

254 821 314 854 lem
341 826 370 855 et
404 822 561 855 actualem
593 822 723 855 illorum
750 822 894 855 omnium
920 833 993 866 pos-

252 874 444 916 sessionem,
469 886 527 919 per
546 886 590 916 se,
615 876 662 908 vel
683 875 797 916 alium,
822 886 875 909 seu
898 876 989 916 alios,

252 938 365 961 corum
384 934 414 961 et
434 928 533 972 ipsius
554 929 679 972 collegii
698 929 840 970 nomine,
861 929 991 974 propria

252 982 441 1016 auctoritate
462 982 562 1015 libere
587 983 853 1026 apprehendere,
879 989 908 1016 ct
937 994 992 1027 ap-

252 1035 444 1080 prehensam
481 1042 640 1080 perpetuo
676 1038 833 1075 retinere;
873 1038 993 1071 fructus

252 1100 402 1134 quoque,
426 1090 589 1131 redditus,
614 1097 805 1135 proventus,
830 1091 912 1132 iura,
935 1091 993 1124 oli-

252 1144 416 1177 ventiones
441 1150 471 1177 ct
499 1145 718 1178 emolumenta
744 1156 779 1178 ex
805 1145 849 1178 eis
875 1155 990 1189 prove-

252 1197 373 1231 nientia
393 1208 616 1243 quaecumque
648 1199 825 1243 percipere,
854 1199 990 1241 exigere,

253 1249 368 1291 levare,
396 1262 599 1296 recuperare,
624 1253 729 1286 locare
755 1259 784 1286 et
809 1253 992 1294 arrcndare,

252 1313 288 1337 ac
306 1304 337 1337 in
354 1315 543 1339 communes
561 1305 705 1339 eiusdem
725 1306 850 1348 collegii
870 1317 944 1339 usus
963 1312 994 1340 et

253 1357 422 1392 utilitatem
442 1365 637 1401 convertere,
655 1359 840 1393 Dioecesani
867 1360 926 1393 loci
946 1360 992 1393 vel

253 1412 392 1446 cuiusvis
405 1413 535 1446 alterius
552 1413 681 1447 licentia
703 1414 840 1458 desuper
861 1414 993 1447 minime

252 1466 417 1509 requisita)
430 1472 585 1510 perpetuo
600 1477 728 1511 quoquc
742 1467 882 1511 applices
896 1473 925 1501 et
939 1479 993 1512 ap-

252 1519 417 1563 propries:
443 1526 627 1563 praesentes
640 1531 770 1564 quoque
791 1520 912 1554 litteras
934 1521 992 1554 sub

252 1572 415 1616 quibusvis
436 1573 590 1606 similium
617 1574 662 1607 vel
693 1573 895 1607 dissimilium
922 1585 993 1617 gra-

252 1625 366 1659 tiarum
401 1627 676 1668 revocationibus,
704 1628 989 1671 suspensionibus,

252 1678 508 1721 limitationihus,
534 1680 838 1722 modificationibus,
863 1682 994 1724 deroga-

253 1733 405 1775 tionibus,
429 1740 483 1767 aut
508 1735 578 1768 aliis
604 1735 774 1769 contrariis
803 1736 990 1780 dispositio-

253 1784 363 1825 nibus,
391 1785 487 1818 etiam
513 1797 571 1830 per
596 1797 670 1827 nos,
703 1798 738 1819 ac
769 1797 993 1831 quoscumque

253 1837 332 1871 alios
352 1838 514 1872 Romanos
532 1839 701 1873 Pontifices
717 1851 919 1874 successores
937 1849 994 1874 no-

252 1897 346 1933 stros,
369 1898 401 1926 et
419 1893 534 1926 Sedem
560 1894 770 1938 praedictam,
787 1895 883 1928 etiam
906 1902 993 1928 motu

252 1947 396 1991 propriO,
425 1952 456 1980 et
480 1958 516 1980 ex
541 1950 624 1981 certa
651 1947 800 1990 scientia,
827 1960 863 1981 ac
884 1949 991 1982 consi-

252 2001 424 2036 storialiter
445 2002 552 2043 etiam,
573 2002 631 2035 sub
649 2002 907 2046 quibuscumque
925 2012 994 2035 ver-

253 2054 368 2088 borum
391 2054 513 2095 formis,
531 2066 567 2088 ac
581 2066 616 2088 ex
631 2055 795 2099 quibusvis
816 2055 918 2089 causis
936 2067 994 2100 pro

255 2114 398 2153 tempore
425 2108 602 2149 concessis,
626 2108 684 2142 nisi
706 2108 991 2154 Congregationis,

253 2168 285 2195 et
308 2162 493 2206 praepositi,
513 2173 549 2195 ac
571 2162 794 2205 religiosorum
816 2163 995 2207 praedicto-

254 2225 324 2248 rum
343 2215 383 2248 ad
405 2215 435 2248 id
454 2225 620 2259 expressus
641 2216 806 2249 accesserit
835 2227 991 2256 assensus,

255 2268 387 2301 minime
408 2268 656 2312 comprehendi,
677 2269 749 2309 scd,
771 2269 814 2302 uti
836 2270 874 2303 ad
897 2269 993 2303 divini

254 2322 377 2362 cultus,
406 2322 587 2365 religionis,
611 2333 646 2355 ac
671 2323 831 2356 bonorum
858 2333 993 2367 operum

254 2382 475 2419 augmentum,
499 2376 699 2421 salutemque
720 2377 900 2410 animarum
930 2383 995 2411 ten-

255 2430 528 2480 dentes0sempcr
553 2435 582 2463 ct
607 2430 741 2464 omnino
766 2431 886 2464 abillis
905 2441 995 2465 exce-

253 2489 333 2528 ptas‚
355 2489 394 2526 et,
421 2483 546 2528 quotics
572 2484 644 2517 illae
669 2483 874 2524 emanabunt,
904 2484 995 2518 toties

255 2536 286 2570 in
310 2537 481 2581 pristinum
509 2543 537 2571 et
560 2537 789 2571 validissimum
810 2543 926 2571 statum
947 2548 994 2571 re-

255 2589 390 2632 stitutas,
418 2591 573 2635 repositas
594 2598 624 2625 et
648 2591 791 2635 plenarie
817 2591 993 2634 reintegra-

257 2649 314 2687 tas,
342 2655 377 2677 ac
409 2645 448 2678 de
472 2655 555 2679 novo
580 2645 675 2678 etiam
702 2644 759 2678 sub
787 2654 993 2689 quacumque

1027 394 1185 436 eligenda,
1207 405 1374 427 concessas
1394 405 1461 427 esse
1479 401 1508 427 et
1532 395 1608 435 sore,
1629 405 1768 438 suosque

1027 447 1188 490 plenarios
1213 454 1244 480 et
1273 449 1413 490 integros
1445 448 1574 481 effectus
1604 448 1711 481 sortiri
1738 453 1768 481 et

1028 500 1191 541 obtinere,
1219 501 1328 545 sicque
1353 512 1410 545 per
1435 512 1656 546 quoscumque
1683 501 1765 534 iudi-

1028 565 1078 587 ces
1104 561 1133 588 et
1167 555 1405 589 commissarios
1436 556 1545 599 quavis
1577 555 1766 588 auctoritate

1028 608 1207 650 fungentes,
1236 608 1330 641 etiam
1353 619 1520 642 causarum
1547 608 1657 641 Palatii
1685 610 1767 652 Apo-

1027 659 1130 692 stolici
1151 659 1325 699 auditores,
1350 670 1384 692 ac
1405 660 1434 693 S.
1457 660 1491 692 R.
1516 660 1549 692 E.
1574 659 1764 699 cardinales,

1028 711 1122 744 etiam
1141 712 1180 745 de
1197 713 1296 746 latere
1314 713 1435 754 legatos
1453 718 1484 746 et
1502 713 1702 755 vicelegatos‚
1722 712 1768 745 di-

1028 771 1161 810 ctaeque
1176 766 1266 799 Sedis
1284 766 1419 799 nuncios
1441 766 1574 799 iudicari
1594 772 1623 799 et
1641 766 1766 800 definiri

1028 819 1162 859 debere3
1191 819 1316 852 irritum
1339 830 1468 863 quoque
1495 826 1523 853 et
1550 820 1654 860 inane,
1676 819 1768 863 quid-

1027 872 1104 916 quid
1125 883 1215 905 secus
1235 883 1332 916 super
1351 872 1399 905 liis
1425 884 1441 905 a
1466 884 1629 916 quoquam
1656 872 1767 916 quavis

1028 926 1227 966 auctoritate,
1248 926 1386 959 scienter
1408 926 1453 959 vel
1476 926 1670 969 ignoranter,
1692 937 1768 960 con-

1029 980 1135 1023 tigerit
1153 980 1313 1021 attentari,
1328 980 1438 1013 eadem
1455 980 1643 1014 auctoritate
1659 983 1767 1013 nostra

1028 1034 1192 1067 decernas.

1073 1089 1088 1129 ξ
1106 1087 1136 1120 4.
1157 1088 1225 1121 Non
1247 1087 1447 1121 obstantibus
1478 1089 1637 1121 voluntate
1661 1090 1766 1121 nostra

1027 1141 1201 1185 praedicta,
1223 1153 1259 1174 ac
1280 1141 1501 1175 Lateranensis
1516 1141 1648 1175 Concilii
1664 1142 1768 1174 novis-

1028 1195 1107 1228 sime
1125 1195 1288 1235 celebrati,
1302 1195 1438 1228 uniones
1459 1201 1642 1239 perpetuaS,
1664 1195 1722 1228 nisi
1736 1195 1767 1228 in

1028 1249 1153 1282 casibus
1172 1260 1188 1282 a
1203 1250 1270 1283 iure
1285 1249 1460 1293 permissis,
1473 1249 1542 1282 lieri
1557 1249 1767 1293 prohibentis,

1028 1302 1162 1346 aliisque
1183 1302 1345 1346 quibusvis
1366 1302 1559 1346 apostolicis,
1578 1313 1638 1335 nen
1658 1312 1722 1335 non
1737 1303 1768 1335 in

1028 1356 1278 1399 provincialibus
1300 1362 1327 1390 et
1341 1356 1559 1400 synodalibus,
1584 1356 1770 1389 universali-

1028 1410 1150 1454 busque
1165 1410 1309 1443 conciliis
1323 1410 1426 1449 editis,
1447 1409 1638 1454 specialibus
1653 1411 1698 1443 vel
1717 1421 1771 1453 ge-

1028 1463 1209 1506 neralibus,
1230 1463 1514 1496 constitutionibus
1536 1469 1566 1496 et
1592 1463 1770 1496 ordinatio-

1027 1516 1132 1557 nibus,
1156 1527 1214 1549 nec
1233 1527 1296 1549 non
1321 1516 1508 1550 monasterii
1528 1522 1555 1549 ct
1578 1516 1717 1557 Ordinis,
1735 1527 1770 1550 ac

1027 1570 1180 1603 ecclesiae
1194 1570 1293 1603 sancti
1308 1570 1456 1603 Dalmatii
1471 1570 1668 1609 huiusmodi,
1687 1570 1771 1604 iura-

1028 1630 1147 1664 mento,
1169 1623 1414 1657 confirmatione
1430 1624 1615 1667 apostolica,
1634 1624 1678 1657 vel
1693 1635 1772 1668 qua-

1026 1678 1072 1711 vis
1104 1678 1253 1712 firmitate
1289 1678 1350 1711 alia
1383 1678 1564 1719 roboratis,
1585 1678 1709 1711 statutis
1741 1685 1771 1711 et

1027 1730 1325 1773 consuetudinibus,
1337 1731 1511 1776 privilegiis
1523 1742 1663 1775 quoque,
1674 1732 1771 1765 indul-

1029 1785 1066 1819 tis
1092 1791 1122 1818 et
1141 1785 1255 1819 litteris
1276 1785 1476 1829 apostolicis,
1502 1785 1563 1818 illis
1587 1796 1622 1818 ac
1648 1785 1771 1818 dilectis

1029 1839 1101 1872 filiis
1119 1850 1231 1873 eorum
1250 1840 1472 1883 superioribus
1491 1846 1518 1872 ct
1538 1839 1694 1883 personis,
1711 1839 1770 1872 sub

1029 1893 1288 1937 quibuscumque
1320 1892 1484 1926 tenoribus
1512 1898 1539 1926 et
1577 1892 1705 1932 formis,
1734 1902 1769 1925 ac

1029 1958 1101 1981 cum
1123 1946 1286 1991 quibusvis
1308 1946 1401 1979 etiam
1421 1946 1697 1988 derogatoriarum
1717 1946 1771 1979 de-

1031 2001 1211 2044 rogator-iis,
1236 2000 1370 2044 aliisque
1391 2000 1638 2038 efficacioribus,
1663 1999 1771 2032 effica-

1030 2054 1164 2087 cissimis
1187 2060 1217 2087 et
1245 2053 1379 2087 insolitis
1411 2053 1585 2093 clausulis,
1619 2052 1771 2086 irritanti-

1030 2109 1152 2153 busque
1168 2115 1195 2142 et
1219 2108 1288 2141 aliis
1303 2107 1449 2147 decretis,
1468 2107 1498 2140 in
1524 2118 1641 2150 genere
1667 2107 1713 2140 vel
1739 2106 1769 2139 in

1029 2162 1148 2206 specie,
1171 2162 1267 2195 etiam
1288 2168 1376 2195 motu
1397 2161 1492 2194 simili
1515 2167 1545 2194 et
1564 2160 1769 2194 consistoria-

1030 2214 1113 2256 liter,
1137 2226 1173 2248 ac
1191 2215 1278 2255 alias,
1301 2214 1331 2247 in
1351 2214 1546 2248 contrarium
1570 2214 1675 2247 forsan
1692 2224 1770 2257 quo-

1031 2268 1204 2302 modolibet
1224 2268 1393 2309 concessis,
1413 2268 1610 2302 contii-matis
1629 2273 1657 2300 et
1680 2268 1771 2300 inno-

1031 2322 1118 2355 vatis.
1147 2322 1267 2361 Quibus
1297 2322 1468 2361 omnibus,
1494 2321 1616 2354 etiamsi
1645 2321 1683 2353 (le
1709 2320 1770 2353 illis

1031 2385 1208 2419 eorumque
1235 2376 1307 2409 totis
1330 2375 1494 2408 tenoribus
1520 2374 1677 2418 specialis,
1700 2385 1771 2418 spe-

1030 2428 1132 2469 cifica,
1154 2434 1300 2473 expressa
1323 2435 1353 2461 et
1373 2428 1534 2462 individua
1555 2438 1591 2460 ac
1616 2428 1655 2460 de
1674 2427 1770 2460 verbo

1031 2483 1069 2516 ad
1089 2483 1232 2522 verbum,
1253 2493 1316 2516 non
1337 2489 1443 2515 autem
1465 2493 1524 2526 per
1541 2481 1700 2514 clausulas
1717 2492 1771 2524 ge-

1030 2537 1154 2570 nerales
1183 2537 1266 2570 idem
1302 2537 1532 2580 importantes,
1565 2535 1685 2569 mentio
1713 2546 1770 2569 seu

1030 2589 1160 2633 quaevis
1188 2590 1249 2622 alia
1274 2589 1434 2633 expressio
1465 2588 1612 2622 habenda
1634 2595 1687 2621 aut
1707 2589 1766 2621 ali-

1029 2654 1091 2687 qua
1106 2643 1166 2677 alia
1181 2643 1335 2687 exquisita
1355 2644 1456 2676 forma
1475 2642 1514 2675 ad
1535 2642 1595 2676 boc
1616 2642 1769 2675 servanda

1787 239 1876 267 Aac.
1900 239 1967 266 1610

1811 1100 1902 1129 tigrem-t
1918 1105 1966 1119 cua·

1783 1128 1860 1147 trariis.
