2227 3241
53 247 104 275 An.
120 245 149 274 C.
173 246 241 273 1503

86 1434 207 1456 Exordium.

77 2180 189 2205 Gregorius
201 2180 245 2200 xit!

63 2213 143 2228 eremus
154 2207 187 2227 det
198 2207 247 2227 Tur<

63 2234 102 2254 don
122 2236 142 2253 et
159 2234 183 2254 de
200 2234 247 2254 (ial-

63 2261 152 2286 liquatos
180 2262 247 2281 uuiut

64 2288 83 2308 iu
99 2288 247 2314 congregatiu-

64 2321 117 2336 nem.

868 247 1017 272 CLEMENS
1037 249 1095 273 viu
1116 250 1166 274 Pr.
1696 241 1738 275 39
1785 250 1834 277 Ani
1852 250 1880 278 c.
1904 250 1973 278 1603

253 295 444 328 constitutae
467 295 610 336 munitis,
632 296 743 329 eadem
763 305 895 340 prorsus
916 296 996 329 fides

253 348 447 381 adhibeatur
460 348 491 381 in
510 348 630 382 iudicio
649 355 677 382 et
700 354 798 389 extra,
819 360 902 393 quae
920 349 996 394 ipsis

252 402 476 446 praesentibus
512 403 725 446 originalibus
761 403 972 437 adhiberetur
986 431 993 445 ,

252 456 276 489 si
302 456 407 490 forent
431 456 591 490 exhibitae
617 457 665 490 vel
691 463 849 491 ostensae.

296 511 410 544 Datum
431 510 552 544 Romae
566 511 652 554 apud
672 516 819 544 sanctum
838 511 993 553 Marcum,

253 564 311 597 suh
332 564 452 597 annulo
471 563 652 604 piscatoris,
677 564 728 597 die
754 575 785 598 lx
805 565 997 609 septembris

253 627 355 651 MDcm
367 644 374 658 ,
402 616 610 661 pontificatus
627 617 728 651 nostri
750 628 835 652 anno
848 627 903 652 x11.

289 679 346 706 Dat.
365 679 408 707 die
427 680 444 707 9
463 682 578 715 septem.
602 679 680 714 1603,
702 688 742 707 au.
760 686 803 707 x11.

520 842 723 878 CCCXXVIII.

255 942 421 976 Institutio
461 943 598 976 duorum
632 944 902 977 monasteriorum
937 955 998 988 pro

299 997 468 1031 monachis
500 997 688 1039 reformatis
733 997 868 1032 Ordinis
897 1000 1000 1033 sancti

299 1050 420 1084 Basilii
443 1051 480 1083 in
505 1051 609 1094 requis
633 1051 896 1095 Hispaniarum,
927 1063 999 1086 cum

300 1104 453 1147 facultate
483 1104 663 1148 recipiendi
697 1106 833 1139 novitios
861 1110 889 1139 cc
918 1116 1000 1140 nova

302 1159 393 1199 loca,
441 1168 478 1192 ac
510 1159 700 1201 praefinitio
737 1160 1001 1194 constitutionum

302 1213 407 1247 dictae
430 1212 680 1255 reformationis.

467 1277 602 1328 clemins
617 1301 696 1335 Papa
714 1301 792 1336 VIII,

382 1356 417 1381 ad
437 1357 615 1388 perpetuam
634 1355 678 1382 rei
698 1355 879 1383 memoriam.

302 1424 455 1458 Altissimi
481 1425 705 1469 dispositione,
732 1425 823 1459 cuius
844 1425 1001 1460 inscruta-

258 1477 314 1511 bili
338 1478 541 1522 providentia
562 1478 801 1512 ordinationem
823 1479 1001 1523 suscipiunt

259 1530 425 1572 universa,
453 1531 493 1564 ad
518 1531 717 1575 apostolicae
742 1531 907 1575 dignitatis
933 1532 1001 1576 api-

260 1596 341 1626 cem,
356 1585 432 1618 licet
451 1585 617 1626 immeriti,
633 1585 811 1627 sublimati,
835 1586 876 1619 ad
896 1595 933 1620 ea
949 1596 1001 1620 so-

259 1639 337 1673 liciti
362 1650 492 1684 semper
515 1639 727 1682 intendimus,
754 1651 813 1685 per
837 1651 920 1685 quae
940 1641 1001 1675 Re-

258 1693 450 1736 ligiosorum
479 1693 594 1735 statui,
622 1694 694 1738 paci
719 1700 750 1727 et
776 1694 1000 1738 tranquillitati

259 1752 442 1790 opportune
456 1747 646 1780 consulitur.
674 1748 709 1781 In
734 1747 784 1781 his
804 1758 893 1788 vero,
918 1759 1001 1792 quae

259 1800 299 1833 ad
315 1799 497 1844 primitivae
517 1806 702 1834 sanctorum
721 1801 851 1834 Patrum
871 1801 1002 1844 religio-

258 1854 308 1887 nis
321 1853 540 1887 institutorum
554 1855 684 1897 regulae
693 1854 1003 1897 observantiam7ali-

259 1913 419 1952 quatenus
440 1908 613 1952 collapsam
635 1919 691 1942 seu
712 1909 946 1953 perturbatam,
970 1909 1001 1942 in

259 1961 431 2005 pristinum
447 1963 678 1996 restituendam
700 1963 875 2007 pertinent,
893 1969 1003 1997 aucto-

260 2016 386 2049 ritatem
414 2022 557 2049 nostram
584 2016 724 2049 libenter
750 2016 999 2060 interponimus,

260 2074 359 2113 prout
378 2069 410 2102 in
428 2069 566 2102 Domino
586 2069 759 2102 salubriter
783 2069 1003 2113 conspicimus

262 2124 423 2168 expedire.
797 2126 799 2128 ’

306 2179 321 2220 ᾗ
336 2177 364 2211 1.
378 2178 470 2219 Sane,
484 2188 557 2210 cum
572 2176 671 2210 felicis
686 2177 921 2211 recordationis
932 2178 1005 2212 Gre-

262 2231 370 2274 gorius
388 2231 451 2264 XIII
474 2230 706 2274 praedecessor
721 2236 830 2264 noster
850 2232 915 2265 duo
936 2242 1005 2265 ere-

263 2285 402 2326 mitoria,
431 2285 566 2317 alterum
589 2284 688 2317 eremi
709 2284 761 2317 del
784 2284 1004 2319 TardonCor-

263 2338 427 2377 (tuliensis
456 2338 593 2370 alterum
621 2337 717 2370 Vallis
735 2337 772 2370 (lc
791 2337 1005 2381 Galliquillos

261 2391 457 2435 Hispalensis
469 2391 637 2431 dioecesis,
651 2391 747 2424 ambo
763 2392 919 2424 fundataa
934 2392 1005 2425 Mat-

262 2445 355 2478 tliaeo
369 2445 560 2489 quodamde
575 2445 603 2477 la
617 2446 737 2478 Fuentc
757 2445 796 2478 de
815 2445 1003 2488 Almiruete,

260 2499 432 2533 Toletanae
457 2498 612 2532 dioecesis
626 2498 694 2542 (qui
715 2508 787 2531 cum
810 2498 1002 2542 quibusdam

1029 302 1130 340 perat,
1141 298 1250 342 ibique
1260 308 1373 332 omnes
1384 298 1509 333 divinae
1524 299 1621 333 dediti
1633 305 1773 333 contern-

1030 351 1175 394 plation‘i‚
1192 352 1326 396 proprio
1346 353 1458 386 labore
1475 353 1593 386 victum
1608 359 1769 397 parantes,

1030 415 1206 449 pauperem
1232 406 1328 439 vitani
1345 407 1517 448 ducebant,
1541 407 1722 451 vilibusque
1742 413 1773 440 et

1031 458 1218 502 asperrimis
1234 459 1376 493 vestibus
1391 470 1509 504 corpus
1519 461 1701 501 domantes,
1717 471 1773 494 ne-

1031 522 1094 555 que
1111 512 1332 557 eleemosynas
1348 513 1522 557 petierunt,
1542 524 1651 558 neque
1664 514 1773 547 oblata

1031 565 1237 608 receperunt)
1256 565 1288 597 in
1309 567 1506 599 monasteria
1520 566 1649 601 Ordinis
1669 567 1771 601 sancti

1031 617 1138 651 Basilii
1163 618 1271 661 magni
1297 619 1459 660 erexisset;

1075 672 1133 715 3⁹2.
1147 672 1191 705 Ae
1203 672 1257 705 illa
1271 683 1345 706 curn
1357 674 1420 707 alio
1433 675 1630 709 monasterio
1642 681 1772 709 sanctae
1828 689 1854 708 m
1878 687 1974 708 summa

1031 726 1147 760 Mariae
1165 727 1204 760 de
1222 727 1342 761 Oriedo
1365 728 1556 764 Giennensis
1574 730 1730 764 dioecesis
1755 742 1772 764 a
1787 715 1974 771 {Stltffilffss'ssltlfli

1031 780 1132 814 felicis
1155 781 1391 816 recordationis
1415 782 1471 816 Pio
1483 783 1521 816 IV
1539 784 1630 827 prius
1650 790 1769 826 erecto,
1788 769 1885 792 'mum'

1031 833 1064 866 in
1080 844 1179 867 unam
1197 834 1397 878 provinciam
1418 836 1520 870 sancti
1540 837 1647 871 Basilii
1661 838 1774 882 Hispa-

1031 887 1159 921 niarum
1183 889 1449 933 nuncupandam,
1472 900 1599 924 necnon
1617 891 1688 925 aliis
1706 902 1774 926 mo-

1032 941 1180 975 nasteriis
1205 942 1237 975 in
1261 943 1492 987 Hispaniarum
1517 945 1625 987 regnis
1657 945 1689 978 in
1714 956 1774 990 po-

1032 1000 1153 1029 sterum
1167 997 1392 1031 construendis
1406 998 1453 1041 (ut
1466 998 1505 1032 de
1526 999 1608 1032 sacto
1622 999 1654 1032 in
1669 999 1776 1042 regnis

1032 1050 1186 1084 Castellae
1210 1056 1241 1084 et
1272 1051 1305 1084 in
1332 1051 1462 1085 Boetica
1497 1052 1630 1095 regione
1665 1059 1778 1097 postea

1034 1109 1140 1137 erecta
1164 1104 1268 1148 suere)
1294 1105 1458 1146 univisset,
1493 1110 1589 1150 atque
1620 1106 1679 1140 sub
1700 1107 1778 1141 obe-

1034 1158 1156 1191 dientia
1191 1158 1290 1192 futuri
1321 1159 1446 1193 abbatis
1481 1160 1719 1194 monachorum
1744 1161 1777 1195 in

1034 1211 1125 1245 Italia
1135 1212 1338 1246 existentium
1352 1213 1512 1256 generalis
1524 1213 1774 1259 incorporasset,

1034 1264 1161 1309 aliaque
1185 1266 1326 1310 plurima
1345 1267 1519 1308 statuisset,
1546 1273 1643 1311 prout
1668 1268 1699 1302 in
1723 1269 1777 1303 lit-

1036 1316 1110 1349 teris
1135 1317 1175 1349 ab
1204 1317 1274 1361 ipso
1307 1317 1388 1351 datis
1422 1329 1507 1352 anno
1542 1320 1778 1354 Inearnationis

1033 1368 1220 1403 Dominicae
1237 1369 1411 1404 millesimo
1429 1371 1689 1415 quingentesimo
1707 1384 1779 1418 sep-

1035 1422 1215 1464 tuagesimo
1240 1423 1398 1467 septimo,
1434 1429 1547 1458 octavo
1580 1425 1642 1458 kal.
1676 1426 1751 1459 Julii
1767 1454 1775 1468 ,

1034 1476 1243 1520 pontificatus
1260 1476 1308 1510 sui
1330 1487 1415 1511 anno
1433 1483 1534 1519 sexto,
1555 1478 1684 1522 plenius
1702 1490 1778 1513 con-

1035 1528 1191 1570 tinetur;¹

1079 1583 1094 1626 §
1117 1582 1147 1616 3.
1176 1583 1320 1628 Cumque
1345 1595 1382 1618 ex
1407 1584 1491 1618 dicta
1516 1585 1637 1619 unione
1658 1586 1779 1620 multae
1847 1599 1897 1629 ind-0
1917 1602 1978 1621 oriae

1035 1636 1260 1670 contentiones
1278 1637 1361 1671 inter
1378 1637 1481 1671 dictae
1501 1638 1688 1683 provinciae
1710 1650 1778 1673 mo-
1794 1628 1948 1651 ⁰⁰¹¹¹⁰¹¹⁰⁰⁰⁶⁸²

1035 1689 1156 1723 nachos
1175 1701 1274 1734 super
1294 1691 1391 1724 modo
1409 1691 1534 1725 vivendi
1554 1697 1684 1726 exortae
1704 1693 1778 1727 suis-

1035 1749 1115 1785 sent‚
1144 1749 1319 1788 propterea
1344 1745 1431 1789 quod
1453 1746 1562 1779 omnia
1583 1746 1645 1780 alia
1666 1758 1779 1781 mona-

1035 1798 1141 1840 steria,
1156 1798 1219 1832 illis
1233 1798 1360 1832 duobus
1378 1809 1395 1832 a
1412 1799 1497 1833 dicto
1523 1800 1681 1834 Matthaeo
1706 1801 1778 1834 sun-

1036 1852 1117 1885 datis
1131 1852 1231 1895 unita,
1245 1863 1280 1886 ex
1293 1853 1506 1898 eleemosynis
1520 1853 1607 1897 (licet
1621 1855 1779 1888 nonnulla

1035 1906 1153 1950 partim
1176 1917 1213 1939 ex
1234 1906 1321 1951 ipsis,
1345 1906 1462 1950 partim
1485 1918 1520 1940 ex
1540 1907 1714 1953 industria)
1734 1909 1779 1942 vi-

1037 1959 1198 2000 etitarent;

1082 2014 1150 2058 gli.
1179 2014 1349 2058 Multisque
1385 2015 1424 2048 ad
1457 2015 1535 2049 tales
1556 2016 1779 2051 contentiones
1812 2027 1978 2063 οικωυυηψοιιι

1037 2068 1195 2101 sedandas
1221 2068 1439 2102 visitatoribus
1460 2075 1489 2102 et
1511 2069 1779 2105 reformatoribus
1795 2060 1834 2074 ’ΝΠ
1851 2055 1956 2079 ‘mmm'

1038 2122 1223 2166 apostolicis
1247 2133 1306 2166 per
1330 2123 1467 2156 nuncios
1498 2129 1628 2157 nostros
1661 2124 1776 2166 missis,

1038 2176 1145 2208 nullus
1170 2186 1325 2219 umquam
1359 2186 1412 2210 eas
1437 2177 1570 2210 omnino
1595 2178 1776 2218 sedaverit,

1038 2239 1143 2273 neque
1168 2229 1289 2263 dietum
1316 2230 1495 2264 institutum
1521 2231 1622 2264 sant-ti
1654 2232 1777 2271 Basilii,

1039 2283 1077 2317 de
1103 2283 1284 2317 laborando
1312 2284 1459 2317 manibus
1489 2290 1519 2318 et
1544 2296 1608 2318 non
1633 2286 1781 2329 petendis

1038 2338 1260 2382 eleemosynis,
1282 2337 1312 2370 in
1331 2338 1400 2371 aliis
1418 2339 1622 2372 monasteriis
1640 2339 1779 2383 potuerit

1038 2391 1172 2423 omnino
1198 2392 1418 2430 introducere·⁷

1082 2444 1097 2487 ἓ
1122 2444 1152 2478 ἶ».
1181 2445 1256 2479 Cum
1284 2445 1384 2479 immo
1406 2445 1437 2478 in
1455 2456 1520 2478 uno
1546 2446 1674 2479 illorum
1701 2447 1780 2480 duo-
1830 2453 1981 2474 ³¹·*¹¹d>⁸⁰ri¹¹·1¹

1795 2482 1866 2500 autem
1889 2481 1913 2500 de
1934 2480 1981 2500 Ga!-

1039 2509 1110 2531 rum
1132 2499 1171 2531 (le
1189 2499 1276 2532 Valle
1297 2499 1336 2532 de
1356 2499 1556 2541 Galliguillos
1577 2505 1776 2544 nuncupato,
1795 2506 1886 2535 ‘utullus
1905 2513 1917 2526 ³
1940 2508 1981 2532 rri-

1796 2540 1828 2553 niu
1839 2536 1935 2554 instituto
1946 2534 1982 2554 «10⁴

261 2551 355 2585 sociis
373 2551 440 2585 Deo
457 2552 584 2595 placere
605 2557 635 2584 et
658 2557 844 2585 sanctorum
859 2552 1000 2593 patrum,
1039 2551 1168 2584 mutatis
1186 2552 1225 2585 ad
1248 2552 1325 2585 illud
1348 2552 1485 2584 aliorum
1507 2553 1778 2586 monasteriorum
1796 2560 1885 2581 fecerat-

262 2604 294 2637 in
305 2605 536 2638 solitudinibus
561 2605 753 2646 errantium,
771 2605 897 2638 vivendi
916 2605 1004 2639 insti-

1074 2624 1083 2650 1
1108 2623 1267 2651 Huiusmodi
1293 2624 1399 2651 litterae
1422 2632 1475 2652 non
1496 2623 1630 2652 habentur
1650 2625 1676 2652 in
1699 2625 1776 2652 Ball.

262 2663 365 2691 tutum
379 2658 496 2692 imitari
519 2659 724 2703 cupientibus
745 2659 785 2693 ad
805 2659 859 2693 illa
872 2669 905 2693 se
918 2669 1002 2694 rece·
1034 2668 1072 2703 (a.
1089 2669 1136 2703 τ.).
