2227 3241
276 281 324 308 An.
341 282 370 309 c.
392 280 461 309 1605
506 271 570 306 208

345 1246 463 1272 Applicatio

279 1273 418 1299 quorumdam
427 1273 463 1293 tve-

277 1299 400 1320 nefieiorum
407 1299 463 1321 Sede

279 1328 369 1346 vacante
379 1328 463 1347 vacato-

279 1358 323 1372 rum
347 1353 462 1378 praedicti>

279 1380 421 1400 cont-tamin.

476 331 670 374 illorumque
697 329 871 374 privilegiis
894 329 956 369 uti,
985 340 1021 363 ae
1041 330 1073 363 in
1094 330 1213 364 eisdem

477 383 657 424 ordinibus,
672 382 767 416 etiam
787 382 817 415 iu
836 383 944 416 altaris
959 383 1146 425 ministerio,
1161 384 1214 417 mi-

477 436 624 476 nistrare,
646 446 771 470 necnon
799 447 1022 481 quaecumque
1043 444 1074 470 et
1093 438 1214 482 qualia—

477 500 626 533 cumque,
647 500 719 522 cum
734 492 810 523 cura
824 496 852 523 et
871 490 939 523 sine
953 494 1041 531 cura,
1057 491 1214 525 beneficia

477 542 707 583 ecclesiastica,
731 543 855 577 etiamsi
887 549 1087 587 personatus,
1112 544 1214 577 admi-

476 595 682 629 nistrationes
711 602 741 629 et
771 596 896 638 osticia,
931 598 1026 631 etiam
1049 604 1158 632 curata
1184 604 1215 632 et

477 649 621 690 electiva,
646 650 676 682 in
692 650 931 684 cathedralibus
949 656 980 684 et
997 652 1214 696 metropolita-

477 702 525 735 nis
556 703 603 736 vel
639 703 815 745 collegiatis
844 705 985 737 ecclesiis
1018 707 1094 747 (seu
1118 715 1213 749 paro-

477 755 596 789 chiales
621 756 791 797 eeclesiae,
823 757 870 790 vel
900 768 1009 791 earum
1040 765 1215 803 perpetuae

476 809 623 850 vicariae,
651 820 687 843 ac
712 810 918 844 canonicatus
943 816 971 844 et
997 812 1211 855 praebendae,

477 873 602 896 necnon
616 862 796 906 dignitates,
811 874 874 897 non
890 870 994 898 tamen
1009 865 1215 910 principales,

478 915 509 949 in
523 916 698 959 collegiatis
712 917 854 951 ecclesiis
872 917 1057 952 huiusmodi
1073 919 1215 962 fuerint),

477 969 502 1002 si
523 969 583 1003 sibi
596 969 672 1004 alias
686 971 840 1005 canonice
854 972 1071 1013 conferantur,
1086 979 1141 1006 aut
1156 974 1214 1018 ipsi

478 1022 649 1066 eligantur,
677 1030 934 1068 praesententur,
962 1027 1010 1060 vel
1033 1027 1110 1060 alias
1130 1038 1215 1061 assu-

478 1083 607 1111 mantur
623 1079 662 1112 ad
684 1078 748 1119 illa,
767 1085 797 1112 et
811 1079 1019 1113 instituantur
1034 1080 1064 1113 in
1079 1081 1211 1122 eisdem,

478 1131 621 1175 recipere
635 1137 666 1165 et
679 1132 817 1166 retinere
831 1133 931 1166 libere
944 1138 974 1166 et
987 1133 1071 1167 licite
1081 1135 1215 1168 valeant.

523 1185 538 1228 ξ
569 1184 598 1217 6.
634 1186 765 1219 Necnon
797 1186 906 1219 omnia
936 1192 965 1220 et
994 1197 1216 1231 quaecumque

478 1238 635 1272 beneficia
653 1239 879 1280 ecclesiastica,
903 1251 975 1273 cum
997 1243 1071 1274 cura
1095 1247 1124 1274 et
1149 1242 1217 1275 sine

478 1295 565 1332 cura,
588 1293 766 1326 saecularia
791 1298 821 1326 et
850 1294 1037 1337 quorumvis
1061 1294 1216 1328 Ordinum

479 1346 649 1386 regularia,
674 1346 704 1379 in
726 1347 889 1390 quibusvis
910 1347 1101 1388 civitatibus,
1123 1348 1214 1382 dioe-

478 1399 602 1433 cesibus
628 1406 657 1432 et
686 1401 764 1433 locis
789 1411 1071 1446 quorumcumque
1105 1412 1218 1444 regno-

477 1463 570 1493 rum,
604 1453 844 1497 provinciarum
875 1460 905 1487 et
933 1455 1153 1488 dominiorum
1183 1467 1217 1490 ac

478 1503 720 1546 insularum,¹et
742 1507 819 1540 alias
840 1508 974 1540 ubilibet
997 1508 1214 1550 consistentia,

478 1566 508 1592 et
529 1561 567 1593 ad
589 1571 870 1605 quorumcumque
891 1562 1083 1595 collatorum
1109 1572 1218 1596 saecu-

478 1613 595 1646 larium
609 1619 640 1647 et
652 1614 840 1658 quorumvis
852 1614 1008 1648 Ordinum
1021 1615 1217 1657 regularium

478 1667 682 1701 collationem
698 1695 704 1707 ,
733 1668 948 1711 provisionem
965 1696 972 1709 ,
1002 1669 1191 1703 electionem
1209 1698 1215 1711 ,

478 1721 784 1764 praesentationem,
805 1731 860 1754 seu
882 1722 1027 1766 quamvis
1048 1722 1143 1755 aliam
1158 1723 1219 1756 dis-

479 1774 674 1818 positionem
696 1774 901 1818 pertinentia,
926 1775 1049 1808 etiamsi
1070 1776 1216 1809 saecula-

480 1827 538 1867 ria,
551 1827 758 1861 canonicatus
772 1834 802 1861 et
813 1828 1026 1872 praebendae,
1040 1828 1220 1871 dignitates,

479 1880 573 1914 etiam
593 1881 742 1924 maiores,
756 1887 954 1926 personatus,
969 1882 1221 1916 administratio-

478 1944 534 1968 nes
552 1940 582 1967 et
601 1935 719 1975 officia,
740 1935 834 1968 etiam
854 1941 963 1968 curata
978 1941 1006 1969 et
1022 1935 1164 1977 electiva,
1188 1936 1219 1968 in

478 1987 726 2029 cathedralibus,
748 1989 842 2022 etiam
866 1989 1135 2033 metropolitanis,
1159 2000 1218 2033 pa-

479 2043 676 2076 rochialibus
698 2043 744 2076 vel
765 2043 836 2076 aliis
857 2043 1010 2084 ecclesiis,
1035 2055 1071 2077 ac
1089 2044 1221 2087 praesti-

479 2096 588 2130 monia
608 2107 664 2130 seu
685 2097 963 2141 praestimoniales
984 2097 1163 2141 portiones,
1191 2103 1222 2130 et

479 2155 635 2194 perpetua
656 2161 692 2183 ac
712 2150 893 2194 simplicia,
919 2150 1014 2183 etiam
1041 2151 1218 2192 servitoria,

479 2203 637 2237 beneficia
657 2204 883 2244 ecclesiastica,
907 2214 971 2237 non
994 2210 1099 2238 tamen
1125 2215 1220 2248 paro-

481 2257 600 2291 chiales
621 2257 792 2295 eeclesiae,
825 2257 872 2289 vel
905 2267 1015 2289 earum
1047 2263 1222 2301 perpetuae

482 2310 617 2344 vicariae
644 2310 707 2353 (ita
734 2315 840 2343 tamen
863 2316 897 2343 ut
926 2310 951 2343 si
977 2321 1074 2354 super
1094 2311 1221 2344 illarum

481 2364 648 2404 fructibus
667 2363 846 2397 redditibus
868 2369 897 2396 et
917 2364 1129 2407 proventibus
1145 2375 1223 2408 pen-

480 2417 587 2451 siones
612 2416 739 2461 aliquae
767 2417 990 2460 imponantur,
1023 2418 1055 2450 in
1081 2418 1222 2452 savorem

481 2470 762 2510 conclavistarum,
784 2475 813 2503 et
829 2480 894 2503 non
912 2471 1048 2503 aliorum
1068 2472 1223 2504 reservari

481 2524 643 2566 debeant),
665 2523 824 2566 regularia
837 2534 922 2563 vero,
944 2524 1114 2567 prioratus,
1132 2534 1222 2568 prae-

481 2577 661 2620 positurae,
685 2577 942 2621 praepositatus,
966 2577 1221 2621 praeceptoriae,

482 2630 663 2672 dignitates,
685 2640 749 2664 non
768 2636 873 2664 tamen
893 2631 1132 2672 conventuales,
1153 2641 1225 2675 pcr-

483 2689 624 2725 sonatus,
642 2683 939 2718 administrationes
954 2684 1001 2718 vel
1023 2683 1141 2725 officia,
1159 2694 1224 2718 non

1056 282 1236 308 BULLARIUM
1261 282 1412 308 nomnen

1249 336 1355 365 tamen
1375 331 1568 372 claustralia,
1596 341 1632 365 ac
1656 338 1765 365 curata
1789 338 1820 366 et
1840 332 1983 374 electiva,

1248 390 1302 417 aut
1322 385 1402 425 loca,
1424 389 1455 417 et
1474 384 1677 418 canonicales
1698 385 1864 429 portiones
1883 387 1916 420 in
1937 398 1986 420 ec-

1249 437 1352 470 clesiis
1374 437 1622 479 cathedralibus,
1647 438 1741 471 etiam
1764 440 1985 483 metropolita-

1249 490 1297 522 nis
1322 491 1368 523 vel
1395 490 1483 531 aliis,
1512 496 1566 523 aut
1591 492 1811 533 monasteriis,
1836 503 1891 526 seu
1916 493 1987 527 aliis

1249 543 1327 576 locis
1348 543 1560 586 regularibus,
1584 550 1637 577 aut
1658 545 1719 578 alia
1739 545 1896 579 beneficia
1918 547 1987 580 sue-

1248 596 1322 636 rint,
1347 606 1428 640 quae
1451 603 1580 630 vacante
1601 598 1681 631 Sede
1706 599 1870 642 praedicta
1890 610 1984 632 vaca—

1249 650 1335 691 bant,
1354 655 1386 683 et
1405 661 1506 694 usque
1527 651 1565 684 ad
1585 651 1668 685 diem
1687 652 1914 696 assumptionis
1930 663 1987 686 no-

1249 708 1331 736 strae
1346 703 1386 736 ad
1405 703 1628 747 pontificatum
1644 711 1845 747 vacaverunt,
1863 706 1987 740 etiamsi

1250 755 1452 799 dispositioni
1485 757 1679 801 apostolieae
1708 759 1911 802 specialiter,
1940 761 1987 793 vel

1250 808 1345 842 etiam
1370 809 1494 843 ratione
1521 810 1690 847 mensium.
1712 811 1743 844 in
1764 811 1881 856 quibus
1898 823 1989 846 vaca-

1250 863 1363 903 verint,
1388 868 1441 896 aut
1462 863 1636 897 vacationis
1665 864 1792 898 illorum
1818 865 1904 909 apud
1928 865 1986 899 Se-

1251 917 1322 950 dem
1348 917 1567 961 praedictam,
1603 922 1657 950 aut
1681 917 1906 952 familiaritatis
1930 929 1988 952 no-

1250 976 1333 1003 strae
1349 997 1356 1010 ,
1384 980 1440 1003 seu
1465 971 1750 1013 praedecessorum
1779 976 1963 1005 nostrorum
1979 999 1986 1013 ‚

1251 1029 1305 1057 aut
1322 1024 1509 1068 quorumvis
1534 1024 1563 1057 S.
1586 1025 1621 1058 R.
1643 1025 1675 1058 E.
1701 1024 1913 1059 cardinalium
1936 1025 1990 1059 de-

1250 1080 1447 1118 functorum,
1468 1083 1522 1111 aut
1540 1078 1636 1112 etiam
1657 1078 1698 1111 ad
1717 1078 1879 1112 Ecclesiae
1901 1079 1987 1112 mili-

1253 1131 1346 1164 tantis
1366 1131 1532 1174 regiminis
1557 1131 1840 1176 assumptionem¹,
1865 1131 1990 1166 etiamsi

1252 1196 1287 1218 ex
1302 1185 1448 1229 personis
1468 1185 1558 1219 Sedis
1575 1186 1759 1229 praedictae
1780 1186 1992 1228 notariorum,

1252 1239 1473 1280 collectorum,
1494 1239 1541 1273 vel
1562 1239 1700 1273 aliorum
1720 1239 1917 1282 officialium,
1937 1247 1992 1275 aut

1253 1292 1347 1326 etiam
1370 1293 1530 1326 dictorum
1553 1293 1778 1334 cardinalium,
1794 1304 1849 1327 seu
1864 1294 1942 1328 alias
1955 1305 1991 1328 cx

1253 1356 1457 1391 quacumque
1475 1347 1703 1387 reservatione,
1720 1348 1815 1381 etiam
1834 1346 1874 1381 de
1887 1358 1992 1381 neees-

1253 1400 1344 1434 sitate
1365 1407 1395 1434 et
1415 1400 1599 1444 dispositive
1619 1401 1839 1445 exprimenda,
1857 1412 1992 1444 genera-

1253 1454 1325 1487 liter
1341 1459 1500 1487 reservata
1514 1459 1545 1487 et
1561 1454 1674 1487 affecta
1688 1454 1834 1495 existant,
1845 1460 1875 1488 et
1888 1455 1992 1489 eidem

1253 1507 1455 1551 dispositioni
1469 1508 1663 1552 apostolicae
1677 1518 1742 1542 non
1757 1514 1917 1542 reservata
1932 1519 1992 1543 nec

1254 1561 1383 1601 affecta,
1409 1572 1552 1594 annuum
1575 1568 1682 1596 tamen
1708 1563 1850 1595 valorem
1872 1563 1992 1597 ducen-

1255 1620 1360 1647 torum
1383 1615 1577 1648 ducatorum
1603 1616 1673 1648 auri
1703 1616 1741 1649 de
1770 1615 1901 1650 Camera
1927 1626 1993 1650 non

1255 1669 1451 1709 excedentia,
1476 1674 1507 1702 et
1528 1669 1566 1702 de
1585 1669 1702 1713 quibus
1723 1669 1879 1702 ordinarii
1898 1670 1995 1703 colla-

1256 1728 1352 1762 tores,
1378 1728 1522 1766 tempore
1540 1722 1769 1767 assumptionis
1787 1729 1916 1757 nostrae
1935 1723 1995 1757 bu-

1255 1775 1415 1816 iusmodi,
1437 1775 1526 1808 nullo
1548 1776 1645 1809 modo
1666 1776 1713 1809 vel
1735 1775 1866 1810 nulliter
1892 1781 1923 1810 et
1955 1776 1994 1810 de

1254 1828 1336 1862 sacto
1363 1829 1614 1872 disposuerunt,
1647 1829 1730 1863 inter
1755 1829 1841 1873 ipsos
1860 1830 1992 1863 concla-

1254 1882 1349 1916 vistas
1363 1883 1478 1916 aliasve
1491 1892 1655 1926 personas,
1676 1883 1714 1916 ab
1729 1883 1850 1917 eisdem
1869 1884 1996 1923 concla-

1255 1936 1341 1969 vistis
1361 1947 1416 1969 seu
1434 1946 1492 1980 per
1509 1935 1579 1969 illos
1597 1936 1756 1980 deputatis
1769 1937 1993 1978 nominandas,

1256 1996 1287 2024 et
1306 2000 1369 2022 non
1387 1989 1464 2022 alias
1478 1989 1711 2030 distribuenda,
1729 1990 1814 2024 iuxta
1827 1990 1995 2034 providam

1256 2042 1518 2077 distributionem
1540 2048 1570 2076 et
1591 2043 1781 2076 divisionem
1814 2054 1871 2088 per
1889 2044 1993 2088 depu-

1256 2102 1338 2130 tatos
1351 2107 1367 2129 a
1382 2096 1584 2130 conclavistis
1597 2096 1782 2130 huiusmodi
1799 2097 1992 2139 faciendam,

1256 2152 1293 2183 ea
1312 2149 1437 2183 ratione
1459 2149 1578 2189 habita,
1604 2155 1639 2182 ut
1662 2149 1819 2183 beneficia
1839 2150 1908 2194 ipsa
1927 2150 1998 2184 ido-

1257 2203 1324 2236 neis
1348 2202 1549 2236 conclavistis
1570 2203 1795 2244 conserantur,
1824 2203 1850 2236 si
1874 2203 1997 2237 habiles

1256 2256 1472 2300 reperiantur,
1496 2256 1551 2300 qui
1574 2261 1650 2289 tunc
1667 2256 1699 2289 in
1717 2256 1868 2290 omnibus
1893 2257 1994 2291 bene-

1257 2310 1337 2344 ficiis
1358 2310 1544 2344 huiusmodi
1565 2310 1824 2354 quibuscumque
1844 2310 1915 2346 aliis
1932 2320 1997 2344 non

1257 2363 1457 2397 conclavistis
1486 2363 1728 2407 praeferantur;
1752 2364 1840 2407 quod
1865 2363 1890 2396 si
1922 2373 1998 2397 con-

1258 2416 1407 2451 clavistae
1428 2416 1534 2450 idonei
1561 2416 1599 2449 ad
1622 2416 1733 2449 eadem
1759 2416 1919 2450 beneficia
1939 2417 1997 2450 ob-

1258 2469 1389 2503 tinenda
1407 2469 1578 2508 defuerint,
1602 2479 1658 2502 seu
1679 2469 1733 2502 illa
1754 2474 1922 2513 acceptare
1941 2479 1999 2503 no-

1258 2523 1398 2564 luerint,
1433 2528 1509 2556 tunc
1539 2522 1710 2567 pensiones
1742 2532 1867 2556 annuae
1902 2533 1999 2567 super

1259 2576 1416 2610 fructibus
1431 2603 1438 2617 ,
1461 2576 1642 2610 redditibus
1662 2581 1693 2609 et
1712 2576 1933 2620 proventibus,
1962 2586 1998 2609 ac

1259 2630 1354 2664 etiam
1376 2629 1656 2663 distributionibus
1682 2629 1890 2672 quotidianis,
1914 2629 1999 2662 aliis-

1296 2694 1305 2719 1
1330 2692 1429 2720 Forsan
1444 2691 1551 2727 legend.
1566 2692 1693 2726 reyimen
1707 2691 1912 2727 assumptionis
1921 2691 1996 2727 (ns).

1999 284 2048 311 An.
2065 286 2095 313 C.
2116 286 2181 316 1605
