2227 3241
262 275 311 304 Λιι.
324 276 352 305 C.
375 275 442 305 1603
488 267 530 301 48

274 1508 356 1537 Poenas
369 1507 441 1537 decer-

259 1537 290 1555 nit
305 1537 378 1555 contra
398 1540 441 1555 tuo·

259 1561 376 1582 hedit-ntes.

457 324 587 370 prodire
602 324 715 364 solent,
733 322 830 367 quieti
844 321 1029 366 prospicere
1042 321 1193 363 volentes;

458 385 547 412 motu
567 377 710 422 proprio,
734 386 798 409 non
819 376 858 408 ad
879 375 1039 408 dictorum
1061 375 1195 409 fratrum

458 437 512 464 aut
544 431 679 464 aliorum
715 429 916 470 instantiam,
948 429 1004 463 sed
1038 439 1075 462 ex
1110 435 1196 463 certa

457 490 566 518 nostra
591 483 733 523 scientia,
761 493 797 516 ac
822 483 861 515 de
886 483 1082 526 apostolicae
1107 489 1197 526 potc-

457 538 544 571 statis
560 537 771 582 plenitudine,
792 537 906 569 harum
928 537 1009 570 serie
1027 536 1197 570 statuimus

458 597 488 624 ct
512 590 709 630 ordinamus,
738 595 773 623 ut
791 590 955 634 perpetuis
978 590 1092 624 suturis
1118 595 1198 623 tem-

456 643 588 688 poribus
608 643 685 676 dicti
705 643 817 677 fratres
836 643 1076 677 Praedicatores
1096 643 1197 677 saneti

456 696 613 731 Dominici
639 706 711 730 cum
737 699 839 741 cappa
858 697 961 740 nigra,
989 698 1101 730 fratres
1122 707 1197 731 vero

457 750 614 784 Eremitae
639 750 668 784 S.
686 751 855 793 Augustini
876 761 949 784 cum
976 751 1082 784 tunicii
1100 751 1197 785 etiam

456 804 565 846 nigra,
593 804 632 837 ad
657 801 758 837 i'nstar
792 804 1000 848 propriarum
1037 804 1195 838 constitu-

456 856 579 890 tionum
604 857 687 901 <non
707 857 810 890 solum
833 857 865 889 in
885 856 977 890 dictis
1001 857 1119 899 regnis,
1142 857 1198 891 sed

456 911 575 955 ubique
600 910 765 954 locorum)
802 916 864 944 tam
892 911 923 943 in
948 911 1090 955 propriis
1115 921 1194 944 con-

455 964 601 998 ventibus
621 969 652 998 et
672 963 815 998 ecclesiis
833 974 887 997 eos
908 970 996 997 actus
1017 970 1194 1005 exerceant,

456 1018 487 1052 in
502 1017 618 1063 quibus
639 1017 785 1051 habitum
800 1017 929 1060 nigrum
953 1018 1198 1052 constitutiones

456 1071 567 1105 iubent
592 1071 754 1112 adhiberi,
790 1071 964 1116 praecipue
988 1082 1063 1106 vero
1089 1072 1120 1105 in
1146 1083 1198 1105 ec-

457 1124 565 1166 clesia,
596 1125 672 1171 dum
703 1125 918 1159 confessiones
942 1125 1091 1167 audiunt,
1124 1136 1199 1160 con-

457 1179 565 1213 ciones
584 1189 641 1213 seu
660 1179 815 1213 lectiones
835 1180 875 1213 ad
892 1180 1050 1224 populum
1068 1179 1198 1222 habent,

456 1244 554 1278 quarn
587 1239 676 1268 extra
706 1234 844 1267 claustra
873 1233 904 1267 in
938 1234 1199 1278 quibuscumque

456 1287 637 1320 actionibus
661 1292 692 1320 et
716 1287 946 1328 functionibus,
975 1288 1071 1321 etiam
1096 1288 1128 1320 in
1149 1288 1199 1321 iti-

456 1351 533 1374 nere
546 1346 576 1374 et
589 1340 629 1374 ad
646 1340 788 1384 praedia,
806 1341 880 1374 licet
900 1341 1046 1382 urbibus,
1071 1341 1199 1385 oppidis

457 1399 511 1427 aut
535 1394 737 1427 monasteriis
761 1394 939 1435 vicinioria,
957 1393 1072 1427 aninii¹
1097 1394 1200 1436 gratia

457 1448 657 1489 accedentes,
685 1458 813 1492 semper
838 1448 988 1482 incedere
1010 1448 1149 1481 debeant
1169 1453 1200 1481 et

458 1507 637 1535 teneantur.
666 1503 711 1535 Ac
734 1507 907 1546 propterea
930 1502 963 1535 in
987 1502 1104 1536 virtute
1128 1512 1200 1535 san·

457 1562 526 1589 ctae
551 1556 756 1590 obedientiae
785 1556 844 1589 sub
870 1556 1101 1599 indignationis
1140 1566 1199 1589 no-

456 1616 540 1644 strae
572 1612 675 1654 poena
713 1609 833 1643 eisdem
868 1609 1037 1653 utriusque
1072 1609 1200 1643 Ordinis

457 1663 607 1696 fratribus
628 1662 801 1696 districtius
819 1662 1002 1695 inhibemus
1019 1672 1059 1695 ne
1080 1662 1200 1706 absque

456 1717 568 1750 habitu
593 1717 703 1759 nigro,
735 1716 865 1760 utrique
888 1716 999 1750 Ordini
1028 1716 1200 1750 constituto

458 1782 494 1804 ac
529 1770 680 1815 propriae
720 1770 928 1814 professionis
968 1770 1198 1814 protestativo,

459 1824 554 1858 etiam
581 1825 657 1858 dum
689 1824 722 1856 in
752 1823 964 1857 conventibus
995 1829 1026 1856 et
1057 1823 1202 1857 ecclesiis

460 1878 659 1922 supradictas
681 1878 822 1911 actiones
840 1882 1001 1917 exercent,
1021 1887 1127 1921 neque
1143 1887 1199 1910 ex-

461 1937 508 1964 tra
526 1932 673 1972 claustra,
701 1937 929 1975 praeterquam
956 1930 988 1963 in
1013 1929 1147 1964 aedibus
1173 1936 1204 1963 et

462 1983 622 2017 viridariis
646 1984 853 2027 praediorum
879 1994 1031 2024 suorum,
1058 1984 1125 2017 ullo
1145 1994 1204 2016 un-

463 2048 559 2080 quam
581 2043 737 2080 tempore,
758 2044 812 2071 aut
832 2038 945 2081 quovis
964 2042 1132 2081 praetextu
1149 2047 1204 2080 pa-

463 2095 567 2123 tenter
592 2091 811 2132 deambulare;
839 2097 870 2124 et
889 2091 1024 2124 ulterius
1045 2090 1204 2133 dictorum

463 2144 619 2177 Ordinum
646 2144 865 2188 superioribus
896 2150 926 2178 et
952 2144 1103 2177 fratribus
1127 2144 1202 2177 uni—

463 2198 563 2231 versis
584 2203 614 2230 et
634 2198 766 2240 singulis
783 2198 841 2231 sub
863 2197 1206 2232 excommunicationis

465 2252 547 2285 latae
583 2251 760 2284 sententiae
791 2255 893 2295 poena
927 2262 964 2285 eo
996 2252 1065 2295 ipso
1097 2251 1206 2285 incur-

465 2305 566 2338 renda
591 2305 792 2345 mandamus,
810 2316 849 2338 ne
863 2305 1014 2348 deinceps
1032 2305 1064 2337 in
1088 2315 1206 2349 perpe-

466 2364 555 2391 tuum
596 2369 692 2402 super
722 2358 784 2391 hoc
820 2358 907 2391 litem
942 2365 996 2392 aut
1025 2359 1206 2393 molestiam

466 2412 620 2455 aliquam,
648 2412 831 2455 superiores
856 2412 1010 2445 nimirum
1040 2418 1071 2445 et
1096 2413 1208 2446 fratres

466 2465 593 2498 Ordinis
628 2465 891 2498 Praedicatorum
925 2465 1146 2509 superioribus
1179 2471 1209 2499 et

468 2518 619 2551 tratribus
643 2518 772 2551 Ordinis
804 2518 1037 2558 Eiemitarum,
1075 2529 1133 2551 nec
1164 2519 1209 2551 vi-

469 2571 573 2603 cissim
599 2571 782 2615 superiores
803 2576 833 2604 et
857 2572 970 2604 fratres
991 2571 1117 2604 Ordinis
1136 2572 1209 2605 Ere-

1039 271 1221 298 BULLARIUM
1241 272 1395 299 ROMANUM

1986 274 2076 303 An.G.
2101 276 2169 304 1603

1230 321 1381 356 mitarum
1411 322 1487 367 ipsis
1516 322 1738 366 superioribus
1767 329 1798 357 et
1822 323 1971 358 fratribus

1230 375 1356 409 Ordinis
1367 376 1630 409 Praedicatorum
1642 375 1840 419 huiusmodi,
1854 377 1971 411 inferre

1230 430 1369 463 audeant
1393 440 1449 463 seu
1474 435 1691 474 praesumant.

1274 484 1289 526 ,ξ
1315 483 1344 516 7.
1372 484 1434 517 Nos
1459 483 1544 516 enim
1563 492 1803 527 quamcumque
1815 483 1905 517 litem
1919 495 1971 518 su·
2012 496 2110 527 Panthu}
2135 503 2171 528 ⁴01¹·-

1230 547 1287 580 per
1310 537 1371 570 hoc
1384 542 1505 570 motam
1523 537 1563 570 ad
1581 547 1640 570 nos
1662 536 1777 570 harum
1795 537 1877 571 serie
1896 548 1971 571 avo·
1986 526 2117 572 ffifflifflmfu
2134 527 2171 545 '⁰¹²

1231 600 1351 631 camus,
1368 590 1522 634 illamque
1542 590 1670 634 penitus
1692 590 1918 633 extinguimus,
1936 601 1972 624 ac

1231 644 1361 688 utrique
1389 644 1472 688 parti
1497 655 1555 688 per
1580 644 1663 678 hanc
1688 649 1831 677 nostram
1857 643 1973 678 eonsti-

1232 697 1388 731 tutionem
1417 704 1611 742 perpetuum
1639 697 1803 731 silentium
1827 697 1970 742 imponi-

1232 761 1314 791 mus,
1338 761 1374 785 ac
1386 751 1573 796 impositum
1584 761 1651 785 esse
1667 751 1814 785 volumus
1824 756 1854 785 et
1868 751 1970 785 decla-

1231 813 1350 837 ramus.

1277 860 1292 899 5
1318 857 1349 890 8.
1376 858 1419 891 Ac
1439 863 1625 902 praesentes
1653 857 1762 891 literas
1786 857 1877 891 nullo
1901 867 1973 891 um·
2012 869 2124 899 clausulae
2133 874 2171 899 pm

1232 922 1329 955 quam
1350 917 1496 956 ternpore
1510 912 1548 945 de
1566 911 1784 956 subreptionis
1798 913 1844 945 vel
1859 912 1975 956 obrep-
1988 895 2174 944 iiiiiitiiss'ii‘a'igs

1233 965 1328 999 tionis
1348 965 1443 1006 vitio,
1466 975 1522 999 seu
1542 964 1732 998 intentionis
1752 970 1883 999 nostrae
1897 992 1905 1007 ‚
1925 966 1972 999 vel

1233 1018 1386 1063 quopiam
1411 1018 1475 1052 alio
1500 1019 1639 1060 defectu,
1667 1029 1703 1052 ex
1729 1028 1767 1052 eo
1791 1019 1879 1063 quod
1899 1018 1975 1052 dicti

1232 1073 1358 1107 Fratres
1382 1074 1422 1106 ad
1446 1073 1508 1107 hoc
1532 1072 1635 1107 vocati
1660 1083 1726 1106 non
1751 1072 1888 1114 suerint,
1916 1081 1976 1106 no-

1232 1127 1304 1168 tari,
1332 1127 1528 1171 impugnari,
1558 1126 1727 1160 invalidari
1751 1131 1807 1160 aut
1839 1126 1878 1160 ad
1914 1131 1977 1160 ter-

1233 1181 1338 1214 minos
1363 1180 1442 1214 iuris
1465 1180 1588 1221 reduci,
1615 1190 1672 1214 seu
1696 1180 1728 1212 in
1753 1180 1802 1214 ius
1827 1180 1875 1213 vel
1897 1190 1976 1214 con-

1233 1233 1422 1267 troversiam
1455 1232 1609 1266 revocari.
1638 1232 1755 1276 Sicque
1790 1244 1849 1277 per
1873 1243 1974 1276 quos-

1233 1297 1372 1330 cumque
1396 1286 1519 1319 iudIces
1545 1290 1575 1318 et
1601 1285 1841 1319 commissarios
1866 1285 1978 1330 quavis

1232 1339 1424 1374 auctoritate
1438 1339 1619 1382 fungentes,
1632 1339 1728 1372 etiam
1741 1348 1911 1372 causarum
1925 1340 1979 1373 Pa-

1232 1393 1300 1426 latii
1318 1392 1494 1437 Apostolici
1508 1392 1682 1433 auditores,
1702 1397 1734 1425 et
1753 1391 1784 1425 S.
1806 1392 1842 1426 R.
1859 1393 1892 1425 E.
1910 1403 1979 1426 car-

1232 1447 1379 1487 dinales,
1416 1446 1541 1480 sublata
1567 1446 1612 1479 eis
1641 1450 1672 1479 et
1703 1455 1814 1479 eorum
1848 1445 1979 1480 cuilibet

1233 1501 1344 1546 quavis
1356 1500 1448 1534 aliter
1460 1498 1625 1533 iudicandi
1640 1504 1671 1532 et
1684 1499 1917 1543 interpretandi
1931 1500 1978 1532 sa-

1234 1556 1353 1589 cultate
1374 1559 1405 1587 et
1424 1553 1625 1594 auctoritate,
1648 1552 1770 1596 ubique
1791 1551 1927 1585 iudicari
1948 1558 1980 1586 et

1235 1608 1362 1642 definiri
1377 1607 1506 1648 debere,
1520 1617 1580 1640 nec
1604 1616 1669 1640 non
1694 1606 1821 1639 irritum
1840 1605 1979 1640 etinane

1235 1661 1390 1706 quicquid
1419 1671 1510 1694 secus
1539 1670 1636 1704 super
1664 1659 1714 1693 liis
1745 1669 1763 1692 a
1792 1669 1976 1703 quoquam,

1235 1715 1347 1760 quavis
1373 1714 1575 1754 auctoritate,
1599 1713 1739 1747 scienter
1759 1713 1808 1746 vel
1829 1712 1979 1755 ignoran-

1236 1775 1299 1809 ter,
1324 1767 1496 1810 contigerit
1520 1767 1686 1808 attentari,
1716 1766 1930 1800 decernimus.

1281 1824 1296 1865 5
1323 1822 1353 1855 9.
1381 1821 1539 1861 Quocirca
1564 1820 1801 1854 venerabilibus
1828 1819 1979 1852 fratribus

1236 1874 1497 1919 archiepiscopis,
1515 1874 1685 1918 episcopis,
1702 1879 1732 1906 et
1750 1872 1819 1905 aliis
1832 1872 1979 1906 locorum

1237 1928 1424 1969 Ordinariis,
1448 1938 1484 1960 ae
1506 1927 1623 1960 dilecto
1640 1926 1708 1959 filio
1729 1935 1898 1959 causarum
1924 1935 1980 1958 cu-

1238 1983 1305 2016 riae
1329 1982 1482 2016 Gamerae
1502 1979 1704 2024 Apostolicae
1724 1978 1867 2022 generali
1892 1978 1982 2012 audi-

1238 2035 1302 2069 tori
1330 2045 1387 2079 per
1417 2039 1602 2078 praesentes
1635 2038 1725 2066 motu
1756 2032 1853 2066 simili
1890 2041 1981 2065 man-

1239 2090 1364 2129 damus,
1392 2093 1551 2132 quatenus
1572 2087 1642 2131 ipsi,
1659 2087 1707 2120 vel
1722 2086 1798 2127 duo,
1826 2091 1881 2119 aut
1899 2096 1983 2119 unus

1240 2152 1352 2176 eorum
1377 2152 1436 2186 per
1460 2151 1504 2182 se,
1524 2141 1573 2174 vel
1594 2150 1652 2184 per
1672 2140 1784 2180 alium,
1813 2150 1868 2173 seu
1889 2138 1979 2179 alios,

1239 2202 1424 2241 praesentes
1452 2195 1592 2234 litteras,
1631 2200 1663 2227 et,
1695 2194 1727 2226 in
1758 2193 1803 2226 eis
1832 2197 1984 2226 contenta

1240 2259 1476 2294 quaecumque,
1493 2248 1548 2282 ubi
1573 2253 1604 2281 et
1623 2247 1752 2292 quando
1770 2256 1851 2290 opus
1873 2245 1980 2286 suerit,

1241 2310 1272 2337 et
1296 2303 1422 2347 quoties
1443 2312 1504 2346 pro
1528 2307 1618 2346 parte
1642 2301 1802 2334 dictorum
1834 2299 1980 2339 fratrum,

1241 2367 1297 2391 seu
1312 2356 1447 2390 alieuius
1468 2365 1594 2396 eorum,
1614 2354 1734 2388 suerint
1754 2353 1911 2397 requisiti,
1934 2362 1985 2386 so-

1242 2409 1392 2444 lemniter
1402 2408 1615 2453 publicantes,
1632 2407 1742 2451 eisque
1756 2406 1787 2439 in
1801 2405 1985 2450 praemissis

1243 2463 1380 2498 efficacis
1401 2461 1596 2496 defensionis
1609 2460 1770 2505 praesidio
1788 2459 1981 2499 assistentes,

1243 2517 1360 2550 saciant
1386 2515 1578 2550 auctoritate
1596 2516 1705 2548 nostra
1732 2513 1841 2546 omnia
1867 2518 1898 2546 et
1921 2512 1986 2545 sin-

1244 2571 1319 2613 gula
1343 2568 1518 2614 praemissa
1542 2567 1770 2600 inviolabiliter
1799 2565 1982 2605 observari;

1245 2623 1497 2657 contradictores
1528 2620 1687 2664 quoslibet
1719 2625 1751 2653 et
1774 2619 1921 2659 rebelles,
1949 2628 1985 2651 ac

1995 1852 2099 1879 designat.

508 2687 516 2714 1
542 2684 641 2721 Nempe
656 2685 822 2714 rctctxccncti.
841 2685 954 2714 Fui-cell.
972 2686 1004 2713 ad
1021 2686 1048 2713 h.
1068 2694 1090 2712 v.
1107 2688 1143 2717 (n,
1162 2687 1208 2720 τ.),
1244 2676 1428 2721 praemissis
1448 2685 1512 2709 non
1538 2678 1698 2718 parentes,
1722 2684 1780 2718 per
1797 2671 1982 2732 sententias,

2033 1826 2179 1852 Exequutores
2220 1854 2223 1857 Δ
