2227 3241
45 240 94 268 An.
110 239 140 267 c.
164 238 232 266 2606

77 304 104 326 od
115 304 136 325 in
144 307 227 329 promo-

14 342 16 348 >
47 335 104 355 tione
130 330 158 351 ad
185 334 228 350 ma-

48 364 108 386 '⁰²¹³
145 361 229 378 crucem

13 389 16 394 ·
47 385 150 409 habeatur
176 382 231 403 ratio

47 411 167 435 nativorum
188 414 231 439 tna-

48 439 79 466 gis
89 442 151 464 quam
162 438 231 456 antia-

14 465 15 469 ¹
47 465 119 488 nitatis
133 463 232 489 respectu

14 490 16 524 ξ
48 490 156 518 temporis.

102 944 162 970 Quod
176 944 235 970 Papa

50 973 154 1002 praecipit
161 972 234 993 obser-

15 1001 17 1005 '
51 1000 95 1024 vai-l
100 1000 118 1022 si
125 1000 234 1022 cstmusu.

80 2069 200 2098 Derogatin.

890 239 1012 265 PAULUS
1031 240 1050 265 V
1071 241 1122 266 PP-

245 286 470 332 rosolymitani
498 287 675 332 apostolica
702 288 893 322 auctoritate
915 298 990 322 con-

246 340 384 383 firmata,
408 345 527 374 statuto
548 341 661 385 quinto
678 341 724 375 De
740 342 891 375 electione
912 352 989 386 pro-

245 394 317 428 vide
338 394 523 428 ordinatum
544 395 639 429 fuisse
667 401 701 428 ut
727 395 758 428 in
782 395 990 439 promotione

246 448 287 481 ad
307 457 457 491 magnam
479 458 609 481 crucem
632 449 713 482 ratio
735 448 895 482 habeatur
923 459 989 482 me-

246 502 383 536 ritorum
399 508 429 536 et
442 502 654 536 sufficientiae
674 503 986 547 promovendorum,

245 556 453 601 potiusquam
479 556 676 590 antianitatis
690 584 697 597 ,
732 567 797 601 quo
818 557 854 590 fit
873 563 908 590 ut
928 558 990 590 sra-

247 616 310 644 tres
334 610 478 644 eiusdem
503 610 692 654 hospitalis¹,
718 610 863 655 alioquin
877 611 901 644 si
920 611 991 644 iure

247 663 445 697 antianitatis
465 668 589 697 tantum
612 664 652 697 ad
674 665 875 708 assequenda
893 664 991 698 bene-

247 716 321 750 ficia
340 727 377 750 ac
390 716 564 760 dignitates
578 716 723 750 eiusdem
741 716 911 761 hospitalis
925 718 991 751 adi-

248 776 317 804 tum
345 770 525 811 haberent,
554 781 653 804 onera
682 771 859 814 Religionis
884 771 991 805 minus

247 830 399 869 prompte
428 825 625 866 subeuntes,
661 825 778 858 virtute
807 836 843 859 ac
869 825 992 860 meritis

249 878 397 912 certatim
415 878 539 912 anteire
556 889 622 912 non
640 878 840 912 contendunt
851 878 871 912 ².

294 934 310 976 ξ
325 932 355 966 2.
372 932 510 966 Proinde
523 943 592 973 nos,
606 932 668 966 hoc
680 938 833 967 statutum
852 932 883 966 in
899 932 991 966 viridi
1008 933 1010 963 ὲ

249 985 452 1019 observantia
479 985 686 1020 retinendum
711 996 779 1020 esse
805 992 988 1027 censentes,

248 1045 340 1074 motu
372 1040 506 1085 proprio
537 1045 567 1074 et
592 1050 629 1074 ex
654 1043 741 1074 certa
771 1040 927 1082 scientia,
956 1051 992 1074 ac

249 1096 374 1128 matura
404 1093 637 1127 deliberatione
661 1096 792 1134 nostra,
821 1094 911 1128 vobis
934 1091 1010 1139 perE

248 1153 432 1193 praesentes
452 1147 668 1192 praecipimus
693 1153 725 1181 et
745 1149 938 1182 mandamns
959 1154 993 1182 ut

248 1207 403 1236 statutum
423 1201 625 1247 praedictum
644 1201 792 1246 quintum
809 1202 856 1235 De
868 1202 992 1235 electio-

249 1257 370 1297 nibus,
399 1257 489 1290 cuius
514 1263 659 1291 tenorem
685 1257 908 1301 praesentibus
932 1257 1009 1301 pro*

250 1316 402 1354 expresso
417 1310 529 1344 haberi
544 1310 702 1353 volumus,
714 1310 738 1344 si
753 1316 799 1344 est
813 1311 846 1344 in
857 1322 928 1352 usu,
945 1311 992 1344 in-
1008 1311 1010 1326 ¹

250 1364 364 1397 violate
384 1363 559 1405 observari,
581 1364 770 1398 auctoritate
786 1364 881 1398 etiam
899 1375 992 1409 apos-

249 1417 356 1458 tolica,
380 1417 538 1451 mandetis
556 1423 586 1451 et
603 1418 735 1458 faciatis,
760 1418 804 1451 ita
824 1423 858 1451 ut
879 1428 992 1452 occur-

248 1476 339 1505 rente
374 1471 646 1515 quandocumque
683 1472 791 1515 aliqua
827 1471 993 1505 vacatione

249 1531 345 1570 atque
381 1526 568 1560 smutitione
586 1526 597 1542 ³
628 1526 820 1569 dignitatum
857 1537 993 1569 magnae

249 1581 364 1622 crucis,
384 1580 469 1614 iuxta
487 1580 586 1625 ipsius
606 1581 714 1614 statuti
737 1580 992 1625 dispositionem,

249 1634 351 1677 magis
371 1634 410 1668 de
436 1633 504 1678 ipso
530 1633 680 1678 hospitali
701 1634 893 1668 benemeriti
915 1646 992 1669 cae-

250 1688 327 1721 teris
347 1687 442 1731 (licet
470 1688 619 1728 antianis,
644 1694 792 1732 respectu
824 1684 990 1734 temporis,

249 1741 356 1776 minus
377 1747 482 1775 tamen
505 1742 735 1786 benemeritis)
752 1743 989 1787 praeferantur,

250 1795 340 1830 omni
365 1796 553 1841 exceptione
574 1803 605 1830 et
629 1797 797 1831 affectione
826 1803 988 1831 cessante:

249 1849 444 1895 irritumque
465 1850 645 1884 decernatis
667 1855 698 1884 et
718 1850 813 1884 inane
833 1850 992 1895 quidquid

248 1914 340 1938 secus
357 1914 454 1948 super
466 1904 514 1937 his
527 1915 545 1937 a
562 1915 738 1949 quoquam,
757 1904 868 1949 quavis
881 1911 992 1938 aucto-

249 1957 354 1999 ritate,
374 1957 511 1991 scienter
532 1958 578 1992 vel
602 1958 799 2001 ignoranter,
824 1958 994 2002 contigerit

250 2012 411 2046 attentari.
1008 2038 1010 2057 ,

295 2067 311 2108 g
332 2065 362 2098 3.
395 2065 463 2099 Non
496 2065 698 2099 obstantibus
730 2065 894 2109 quibusvis
924 2065 1010 2100 aliis‘

251 2119 394 2152 eiusdem
409 2119 588 2164 hospitalis,
602 2119 697 2153 etiam
714 2119 909 2161 iuramento,
921 2130 994 2153 con·
1008 2125 1010 2155 11

250 2173 435 2206 firmatione
447 2173 634 2217 apostolica,
652 2174 698 2207 vel
717 2169 827 2217 quavis
842 2168 1010 2207 firmitate

250 2227 312 2260 alia
333 2226 504 2267 roboratis,
528 2226 663 2267 statutiS,
682 2227 989 2268 consuetudinibus,
1008 2219 1010 2263 ἕ

249 2279 486 2320 stabilimentis,
504 2279 613 2313 usibus
635 2286 663 2313 ct
685 2280 818 2320 naturis,
839 2291 874 2313 ac
896 2276 1009 2325 etiam}

250 2333 531 2367 constitutionibus
563 2339 592 2367 et
619 2334 877 2368 ordinationibus
910 2345 990 2378 apo—
1008 2328 1010 2347 ’

1008 2384 1010 2429 i

288 2441 296 2466 1
318 2440 382 2467 Heio
393 2440 493 2476 aliquid
504 2440 634 2467 excidisse
646 2440 760 2477 quisque
776 2440 897 2475 intelligit
911 2450 917 2473 ;
929 2449 992 2477 sup-
1008 2434 1010 2482 j

250 2484 376 2519 piendum
397 2489 437 2512 est
452 2487 646 2521 promptiores
661 2487 698 2512 ad
714 2486 848 2513 virtulem
865 2486 993 2520 effician-

251 2532 316 2563 tur;
333 2531 373 2557 vel
389 2529 490 2566 aliquid
506 2530 592 2558 simile
607 2534 642 2565 (n.
659 2532 707 2563 r.).

286 2575 302 2600 2
321 2574 464 2602 Videretur
476 2575 618 2610 legendum
632 2584 687 2602 non
699 2576 905 2604 concenderent
915 2577 991 2609 (tm).

288 2618 303 2646 3
324 2617 397 2646 Hanc
418 2627 509 2647 vocem
525 2620 577 2647 iam
589 2619 752 2648 declaratam
768 2620 852 2649 habes
872 2621 898 2648 in
914 2629 991 2657 prae-

254 2662 358 2692 cedenti
374 2663 518 2700 volumine,
534 2673 594 2702 pag.
613 2665 664 2694 573
680 2666 719 2702 (a.
737 2667 784 2702 τ,).

1667 232 1732 267 375
1779 242 1829 271 An.
1853 243 1880 271 c.
1899 243 1968 272 1606

1022 289 1153 330 stolicis,
1170 301 1206 324 ac
1219 290 1394 335 privilegiis
1415 297 1445 325 et
1462 290 1606 332 indultis,
1630 301 1667 325 ac
1688 291 1769 325 litte-

1024 343 1066 377 ris
1084 345 1279 388 apostolicis,
1301 345 1500 390 caeterisque
1518 345 1550 378 in
1569 344 1767 379 contrarium

1024 397 1269 442 disponentibus
1295 399 1566 443 quibuscumque.

1067 451 1180 484 Datum
1197 453 1326 486 ‚Romae
1351 453 1437 496 apud
1462 458 1607 486 sanctum
1634 454 1767 487 Petrum

1026 504 1077 538 die
1099 515 1130 538 1v
1151 505 1332 539 decembris
1346 516 1455 548 nncw,
1470 506 1676 551 pontificatus
1695 518 1768 542 nos-

1026 558 1065 591 tri
1087 569 1172 592 anno
1194 570 1226 593 11.
1458 557 1477 572 “
1671 561 1675 564 “

1060 621 1121 648 Dat.
1143 621 1187 649 die
1208 622 1223 649 4
1243 621 1397 650 decembris
1416 623 1496 655 1606,
1517 624 1608 659 pontis.
1631 632 1675 652 an.
1696 631 1725 651 n.

1343 809 1446 843 Lxltl.

1026 934 1091 968 Dat
1107 934 1298 978 facultatem
1314 935 1469 979 episcopis
1486 935 1723 979 Aryentt'nensi
1742 942 1771 971 et

1070 987 1280 1022 Bctsz'laeensi
1295 991 1323 1021 et
1345 988 1476 1021 illorum
1493 988 1637 1032 singulis
1662 990 1771 1034 appli-

1070 1042 1169 1075 candi
1181 1053 1346 1075 summam
1356 1042 1508 1076 undecim
1520 1043 1626 1076 millia
1639 1044 1771 1087 floreno-

1071 1107 1143 1129 rum
1153 1100 1376 1139 eonqestorum
1388 1107 1426 1129 ex
1437 1097 1599 1140 fructibus
1611 1099 1772 1143 praeposi-

1073 1155 1164 1183 turae
1185 1150 1273 1184 Peris
1293 1155 1502 1195 nuncupatae
1518 1150 1652 1185 Ordinis
1665 1153 1772 1186 sancti

1070 1203 1249 1245 Benedicti,
1267 1208 1398 1237 vacatae
1407 1215 1467 1248 per
1483 1204 1606 1238 obitum
1621 1206 1772 1240 cardina-

1072 1258 1114 1291 lis
1130 1258 1170 1291 ab
1182 1258 1333 1299 Austria,
1348 1269 1408 1302 pro
1425 1259 1577 1303 erz'qendo
1591 1270 1772 1303 puerorum

1070 1312 1248 1346 seminario
1265 1312 1476 1346 ecclesiastico
1489 1313 1522 1346 in
1535 1313 1772 1358 landyravialu

1070 1366 1094 1399 A
1105 1366 1220 1399 Isatiae
1233 1365 1252 1398 ¹-

1060 1480 1286 1509 venerahilihns
1308 1482 1455 1509 fratribus
1475 1482 1688 1517 argentinensi
1705 1486 1736 1511 et

1097 1533 1258 1562 Basiliensi
1274 1533 1424 1568 episcopis
1448 1538 1479 1562 et.
1494 1542 1596 1563 eorum
1611 1535 1700 1564 alteri

1265 1606 1376 1634 Paulus
1397 1607 1475 1641 Papa
1495 1607 1527 1633 V.

1231 1697 1423 1725 Venerabiles
1450 1697 1573 1732 tratres,

1063 1751 1193 1779 salutem
1217 1755 1247 1779 et
1267 1751 1464 1786 apostolicam
1484 1752 1733 1781 benedictionem.

1071 1850 1161 1889 Cum,
1183 1850 1266 1884 sicut
1290 1851 1485 1894 accepimus,
1509 1851 1586 1885 alias
1607 1853 1678 1896 (per
1698 1851 1768 1886 obi·
1815 1874 1971 1896 „mmmmm

1029 1910 1094 1937 tuni
1121 1904 1226 1938 bonae
1259 1905 1436 1939 memoriae
1468 1906 1616 1940 Andreae
1641 1906 1769 1940 diaconi
1784 1901 1865 1948 ζξῗξρξξ
1876 1906 1971 1949 ἓζζξξᾶζ

1027 1958 1198 1992 cardinalis
1212 1958 1251 1992 ab
1265 1959 1393 1993 Austria
1406 1959 1593 2004 nuncupati,
1610 1960 1664 2004 qui
1678 1971 1770 2004 prae—
1786 1955 1877 1981 ⁰⁰¹¹*ss⁵¹³

1026 2011 1204 2056 posituram
1219 2013 1313 2046 Peris
1327 2019 1546 2057 nuncupatam
1561 2013 1687 2047 Ordinis
1700 2024 1771 2048 san-

1027 2065 1067 2099 cti
1089 2066 1252 2099 Benedicti
1278 2067 1309 2099 in
1335 2067 1557 2109 landgraviatu
1579 2068 1717 2101 Alsatiae
1738 2068 1770 2101 in

1027 2120 1252 2153 commendam
1273 2131 1309 2154 ex
1327 2120 1535 2154 concessione
1557 2127 1587 2155 et
1607 2121 1771 2165 dispensa-

1027 2174 1113 2207 tione
1131 2174 1318 2218 apostolica‚
1342 2175 1418 2208 dum
1441 2175 1569 2216 vireret,
1590 2175 1770 2214 obtinebat)

1027 2228 1219 2262 commenda
1238 2228 1423 2262 huiusmodi
1445 2235 1606 2269 cessante,
1631 2239 1769 2273 praepo-

1026 2280 1123 2314 situra
1139 2281 1304 2324 praedicta
1318 2282 1423 2315 adbuc
1438 2283 1501 2325 (eo,
1515 2293 1579 2326 quo
1594 2288 1666 2315 ante
1680 2292 1769 2315 ‹zom-

1027 2335 1176 2368 mcndam
1199 2335 1299 2379 ipsam
1322 2336 1465 2377 vacabat,
1487 2336 1602 2378 inodo)
1624 2341 1767 2376 vacante,

1027 2395 1058 2422 et
1069 2395 1242 2433 antequam
1258 2390 1341 2423 dicta
1355 2390 1578 2434 praepositura
1592 2389 1683 2423 alteri
1699 2400 1770 2433 pcr-

1026 2453 1124 2476 sonae
1142 2443 1376 2476 ecclesiasticae
1392 2455 1408 2476 a
1424 2443 1522 2476 felicis
1538 2443 1770 2476 recordationis

1026 2496 1187 2530 Clemente
1213 2497 1298 2540 Papa
1318 2497 1383 2530 Vlll
1404 2497 1630 2530 commendata
1647 2495 1766 2536 suisset,

1026 2550 1157 2591 fructus,
1179 2551 1231 2594 qui
1259 2551 1386 2583 interim
1414 2551 1647 2590 decurrerunt,
1672 2552 1771 2594 opera

1063 2667 1072 2693 ί
1093 2665 1130 2694 Ex
1147 2666 1256 2702 Regest.
1273 2667 1300 2694 in
1316 2666 1417 2694 Secret.
1440 2665 1572 2694 Brevium.
