2227 3241
233 294 278 319 An.
297 291 326 317 c.
346 291 413 320 ¹610
459 281 522 316 634

260 670 356 691 Menaeni
370 675 414 689 san-

232 700 258 717 rti
268 698 346 717 ¹tnt0nii
356 696 416 716 Vien-

232 730 301 743 nensis
308 723 334 743 ad
343 723 381 742 hnc
388 722 415 741 nt*-

232 751 415 771 t·-runt‹›c‹>t.·siain

232 781 298 798 sancti
308 777 414 797 inlinatur.

994 292 1168 316 nt'LLAntUM
1195 292 1345 318 nonANUM

432 339 527 379 tione,
543 344 571 371 et
585 337 906 371 sufficienti¹numeri
929 338 1013 371 illius
1030 338 1168 381 Religio·
1201 340 1378 384 acceptanti
1409 346 1439 374 et
1469 341 1633 386 stipulanti
1658 343 1820 386 quoddam
1848 345 1936 388 pala-

430 401 537 424 sorum
564 390 731 423 commoda
760 390 1010 431 sustentatione,
1043 400 1164 435 oppor-
1203 392 1281 425 tium
1314 393 1346 426 in
1376 393 1501 428 civitate
1530 394 1695 438 praedicta
1727 401 1757 429 et
1785 397 1937 440 parochia

432 445 505 476 tuna
530 442 720 475 liberalitate
749 448 907 486 perpetuo
933 443 1114 477 donavisset
1139 450 1168 477 et

430 495 661 538 assignavisset,
686 494 716 527 in
744 494 875 538 ipsaque
900 495 1024 529 civitate
1045 497 1167 530 nullum

430 549 468 582 ad
498 547 716 581 sundatIOnem
745 548 870 591 collegii
896 548 1079 582 huiusmodi
1105 560 1165 594 op-

430 601 651 645 portuniorem
685 606 716 634 et
746 601 1001 636 commodiorem
1035 603 1164 644 locum,

431 665 526 698 quam
559 654 724 688 ecclesiam
758 655 858 688 sancti
890 655 1057 696 Dalmatii‚
1086 667 1168 700 quae

432 707 622 752 parochialis
639 708 781 751 quidem,
799 708 931 742 minime
947 715 1052 742 tamen
1073 710 1169 743 colla-

433 761 492 794 tiva
518 761 642 801 existit,
671 767 699 794 et
731 772 749 795 a
780 762 945 805 praedicto
976 763 1169 796 monasterio

432 814 613 858 dependere
646 815 884 858 comperiisset,
914 815 1066 860 illamque
1093 826 1168 859 pro-

433 867 517 909 inde,
536 869 599 900 una
620 878 692 900 cum
714 867 867 901 aedificiis
888 874 928 910 et,
942 868 1113 911 contiguis¹2
1128 869 1170 902 di-

432 926 501 954 ctae
526 920 772 963 Congregationi
801 921 840 953 ad
869 932 949 965 opus
975 921 1170 955 fundationis

432 973 558 1016 collegii
589 973 774 1007 huiusmodi
804 974 936 1008 concedi
964 985 1170 1020 summopere

433 1033 606 1072 exoptaret,
631 1034 659 1062 ct
681 1038 779 1072 penes
800 1028 929 1061 eosdem
955 1028 1117 1071 abbatem,
1141 1034 1169 1063 et

433 1088 645 1123 conventum,
674 1092 709 1115 ac
735 1082 920 1116 definitores
952 1093 1011 1126 pro
1039 1093 1170 1116 conces-

432 1136 521 1169 sione
553 1135 739 1169 huiusmodi
774 1136 1021 1180 consequenda,
1056 1136 1171 1170 oblatis

434 1197 539 1224 tamen
577 1190 788 1234 infrascriptis
821 1200 902 1234 quae
938 1190 1103 1224 ecclesiam
1142 1196 1172 1224 et

432 1244 578 1278 aedificia
608 1243 774 1288 praedicta
805 1243 912 1276 valore
937 1249 965 1277 et
998 1244 1171 1278 commodo

433 1298 624 1342 adaequent,
657 1298 776 1341 pluries
805 1297 1000 1331 instetisset:
1022 1304 1168 1341 postmo-

433 1353 509 1386 dum
535 1352 644 1393 abbas,
669 1358 699 1385 et
720 1357 905 1394 conventus,
930 1363 965 1386 ac
987 1353 1172 1387 definitores

432 1406 607 1450 praedicti,
638 1405 770 1450 provide
806 1406 1005 1440 attendentes
1030 1418 1065 1440 cx
1089 1407 1172 1441 dicta

434 1460 661 1501 concessione,
689 1459 714 1492 si
740 1459 860 1493 oblatio
885 1459 1070 1494 huiusmodi
1096 1461 1171 1494 sub-

433 1519 608 1558 sequatur,
636 1514 761 1546 nullum
793 1513 896 1547 eidem
925 1513 1036 1547 Ordini
1067 1514 1168 1549 detri—

435 1574 596 1609 mentum,
626 1567 808 1611 praedictae
834 1577 907 1600 vero
929 1567 1046 1601 civitati
1075 1569 1170 1602 inaxi-

435 1633 523 1655 mum
560 1621 724 1665 spirituale
760 1622 967 1655 commodum
1002 1623 1171 1666 provenire

434 1686 544 1720 posse,
573 1674 755 1719 praemissis
781 1675 945 1708 nonnullis
971 1676 1168 1717 tractatibus,

437 1730 563 1764 tandem
590 1729 734 1761 unanimi
769 1740 947 1767 consensu.
983 1735 1012 1763 et
1043 1730 1172 1763 nemine

436 1793 548 1816 eorum
577 1782 801 1826 discrepante,
834 1783 1032 1826 praedictam
1065 1784 1169 1817 cccle-

435 1837 514 1870 siam
540 1847 612 1869 cum
639 1837 758 1877 domo,
782 1836 971 1877 curtilibus,
996 1848 1051 1870 seu
1072 1838 1169 1878 areis,

435 1890 586 1923 viridario
602 1917 609 1930 ,
633 1895 663 1922 et
688 1889 852 1933 apothecis
879 1890 1005 1933 parvis,
1039 1890 1172 1934 aliisque

435 1942 588 1977 aedificiis
602 1943 706 1976 eidem
726 1943 879 1977 ecclesiae
894 1943 1061 1986 contiguis,
1079 1955 1115 1977 ac
1134 1945 1171 1977 ad

436 1996 557 2030 dictum
571 1996 733 2038 Ordinem,
748 1996 871 2030 ratione
893 1997 1045 2031 ecclesiae
1064 1997 1173 2031 huius-

437 2049 535 2090 modi,
559 2049 777 2093 spectantibus
794 2050 975 2093 praedictae
996 2050 1173 2094 Congrega-

438 2103 537 2143 tioni,
562 2114 617 2136 seu
644 2114 703 2146 pro
724 2102 758 2136 eii
786 2103 844 2147 ipsi
865 2104 977 2137 Carolo
1008 2104 1173 2138 Emanueli

437 2157 509 2190 duci
531 2157 570 2190 ad
591 2157 737 2189 effectum
760 2157 954 2190 fundationis
973 2157 1098 2200 collegii
1117 2158 1172 2191 hu-

437 2210 575 2244 iusmodi
611 2209 771 2243 mediante
806 2212 944 2253 persona
978 2210 1084 2244 dilecti
1118 2211 1172 2244 sitii

437 2263 520 2297 Petri
541 2263 661 2296 Croiset
686 2263 862 2307 subprioris
887 2263 962 2297 dicti
990 2264 1172 2297 monasterii

437 2327 549 2350 eorum
571 2316 789 2360 procuratoris
806 2317 843 2349 ad
871 2316 901 2349 id
922 2316 1102 2360 specialiter
1120 2318 1173 2351 de-

437 2370 556 2414 putati,
580 2370 639 2403 sub
665 2375 773 2402 nostro
800 2376 827 2402 ct
858 2370 947 2403 Sedis
972 2371 1174 2415 Apostolicae

437 2422 650 2466 beneplacito,
666 2429 821 2466 perpetuo
837 2430 1072 2456 concesserunt:
1091 2424 1172 2458 idem

439 2487 512 2509 vero
530 2476 660 2510 Carolus
681 2476 834 2509 Emanucl
853 2476 914 2509 dux
936 2476 967 2508 in
988 2487 1174 2511 remunera-

439 2530 556 2563 tionem
576 2541 750 2573 congruam
773 2536 802 2563 et
830 2530 1100 2573 aequipollentem
1119 2531 1175 2565 Or-

438 2583 503 2615 dini
534 2589 563 2615 et
593 2583 685 2616 Petro
717 2583 838 2616 Croiset
862 2583 1032 2627 praedictis
1058 2594 1116 2627 pro
1137 2594 1174 2617 eo

476 2655 483 2679 l
505 2653 604 2679 Forsan
626 2653 769 2688 legendum
791 2654 959 2688 sufficientis
978 2660 1014 2688 tn,
1032 2654 1080 2688 Τ.).

474 2696 489 2724 a
511 2696 640 2725 Particula
655 2700 678 2726 et
694 2697 827 2726 redundat
842 2698 877 2733 (n.
888 2700 934 2732 12).

1202 452 1329 480 sanctae
1349 447 1464 481 Mariae
1479 448 1517 481 de
1535 448 1642 482 Platea
1655 448 1741 482 iuxta
1753 459 1827 482 suos
1840 449 1938 483 notis-

1202 498 1298 532 simos
1318 499 1398 534 sines
1422 500 1530 542 situm,
1555 507 1585 535 et
1605 501 1645 535 ad
1665 501 1768 545 ipsum
1790 502 1937 536 Carolum

1202 552 1408 587 Emanuelem
1443 554 1556 587 ducem
1593 554 1747 597 legittime
1771 560 1936 599 spectans,

1203 615 1274 638 cum
1290 605 1423 646 iuribus,
1441 606 1595 640 membris
1609 612 1639 640 et
1657 606 1859 651 pertinentiis
1875 608 1939 642 suis

1202 658 1368 699 universis,
1393 659 1554 693 mediante
1574 670 1704 704 quoque
1732 663 1870 704 persona
1891 662 1940 696 di-

1203 711 1274 744 lecti
1296 711 1353 744 filii
1374 712 1478 745 lacobi
1492 712 1586 746 Gorie
1603 712 1791 746 thesaurarii
1810 714 1940 749 maioris

1204 764 1355 798 ecclesiae
1372 765 1586 807 Taurinensis,
1613 776 1650 800 ac
1667 766 1775 800 dilecti
1801 766 1858 800 sitii
1883 772 1940 801 noss

1204 817 1259 850 stri
1284 818 1419 851 Mauritii
1449 824 1559 852 santae
1588 820 1751 853 Romanae
1781 820 1941 854 Ecclesiae

1204 870 1329 904 diaconi
1351 872 1522 905 cardinalis
1543 883 1560 906 a
1585 872 1745 907 Sabaudia
1765 874 1940 918 nuncupati

1204 923 1370 965 auditoris,
1395 931 1425 958 et
1450 925 1549 969 ipsius
1574 926 1614 959 ad
1634 925 1665 959 id
1685 926 1868 970 specialiter
1887 926 1942 960 de-

1204 977 1306 1021 putati
1322 979 1553 1022 procuratoris,
1568 985 1725 1024 perpetuo
1737 980 1868 1014 donavit
1882 979 1941 1014 sub

1204 1030 1304 1074 pactis
1329 1036 1360 1064 et
1380 1032 1619 1067 conditionibus
1645 1033 1870 1077 infrascriptis,
1898 1033 1942 1066 vi-

1206 1083 1337 1118 delicet:
1360 1086 1447 1129 quod
1461 1085 1493 1119 in
1509 1086 1591 1120 dicta
1605 1086 1812 1121 concessione
1829 1086 1942 1121 furnus

1205 1148 1306 1182 prope
1335 1139 1501 1173 ecclesiam
1530 1140 1631 1173 sancti
1661 1139 1810 1174 Dalmatii
1833 1140 1943 1175 huius-

1206 1191 1293 1224 modi
1313 1191 1401 1233 situs,
1425 1197 1452 1225 et
1472 1192 1617 1226 aedificia
1631 1193 1670 1226 ad
1689 1191 1776 1226 eam'
1795 1198 1941 1237 spectan-

1206 1244 1258 1285 tia,
1287 1255 1322 1278 ac
1348 1245 1442 1278 etiam
1475 1246 1554 1279 cella
1579 1246 1699 1280 vinaria
1724 1246 1763 1280 ab
1788 1246 1943 1281 aedificiis

1206 1298 1347 1332 eiusdem
1385 1299 1468 1332 furni
1504 1310 1561 1343 per
1596 1299 1774 1343 ingressum
1808 1310 1943 1343 magnae

1205 1358 1316 1396 portae
1337 1352 1609 1395 inte1·media1ae‘²,
1633 1354 1864 1398 comprehendi
1878 1365 1944 1388 non

1206 1407 1425 1449 intelligantur
1434 1419 1441 1448 ;
1465 1407 1562 1441 abhas
1588 1418 1674 1448 vero,
1703 1414 1732 1442 et
1756 1414 1940 1451 conventus,

1206 1471 1241 1493 ac
1263 1460 1448 1494 definitores
1465 1461 1619 1505 praedicti
1638 1461 1767 1504 ostium,
1782 1472 1840 1506 per
1857 1463 1944 1506 quod

1206 1514 1244 1548 dc
1265 1514 1427 1558 praesenti
1453 1514 1484 1547 in
1510 1515 1628 1547 dictam
1656 1514 1768 1548 cellam
1787 1515 1943 1549 vinariam

1206 1568 1280 1608 itur,
1298 1567 1538 1611 quamprimum
1568 1568 1720 1602 obturare
1741 1574 1771 1602 et
1787 1575 1944 1614 perpetuo

1206 1621 1390 1654 obturatum
1405 1621 1588 1665 relinquere
1609 1628 1786 1664 teneantur,
1810 1628 1841 1656 et
1858 1623 1944 1658 aliud

1206 1674 1322 1707 ostium
1335 1684 1442 1707 versus
1456 1675 1537 1707 viam
1553 1674 1713 1719 publicam
1729 1675 1861 1709 unicum
1875 1687 1946 1720 ape-

1207 1727 1269 1760 rire
1300 1726 1437 1771 possint,
1469 1727 1591 1761 licitum
1619 1733 1723 1762 tamen
1748 1728 1788 1762 sit
1811 1735 1841 1762 ct
1867 1728 1945 1762 inte-

1206 1791 1298 1823 grum
1320 1780 1405 1814 dicto
1425 1781 1537 1815 Carolo
1561 1781 1727 1815 Emanueli
1741 1781 1826 1824 duci,
1846 1787 1878 1816 et
1897 1782 1945 1816 ius

1207 1833 1245 1866 ab
1261 1843 1298 1866 co
1311 1843 1370 1877 pro
1386 1839 1529 1878 tempore
1547 1834 1688 1877 habenti,
1706 1835 1846 1876 furnum,
1863 1834 1946 1869 eius-

1207 1897 1269 1931 que
1290 1886 1446 1928 aedificia,
1471 1893 1501 1920 et
1525 1887 1638 1921 cellam
1663 1888 1820 1922 vinariam
1838 1888 1946 1923 huius-

1209 1939 1294 1973 modi
1326 1950 1384 1984 pro
1416 1940 1520 1985 pretio
1552 1941 1640 1974 mille
1671 1947 1702 1975 et
1728 1941 1946 1976 ducentorum

1208 1994 1411 2036 ducatorum,
1429 1995 1467 2027 ad
1483 1994 1639 2028 rationem
1661 1995 1830 2029 duodecim
1852 1995 1947 2030 flore-

1208 2058 1323 2081 norum
1348 2059 1409 2092 pro
1437 2048 1583 2093 quolibet
1614 2049 1730 2083 ducato
1759 2049 1945 2084 huiusmodi

1210 2108 1357 2136 monetae
1374 2103 1405 2135 in
1432 2102 1515 2136 dicta
1536 2102 1662 2137 civitate
1681 2103 1850 2137 solutionis
1869 2109 1947 2138 tem-

1209 2166 1286 2199 pore
1300 2156 1468 2198 currentis,
1481 2156 1649 2199 redimere,
1661 2163 1702 2198 et,
1715 2158 1850 2202 sequuta
1863 2157 1947 2192 dicta

1209 2209 1443 2253 redemptione,
1471 2209 1539 2253 ipsa
1563 2210 1774 2253 Congregatio
1799 2210 1838 2243 ab
1859 2210 1944 2244 obli-

1209 2263 1356 2305 gatione,
1384 2274 1480 2306 quam
1507 2263 1538 2296 in
1559 2274 1592 2297 se
1617 2263 1775 2308 suscepit,
1803 2264 1947 2298 solvendi

1210 2317 1295 2350 dicto
1313 2316 1422 2351 Ordini
1442 2317 1613 2351 duodecim
1632 2317 1808 2351 ducatonos
1828 2317 1947 2352 similes

1210 2371 1240 2404 in
1267 2371 1345 2404 sesto
1370 2369 1469 2404 sancti
1490 2370 1651 2404 Michaelis
1672 2370 1772 2404 libera
1793 2376 1823 2404 et
1840 2381 1946 2405 exem-

1209 2430 1261 2468 pta
1285 2423 1324 2457 sit
1349 2429 1378 2457 et
1404 2434 1471 2457 esse
1493 2430 1670 2457 censeatur.
1699 2424 1865 2458 Caeterum
1891 2424 1947 2458 ab·

1209 2477 1275 2517 bas,
1293 2482 1322 2509 et
1335 2482 1519 2517 conventus,
1536 2487 1572 2509 ac
1589 2476 1774 2511 definitores
1790 2475 1946 2520 praedicti

1209 2530 1242 2563 in
1261 2530 1374 2564 eodem
1392 2529 1510 2573 palatio
1528 2539 1623 2563 unam
1643 2529 1808 2563 ecclesiam
1828 2529 1888 2563 sub
1905 2529 1947 2563 in-

1211 2583 1376 2617 vocatione
1400 2594 1454 2617 seu
1480 2583 1573 2617 titulo
1589 2583 1688 2617 sancti
1709 2583 1841 2617 Antonii
1859 2584 1945 2618 aedi-

1244 2654 1256 2680 1
1280 2653 1389 2681 Videtur
1406 2653 1548 2689 legendum
1567 2653 1605 2681 ad
1623 2661 1689 2680 eum
1708 2654 1748 2688 (n.
1765 2654 1812 2686 τ.).

1245 2698 1260 2724 ⁶2
1279 2697 1354 2726 Fors.
1370 2697 1477 2734 legend.
1494 2697 1688 2727 intermediae
1703 2701 1839 2734 separata
1854 2698 1896 2734 (n.
1909 2698 1946 2734 τ).

1951 298 1998 324 An.
2015 296 2045 324 C.
2066 295 2135 327 ¹610
