2227 3241
229 280 276 306 Αη.
295 281 323 307 C.
344 281 410 308 teon

249 1724 300 1744 nuci
314 1730 361 1745 rere
371 1725 404 1745 Ni·

223 1752 317 1771 vernensi
333 1752 406 1771 tribuit

222 1779 379 1803 iuspatronatus
386 1781 404 1798 et

221 1805 369 1828 praesentandi
379 1805 405 1825 att

221 1831 347 1851 decanatum
386 1834 404 1852 et

220 1857 364 1878 canonicatu&

457 272 520 306 560

423 331 542 372 gimine
557 336 585 363 et
599 329 718 362 salubri
733 330 921 371 directione,
939 341 1162 376 quaecumque

424 382 683 425 constitutiones,
704 383 940 423 ordinationes,
965 390 1082 418 statuta
1107 395 1159 418 ra-

424 436 587 469 tionabilia
614 442 643 469 et
668 436 824 478 honesta,
853 448 889 471 ac
913 438 1011 470 sacris
1032 438 1163 471 canoni-

422 489 481 521 bus
513 495 543 522 et
576 490 707 522 Concilii
740 490 918 524 Tridentini
955 491 1091 524 decretis
1127 502 1162 524 ac

423 538 703 576 constitutionibus
731 544 915 587 apostolicis
936 544 1067 577 minime
1088 554 1163 578 con-

423 595 529 636 traria,
551 606 609 629 nec
629 597 688 629 sub
708 597 780 631 ullis
801 598 1058 631 revocationibus
1076 609 1163 632 com-

422 647 591 691 prehensa,
611 660 647 682 ac
665 650 742 683 alias
760 656 845 684 recta
859 656 890 684 et
903 651 1003 692 utilia,
1017 651 1056 683 ab
1070 651 1162 684 Ordi-

421 702 512 735 nario
531 709 637 736 tamen
656 705 869 738 examinanda
887 710 917 738 et
940 705 1160 749 approbanda,

422 756 572 797 condere,
596 762 626 789 et
651 758 791 797 condita,
822 758 914 791 toties
931 758 1058 802 quotics
1083 769 1163 802 opus

421 809 536 851 suerit,
567 810 756 854 immutare,
781 812 930 854 limitare,
951 813 1113 856 corrigere
1134 819 1165 846 et

422 862 637 907 interpretari,
662 875 709 903 ac,
739 872 835 909 prout
860 877 967 900 rerum
989 872 1020 899 et
1041 872 1163 910 tempo-

423 928 492 950 rum
508 918 677 961 qualitates
696 920 869 962 exegerint,
891 921 1024 965 ipsaque
1038 921 1163 954 occasio

420 981 453 1003 se
473 981 505 1003 se
527 971 719 1014 exhibuerit,
742 973 819 1007 alias
841 974 1094 1016 constitutiones,
1113 984 1164 1007 or-

421 1024 602 1059 dinationes
623 1032 653 1059 ct
677 1031 812 1068 statuta,
837 1028 964 1071 quoties
986 1028 1030 1061 eis
1057 1028 1099 1061 ita
1119 1028 1164 1060 vi-

421 1077 549 1111 debitur
563 1079 724 1122 expedire,
738 1081 874 1124 praeriis
894 1086 999 1114 tamen
1019 1081 1163 1115 examine

421 1138 448 1163 et
486 1133 720 1176 approbatione
758 1134 966 1174 huiusmodi,
1006 1136 1044 1169 de
1080 1146 1163 1169 novo

421 1185 527 1225 cdere,
552 1196 589 1219 ae
611 1192 673 1219 tam
697 1187 760 1229 illa,
782 1199 877 1232 quam
897 1188 985 1232 prius
1006 1189 1102 1230 edita,
1127 1189 1164 1222 li-

422 1238 554 1280 mitare,
583 1240 764 1283 corrigere,
789 1242 982 1283 reformare,
1006 1243 1159 1284 alterare,

421 1292 612 1336 penitusque
638 1294 806 1337 abrogare,
842 1301 871 1329 et
896 1296 935 1329 ad
965 1307 1076 1329 eorum
1106 1297 1163 1330 ob-

420 1346 633 1380 servationem
660 1348 804 1391 singulos
836 1349 874 1383 de
903 1350 1026 1392 gremio
1058 1350 1162 1384 dictae

420 1399 545 1433 noviter
570 1406 694 1435 erectae
720 1402 873 1436 ecclesiae
895 1414 951 1447 per
971 1404 1162 1437 subtractio-

421 1461 493 1485 nem
521 1453 683 1488 fructuum
709 1461 740 1488 et
771 1455 1034 1490 distributionum
1062 1458 1158 1491 deca-

421 1511 513 1539 natus
550 1517 586 1541 ac
622 1508 823 1551 singulorum
855 1511 1103 1545 canonicatuum
1133 1517 1160 1545 et

420 1560 679 1603 praebendarum
705 1563 889 1598 huiusmodi
916 1564 1058 1607 obligare
1087 1576 1160 1609 pos-

420 1612 482 1645 sint
503 1619 533 1646 et
554 1615 690 1656 valeant,
711 1616 822 1649 eadem
845 1617 1034 1651 auctoritate
1053 1620 1160 1651 nostra

421 1666 459 1699 de
479 1667 609 1710 speciali
630 1669 731 1710 gratia
753 1669 929 1712 indulgeas.

465 1721 481 1762 g
514 1719 543 1753 7.
579 1721 748 1755 Praeterea
780 1723 885 1756 eidem
917 1724 1027 1757 Carolo
1062 1725 1157 1764 duci,

421 1773 553 1817 eiusque
587 1776 826 1810 successoribus
862 1777 938 1810 dicti
975 1777 1085 1822 oppidi
1123 1779 1161 1811 de

422 1826 579 1861 Charville
605 1829 744 1863 dominis
777 1831 807 1863 in
841 1832 1074 1875 temporalibus
1102 1843 1160 1876 pro

421 1887 565 1926 tempore
597 1883 827 1925 existentibus,
865 1885 1102 1929 iuspatronatus
1131 1892 1162 1919 et

419 1936 645 1979 praesentandi
675 1947 829 1980 personas
852 1938 982 1972 idoneas
1003 1940 1042 1972 ad
1069 1940 1159 1973 deca-

419 1993 529 2021 natum
551 1994 581 2022 et
601 1989 744 2031 singulos
777 1991 983 2025 canonicatus
1012 1997 1042 2025 et
1068 2003 1161 2036 prae-

419 2042 540 2076 bendas
553 2043 662 2086 vigore
680 2046 899 2088 praesentium
915 2047 1085 2089 erigendos
1102 2047 1161 2081 hu-

420 2095 557 2129 iusmodi
584 2097 722 2140 (quoties
744 2098 814 2132 illos
840 2105 870 2132 et
891 2110 1002 2133 eorum
1025 2101 1161 2144 quemli-

418 2149 471 2182 bet
487 2149 636 2183 similiter
655 2161 713 2195 per
734 2162 870 2193 cessum,
895 2153 991 2186 etiam
1011 2164 1046 2186 ex
1065 2156 1157 2188 causa

418 2203 675 2245 permutationis,
693 2205 738 2237 vel
758 2205 935 2248 decessum,
948 2216 1002 2239 seu
1015 2207 1160 2250 quamvis

419 2255 514 2288 aliam
545 2256 772 2290 demissionem
799 2259 845 2291 vel
875 2259 1080 2293 amissionem
1107 2266 1161 2293 aut

418 2308 631 2352 privationem
657 2310 728 2343 illos
748 2316 776 2344 et
791 2311 921 2345 illorum
943 2312 1086 2356 singulos
1100 2323 1159 2357 pro

420 2367 563 2406 tempore
589 2363 816 2405 obtinentium,
845 2371 897 2398 aut
923 2365 1000 2399 alias
1024 2376 1160 2410 quomo-

419 2415 614 2461 documque,
637 2428 693 2450 seu
715 2418 744 2450 in
767 2429 984 2463 quecumque,
1009 2431 1065 2453 seu
1090 2420 1160 2464 qui-

418 2469 619 2515 buscumque
633 2482 668 2505 ex
683 2472 847 2506 mensibus
861 2473 953 2506 nobis
968 2480 997 2506 et
1015 2474 1160 2507 Romano

419 2523 565 2558 Pontifici
586 2536 646 2569 pro
669 2531 813 2570 tempore
835 2527 979 2561 existenti
1005 2533 1036 2561 et
1057 2528 1160 2561 dietae

420 2576 492 2610 Sedi
523 2588 581 2622 per
606 2580 734 2613 easdem
760 2580 1006 2615 constitutiones
1033 2587 1161 2626 aposto-

422 2630 497 2664 licas
522 2642 577 2665 seu
598 2633 703 2667 dictae
723 2633 920 2667 Cancellarie
946 2635 1072 2677 regulas
1093 2635 1161 2668 edi-

423 2689 468 2717 tas
497 2690 524 2717 et
558 2686 707 2726 edendas,
725 2697 778 2719 seu
801 2687 878 2720 alias
903 2687 1158 2730 quomodolibet,

996 283 1176 307 nrtmnttttt
1196 283 1347 307 ROMANUM

1195 330 1364 364 reservatis
1384 330 1432 363 vel
1458 331 1675 371 reservandis,
1704 336 1758 364 aut
1789 332 1934 365 locorum

1194 383 1369 417 Ordinariis
1387 384 1433 418 vel
1451 384 1521 418 aliis
1539 384 1746 418 collatoribus
1764 385 1936 429 praedictis

1196 448 1252 482 per
1273 438 1400 472 easdem
1423 439 1471 472 vel
1497 439 1583 473 alias'
1598 439 1842 473 constitutiones
1859 450 1937 484 apo-

1195 490 1322 524 stolicas
1346 502 1402 525 seu
1431 492 1646 532 Cancellariae
1679 492 1861 536 praedictae
1885 503 1936 526 re-

1196 545 1286 586 gulas
1306 544 1453 578 similiter
1473 545 1574 579 editas
1595 551 1626 579 et
1651 545 1790 579 edendas
1810 556 1867 579 seu
1884 545 1936 578 lit-

1198 603 1279 631 teras
1297 598 1559 632 alternativarum
1579 605 1633 632 aut
1647 598 1776 643 quaevis
1793 598 1854 632 alia
1871 598 1937 643 pri-

1196 651 1310 694 vilegia
1344 658 1375 685 et
1406 651 1530 686 indulta
1560 652 1752 696 apostolica,
1780 662 1836 686 seu
1861 651 1939 685 alias

1197 706 1453 748 quomodolibet,
1469 716 1527 750 per
1547 706 1663 739 dictam
1690 706 1805 740 Sedem
1830 705 1939 739 hacte-

1197 768 1256 792 nus
1274 759 1434 793 concessis
1452 765 1482 793 et
1499 759 1710 804 imposterum
1728 759 1850 804 pariter
1866 768 1940 792 con-

1197 813 1359 854 cedendis,
1376 820 1430 848 aut
1448 814 1543 848 etiam
1562 815 1600 848 de
1621 814 1690 848 iure
1707 813 1872 847 communi
1890 813 1938 847 vel

1197 866 1382 909 particulari
1412 877 1468 900 seu
1496 867 1573 901 alias
1594 867 1826 912 quoquomodo
1851 877 1938 900 com-

1197 919 1381 962 petentibus
1397 926 1428 954 et
1445 920 1677 965 competituris,
1698 931 1734 954 ae
1755 920 1843 962 alias,
1864 930 1939 964 quo-

1197 973 1454 1018 modocumque,
1483 975 1773 1019 quandocumque,
1802 980 1833 1008 et
1860 973 1934 1007 ubi·-

1197 1037 1336 1071 cumque
1351 1038 1461 1062 vacare
1476 1030 1662 1073 contigerit)
1680 1029 1742 1064 loci
1755 1029 1938 1070 Ordinario,

1196 1091 1252 1114 seu
1273 1081 1341 1115 eius
1362 1081 1493 1116 officiali
1518 1093 1577 1126 pro
1607 1089 1752 1128 tempore
1777 1082 1934 1123 existenti,

1196 1134 1236 1167 ad
1255 1136 1546 1179 praesentationem
1564 1137 1710 1170 eamdem
1730 1137 1761 1170 in
1780 1136 1937 1170 decanatu

1196 1198 1232 1221 ac
1256 1188 1390 1232 singulis
1421 1189 1664 1224 canonicatibus
1689 1195 1720 1224 et
1743 1189 1937 1234 praebendis

1197 1251 1254 1285 per
1274 1248 1458 1286 praesentes
1479 1243 1639 1287 erigendis
1656 1243 1828 1288 praedictis
1850 1243 1938 1276 insti-

1198 1295 1360 1338 tuendas¹,
1377 1297 1472 1330 etiarn
1491 1302 1648 1342 perpetuo
1662 1297 1746 1330 dicta
1760 1298 1867 1330 nostra
1886 1307 1938 1330 au-

1196 1349 1341 1384 ctoritate
1363 1361 1516 1392 reserves,
1542 1351 1699 1384 concedas
1726 1356 1755 1384 et
1776 1350 1917 1394 assignes
1926 1361 1934 1391 ;

1197 1403 1239 1436 ita
1257 1403 1344 1447 quod
1362 1414 1426 1438 non
1445 1409 1613 1438 censeatur
1629 1404 1714 1438 dicto
1732 1404 1845 1438 Carolo
1863 1403 1935 1438 duci

1196 1463 1391 1491 reservatum
1427 1458 1665 1502 iuspatronatus
1697 1458 1806 1501 vigore
1837 1467 1933 1502 prae-

1195 1511 1333 1545 sentium
1355 1512 1394 1545 ad
1420 1512 1612 1545 decanatum
1638 1522 1674 1545 ac
1699 1520 1812 1544 novem
1839 1520 1935 1544 cano-

1196 1564 1320 1598 nicatus
1349 1570 1376 1598 et
1402 1565 1603 1609 praebendas
1628 1565 1798 1608 erigendos
1823 1564 1935 1598 huius-

1196 1618 1304 1660 modi,
1338 1618 1397 1651 nisi
1429 1624 1587 1662 quatenus
1613 1618 1698 1652 dicto
1724 1617 1838 1652 Carolo
1863 1618 1935 1651 duci

1195 1673 1235 1705 ad
1249 1672 1494 1716 quatuordecim
1509 1671 1714 1705 canonicatus
1731 1676 1762 1704 et
1779 1671 1936 1716 praeben-

1195 1726 1250 1759 das
1267 1726 1516 1770 supprimendos
1534 1725 1619 1759 idem
1641 1725 1879 1770 iuspatronatus
1899 1735 1935 1758 ex

1196 1779 1382 1812 fundatione
1401 1779 1446 1812 rel
1465 1778 1627 1812 dotatione
1649 1778 1790 1821 legitime
1807 1788 1936 1823 compe-

1195 1838 1250 1873 tat,
1268 1832 1411 1876 illudque
1430 1842 1538 1865 coram
1560 1837 1588 1865 te
1609 1831 1807 1865 verificatum
1829 1832 1935 1873 suerit,

1195 1891 1226 1919 et
1246 1896 1310 1919 non
1328 1886 1416 1926 alias,
1436 1895 1495 1919 nee
1512 1885 1575 1918 alio
1597 1885 1710 1925 modo,
1732 1885 1935 1919 decernendo

1195 1939 1433 1983 iuspatronatus
1450 1945 1480 1972 et
1497 1938 1721 1982 praesentandi
1749 1935 1935 1972 huiusmodi

1195 1993 1351 2027 laicorum
1377 1993 1533 2026 nobilium
1561 1993 1646 2026 dicto
1671 1992 1784 2026 Carolo
1805 1991 1877 2025 duci
1899 2001 1936 2025 ac

1195 2046 1308 2080 suturis
1333 2047 1479 2090 patronis
1499 2046 1670 2090 praedictis
1690 2055 1755 2080 non
1775 2055 1811 2079 ex
1836 2044 1934 2089 privi-

1196 2100 1278 2143 legio
1303 2100 1481 2144 apostolico
1497 2127 1504 2140 ,
1527 2099 1582 2133 sed
1609 2109 1643 2133 ex
1665 2099 1746 2133 veris
1771 2099 1934 2143 primaeva

1196 2154 1284 2195 reali,
1305 2154 1434 2195 actuali,
1458 2153 1592 2196 integra,
1614 2158 1645 2187 et
1664 2152 1851 2186 omnimoda
1869 2152 1935 2185 fun-

1195 2207 1336 2249 datione,
1357 2213 1388 2241 et
1412 2209 1567 2251 perpetua
1587 2206 1752 2240 dotatione
1772 2205 1877 2238 laicali
1898 2215 1934 2238 ex

1195 2260 1288 2294 bonis
1303 2271 1389 2294 mere
1403 2259 1685 2304 patrimonialibus
1699 2258 1795 2292 etiarn
1812 2257 1934 2291 laicali-

1196 2314 1254 2347 bus
1272 2314 1437 2347 dumtaxat
1454 2318 1648 2357 competere,
1669 2317 1700 2345 et
1717 2312 1756 2345 ad
1777 2311 1849 2345 illos
1866 2321 1935 2355 per—

1196 2367 1312 2407 tinere;
1339 2378 1375 2400 ac
1400 2373 1434 2400 ut
1455 2367 1516 2400 tale
1537 2366 1596 2399 sub
1617 2365 1825 2408 derogatione
1845 2364 1935 2397 iuris-

1194 2425 1382 2464 patronatus
1403 2430 1438 2453 ex
1463 2419 1631 2464 privilegio
1659 2417 1836 2463 apostolico
1861 2417 1933 2450 nul-

1195 2474 1318 2507 latenus
1343 2483 1498 2517 umquam
1519 2470 1765 2516 comprehendi,
1790 2480 1849 2503 nee
1873 2469 1930 2510 illi,

1195 2527 1261 2561 ullo
1281 2537 1434 2572 umquam
1458 2532 1603 2571 tempore
1620 2534 1825 2570 quocumque
1842 2534 1934 2568 prae-

1197 2586 1282 2615 textu
1299 2587 1330 2615 et
1348 2592 1385 2615 ex
1405 2581 1515 2626 quavis
1539 2574 1634 2614 causa
1659 2578 1864 2624 quantumvis
1881 2588 1934 2611 ur-

1234 2655 1242 2678 t
1267 2651 1382 2680 Adverte
1398 2652 1465 2680 hanc
1479 2659 1569 2679 vocem
1585 2650 1780 2679 instituendas
1793 2649 1886 2676 referri
1901 2648 1933 2676 ad

1194 2705 1334 2731 personas
1350 2697 1465 2723 idoneas
1481 2699 1557 2722 antea
1575 2694 1658 2722 dictas
1671 2695 1708 2729 (a.
1726 2700 1740 2720 τ
1755 2695 1773 2727 ).

1952 283 2001 310 An.
2021 282 2135 311 &1609

2188 287 2201 312 ‚a

2192 911 2202 920 .*
2200 886 2201 890 „
2192 848 2201 871 „2
2194 756 2203 838 A-„Mss
2198 614 2203 747 μ-,ψμῂω
2201 596 2202 601 Α
2199 547 2202 567 »Δ
2199 514 2201 535 M
2194 488 2196 490 <
2191 449 2201 473 [Α
2190 417 2201 439 ⁴„
2191 388 2201 399 ,Α

2202 1991 2203 2002 „„
2180 1840 2203 1979 *mauu-t<
2181 1733 2205 1832 ”22⁴2-
