2227 3241
37 244 84 271 Αιι.
101 242 131 269 C.
148 239 217 268 1606

890 235 1008 261 PAULUS
1029 236 1048 260 V
1067 236 1117 260 Pr.

235 287 324 332 quod
344 287 431 331 ipse,
463 286 618 331 pastorali
649 284 866 320 sollicitudine
892 283 978 318 invi-

235 341 338 384 gilans
362 341 388 375 si
413 351 475 385 qua
500 341 662 374 bonorum
688 339 976 374 ecclesiasticorum

235 400 290 428 aut
314 394 374 439 piis
399 394 509 428 usibus
534 394 715 428 dicatorum
736 398 892 437 occupata
912 393 979 427 fue-

237 449 311 489 rint,
329 448 500 491 diligenter
519 448 681 491 indagavit
701 458 737 481 ae
753 447 885 492 reperiit
899 457 979 480 non-

236 503 341 536 nullos
361 502 539 546 religiosos,
558 502 651 544 vulgo
680 507 882 545 nuncupatos
907 500 980 534 Sco-

238 561 294 598 tos,
318 561 456 599 egestate
477 561 616 596 coactos,
634 555 755 599 abipsa
769 555 894 588 civitate
916 554 977 587 iam

236 609 438 654 septuaginta
460 609 499 643 ab
524 609 599 642 hinc
620 608 712 642 annis
732 608 927 648 discessisse,
951 613 981 641 et

238 673 351 697 eorum
373 663 605 697 monasterium
627 662 851 696 communitati
878 662 980 695 dictae

237 717 383 757 civitatis,
399 727 471 750 cum
491 721 587 761 pacto
613 716 692 750 illud
714 716 928 749 riassumendi
950 715 980 748 in

238 764 446 806 eventum'in
471 781 568 815 quem
598 770 679 804 istuc
710 770 873 810 redirent,
901 769 978 803 reli-

238 825 364 870 quisse;
399 825 456 859 sed
486 829 599 869 postea
630 824 716 858 idem
748 823 980 858 monasterium

238 878 282 912 ita
310 879 349 912 ab
379 878 550 912 haereticis
582 878 725 912 dirutum
757 877 919 919 extitisse,
947 882 982 910 ut

238 933 327 967 nulla
351 933 437 967 illius
462 932 594 976 vestigia
627 937 820 977 appareant:
848 932 982 976 insuper

239 992 327 1020 extra
351 987 470 1021 dictam
496 987 657 1021 civitatem
683 986 833 1020 ecclesias
853 991 981 1020 sancto-

238 1051 308 1074 rum
327 1041 434 1075 lodoci
453 1046 483 1075 et
498 1040 659 1075 Leonardi
677 1041 799 1074 dirutas
814 1050 983 1084 apparere,

239 1105 276 1128 ex
290 1094 407 1138 quibus
420 1095 527 1129 nullos
541 1094 687 1128 redditus
704 1093 827 1138 percipi
849 1098 982 1135 constat,

240 1153 282 1189 et,
293 1148 318 1182 si
333 1149 388 1193 qui
405 1149 514 1182 forsan
531 1148 766 1193 percipiuntur,
786 1153 933 1191 sumptus
951 1147 983 1180 in

240 1203 303 1237 illis
323 1203 486 1246 exigendis
511 1203 582 1236 fieri
616 1203 702 1237 soliti
735 1202 805 1236 illos
830 1212 983 1246 superare

239 1256 410 1290 dicuntur:
440 1263 580 1302 quatuor
604 1262 772 1301 praeterea
797 1256 984 1290 domuncu—

240 1311 286 1344 las
311 1311 351 1344 ad
375 1322 527 1356 praesens
552 1312 616 1345 sere
637 1311 764 1356 penitus
790 1310 922 1351 dirutas,
953 1309 984 1342 in

240 1365 358 1409 quibus
383 1365 460 1399 olim
485 1365 661 1399 nonnullae
687 1365 839 1398 mulieres
864 1364 896 1397 In
922 1363 981 1396 lia-

241 1418 309 1452 bitu
331 1418 532 1460 monialium,
556 1419 612 1453 sed
633 1418 712 1452 citra
726 1417 983 1452 observationem

241 1472 420 1515 clausurae,
439 1473 569 1507 insimul
587 1472 787 1513 habitabant,
818 1472 986 1516 chm‘imc

241 1532 463 1572 nuncupatae,
491 1538 528 1561 ex
559 1526 677 1571 quibus
708 1537 794 1560 nunc
820 1526 928 1559 nullae
953 1525 986 1558 in

242 1580 327 1614 dicta
352 1580 477 1614 civitate
499 1580 666 1614 existunt:·
679 1581 854 1624 omniaque
875 1590 986 1623 supra-

242 1633 328 1668 dicta
345 1634 581 1679 quinquaginta
601 1634 640 1667 ab
659 1634 733 1668 hinc
754 1633 846 1667 annis
864 1644 880 1666 a
898 1632 986 1666 laicis

242 1692 400 1732 occupata
425 1688 538 1727 suisse;
571 1688 627 1722 sed
653 1694 764 1732 postea
790 1687 874 1720 cives
899 1696 983 1719 non-

243 1743 348 1776 nullos
377 1742 634 1777 Constantienses
667 1753 726 1787 pro
757 1752 870 1775 eorum
904 1752 984 1774 con-

242 1796 450 1831 scientiarum
463 1797 635 1831 securitate
651 1807 790 1837 curasse,
813 1801 847 1829 ut
869 1795 900 1828 in
914 1796 986 1828 loco

243 1851 418 1895 supradicti
440 1851 639 1891 monasterii,
653 1862 669 1884 a
688 1849 859 1895 praedictis
878 1859 988 1882 mona-

244 1897 312 1939 cliis
336 1905 438 1940 Scotis
455 1905 569 1947 relicti,
590 1905 735 1946 ecclesia,
756 1904 986 1938 coemeterium

245 1963 275 1992 et
293 1958 408 1993 domus
425 1960 596 1993 commode
614 1959 653 1993 ad
673 1958 875 2003 recipiendos
893 1958 989 2002 pesti-

245 2013 362 2046 lentiae
381 2013 495 2047 morbo
516 2014 700 2047 laborantes
718 2013 821 2046 dit-tae
842 2023 988 2046 commu-

246 2066 353 2100 nitatis
370 2067 554 2111 sumptibus
571 2067 841 2107 aedificarentur;
860 2071 901 2107 et,
917 2066 990 2099 licet
1006 2081 1007 2089 ι

247 2121 285 2154 de
310 2121 493 2166 praemissis
514 2121 573 2154 nisi
599 2131 656 2165 per
682 2121 798 2154 samam
827 2130 892 2153 non
914 2130 989 2153 con-

246 2180 325 2215 stet,
352 2175 428 2219 quia
454 2181 559 2209 tamen
590 2180 738 2219 sumptus
760 2174 791 2207 in
817 2173 989 2218 praedictis

247 2229 402 2263 aedificiis
427 2234 459 2262 et
482 2229 534 2272 pia
560 2228 636 2262 dicti
658 2228 765 2272 operis
786 2227 990 2261 tulministra-

249 2282 334 2316 tione
358 2292 416 2326 per
436 2281 540 2315 dictae
560 2281 696 2315 civitatis
720 2286 867 2315 senatum
894 2280 987 2320 sacti,

248 2341 278 2370 et
302 2336 358 2380 qui
375 2335 468 2377 fiunt,
489 2336 623 2376 fructus,
652 2335 706 2379 qui
727 2345 762 2368 cx
785 2334 877 2368 (lictis
898 2333 991 2367 bonis

249 2389 471 2423 ecclesiasticis
496 2388 731 2434 percipiuntur,
759 2393 926 2432 superant,
944 2386 992 2420 di-

249 2449 300 2477 cto
320 2443 471 2488 episcopo
492 2442 669 2477 consultius
696 2442 799 2476 visum
825 2442 883 2475 suit
907 2441 992 2475 circa

250 2496 303 2530 illa
334 2497 414 2530 nihil
446 2497 632 2530 immutari:
665 2501 834 2540 praeterea
867 2495 906 2529 ab
932 2505 989 2529 eo-

251 2551 324 2584 dem
343 2556 456 2585 senatu
474 2550 610 2584 detineri
628 2550 800 2594 comperiit
817 2549 991 2594 quamdam

251 2604 385 2639 domum
406 2605 483 2639 olim
505 2604 664 2638 dictarum
686 2604 859 2637 mulierum
880 2603 993 2646 Begui-

251 2669 367 2693 narum
393 2659 432 2693 ab
459 2660 578 2695 eisdem
604 2659 753 2703 Beguinis
779 2659 820 2692 ob
838 2659 923 2692 illius
950 2664 993 2692 te-

1013 295 1092 318 nues
1118 283 1263 318 redditus
1287 283 1433 317 relictam
1448 310 1455 324 ,
1484 293 1521 317 ex
1543 293 1607 327 qua
1631 287 1759 316 senatus

1015 344 1174 372 trecentos
1195 338 1323 372 circiter
1341 337 1481 371 florenos
1502 337 1668 371 annuatim
1687 347 1759 380 per-

1014 391 1102 435 cipit,
1118 402 1153 425 ac
1175 391 1205 424 in
1223 402 1416 436 pauperum,
1440 390 1631 435 praesertim
1653 391 1760 434 lepro-

1014 456 1137 486 sorum,
1157 456 1233 479 usus
1251 456 1385 488 erogare
1400 445 1581 479 consuevit:
1606 445 1673 489 ipse
1685 454 1759 477 vero

1014 499 1185 543 episcopus
1212 499 1346 532 domum
1372 500 1453 533 lianc
1479 498 1655 533 seminario
1681 508 1759 542 pue·

1015 564 1125 587 rorum
1152 553 1442 587 ecclesiasticorum
1473 553 1628 596 erigendo
1656 552 1760 596 appli-

1015 607 1118 648 cavit,
1142 607 1196 640 ubi
1222 607 1344 640 alumni
1370 607 1511 641 eiusdem
1539 605 1704 640 seminarii
1731 611 1761 639 et

1015 662 1069 694 alii
1100 661 1322 702 convictores,
1347 661 1404 694 sub
1431 663 1509 695 cura
1534 660 1760 703 religiosorum

1015 715 1181 749 Societatis
1205 716 1275 749 Iesu
1304 720 1334 748 et
1358 714 1517 758 gubernio
1547 713 1641 747 unius
1666 724 1761 758 prae-

1017 769 1089 802 fecti
1113 769 1256 802 eiusdem
1279 768 1460 809 Societatis,
1481 768 1611 812 pietate,
1630 767 1761 812 optimis

1017 823 1163 857 moribus
1181 829 1209 857 et
1227 823 1342 856 litteris
1360 822 1461 856 imbui
1480 822 1614 867 possint,
1635 825 1671 856 ea
1690 831 1762 854 con-

1017 877 1137 911 ditione
1158 883 1278 918 tamen,
1302 882 1336 910 ut
1357 882 1485 910 senatus
1499 881 1530 910 et
1546 875 1761 910 communitas

1016 931 1173 976 praedicti
1203 931 1337 966 domum
1368 931 1589 975 praedictam,
1621 940 1693 964 cum
1721 930 1760 963 ad

1016 996 1168 1030 praesens
1192 985 1321 1031 penitus
1346 985 1452 1019 diruta
1469 984 1520 1025 sit,
1544 984 1609 1017 suis
1627 983 1762 1027 sumpti-

1018 1040 1076 1073 bus
1108 1049 1167 1083 pro
1203 1039 1370 1084 praedicto
1404 1037 1579 1072 seminario
1608 1036 1761 1080 erigendo

1019 1093 1244 1134 reaedificent,
1273 1099 1315 1133 et,
1343 1098 1378 1126 ut
1402 1091 1546 1125 redditus
1575 1101 1688 1124 omnes
1714 1089 1761 1123 di-

1018 1153 1087 1181 ctae
1109 1148 1224 1181 domus
1242 1152 1328 1180 recte
1350 1146 1590 1190 impendantur,
1615 1154 1687 1178 cum
1709 1154 1762 1177 eo-

1019 1202 1091 1235 dem
1113 1206 1226 1235 senatu
1252 1200 1401 1234 convenit
1426 1205 1460 1232 ut
1486 1199 1524 1232 de
1545 1198 1674 1232 residuo
1696 1198 1762 1230 sru-

1019 1261 1128 1290 ctuum
1151 1245 1385 1299 quinquaginta
1399 1254 1464 1286 duo
1489 1252 1604 1286 ilorcni
1626 1251 1681 1285 uni
1707 1261 1760 1284 sa-

1019 1310 1154 1350 cerdoti,
1179 1309 1233 1353 qui
1260 1308 1374 1342 diebus
1401 1306 1551 1352 praefixis
1572 1306 1603 1339 in
1629 1305 1764 1340 ecclesia

1019 1363 1187 1408 hospitalis
1207 1362 1375 1407 praedicti,
1400 1367 1488 1395 extra
1512 1361 1630 1394 dictam
1652 1359 1762 1392 eivita-

1022 1423 1084 1451 tem
1104 1416 1276 1459 existentis,
1296 1416 1408 1449 missas
1426 1415 1578 1455 celebret,
1596 1413 1763 1447 annuatim

1021 1472 1206 1511 tradantur;
1241 1471 1371 1514 duoque
1392 1469 1513 1503 alumni
1541 1469 1572 1502 in
1597 1468 1764 1513 praedicto

1019 1525 1195 1560 seminario
1224 1530 1383 1569 perpetuo
1408 1523 1535 1557 alantur
1566 1533 1639 1556 cum
1666 1532 1764 1555 onere

1020 1585 1055 1613 ut
1080 1579 1119 1613 ad
1150 1579 1393 1623 preslqteratus
1426 1577 1573 1611 ordinem
1608 1575 1763 1609 canonice

1020 1638 1273 1678 promoveantur
1302 1633 1342 1666 ad
1377 1632 1503 1666 titulum
1533 1630 1684 1664 beneficii
1716 1629 1764 1662 rel

1021 1687 1207 1732 patrimonii
1230 1687 1315 1720 iuxta
1335 1686 1418 1720 sacri
1436 1685 1568 1720 Concilii
1585 1683 1763 1718 Tridentini

1021 1742 1162 1781 decreta,
1181 1739 1319 1785 quorum
1336 1739 1551 1784 praesentatio
1566 1738 1605 1771 ad
1619 1743 1763 1771 senatum

1021 1800 1051 1828 ct
1065 1794 1333 1828 communitatem
1351 1793 1544 1838 praedictos,
1562 1791 1676 1826 electio
1690 1801 1765 1824 vero

1021 1849 1061 1882 ad
1087 1848 1289 1893 praedictum
1314 1853 1343 1881 et
1371 1858 1430 1891 pro
1457 1853 1602 1890 tempore
1629 1845 1765 1878 existen-

1023 1909 1083 1936 tem
1106 1902 1294 1946 episcopum
1314 1900 1589 1935 Constantiensom
1612 1904 1743 1944 spectet.

1066 1957 1081 1999 ξ
1102 1956 1131 1989 2.
1150 1956 1227 1990 Cum
1247 1961 1365 1997 autem,
1380 1954 1463 1988 sicut
1480 1954 1591 1988 eadem
1612 1953 1766 1997 expositio

1022 2011 1260 2053 subiungebat,
1290 2009 1367 2043 haec
1398 2008 1507 2042 omnia
1531 2008 1613 2042 inter
1636 2006 1762 2051 episco-

1022 2076 1097 2109 pum
1112 2070 1142 2097 et
1162 2070 1308 2098 senatum
1331 2063 1514 2107 praedictos
1535 2062 1593 2095 sub
1608 2067 1718 2094 nostro
1738 2067 1767 2094 et

1021 2119 1111 2153 Sedis
1132 2118 1336 2163 Apostolicae
1357 2116 1560 2161 beneplacito
1584 2121 1714 2149 tractata
1737 2121 1764 2148 et

1022 2172 1162 2206 stabilita
1189 2172 1317 2212 suerint,
1343 2176 1373 2204 et
1395 2176 1458 2204 tam
1478 2170 1647 2214 episcopus
1669 2179 1765 2213 quam

1006 2232 1151 2260 ,senatus
1184 2232 1215 2259 ct
1247 2225 1464 2259 communitas
1497 2223 1652 2268 praedicti
1684 2232 1763 2255 con-

1023 2281 1188 2314 ventiones
1202 2279 1393 2325 praedictas,
1412 2289 1469 2322 pro
1488 2278 1615 2310 illarum
1632 2275 1767 2309 firmiori

1026 2334 1186 2368 validitate
1223 2340 1254 2367 et
1291 2332 1517 2367 observatione
1553 2337 1649 2374 atquc
1684 2340 1764 2363 con-

1024 2388 1233 2422 scientiarum
1256 2387 1401 2421 eiusdem
1425 2391 1554 2419 senatus
1583 2384 1764 2424 securitate,

1025 2442 1221 2487 apostolicae
1235 2447 1362 2475 nostrae
1378 2438 1634 2474 confirmationis
1651 2437 1768 2471 robore

1025 2495 1220 2530 communiri
1246 2495 1397 2539 cupiant;
1418 2493 1576 2536 nobisque
1596 2497 1768 2536 propterea

1026 2550 1191 2583 humiliter
1207 2547 1381 2593 supplicari
1401 2548 1546 2580 fecerunt
1562 2551 1598 2578 ut
1615 2545 1647 2578 in
1668 2555 1765 2589 prae-

1027 2603 1132 2637 missis
1152 2608 1335 2647 opportune
1363 2600 1531 2645 providerc
1557 2599 1596 2632 de
1620 2598 1768 2642 benigni-

1029 2662 1091 2691 tate
1118 2655 1293 2701 apostolica
1314 2654 1533 2698 dignaremur.
1557 2652 1619 2686 Nos
1646 2652 1764 2696 igitur,

1655 223 1719 257 373
1764 232 1815 259 An.
1837 232 1865 258 e.
1893 231 1963 259 icoo

1809 1955 1932 1975 Commissio
1941 1954 1967 1975 de

1782 1988 1823 2008 qua
1835 1989 1855 2002 ιιι
1868 1982 1958 2003 rubrica.
