2227 3241
241 267 290 294 An.
307 266 336 294 C.
358 266 422 293 1608

267 486 307 507 Nec
323 487 349 506 :tul
363 491 422 511 ‹epe-

241 514 332 534 hun-tum
348 513 367 532 in
388 518 423 537 pa-

241 540 369 560 rorhmhbus

240 572 288 592 gere
304 572 373 591 posse.
388 566 422 591 qui

240 594 260 612 in
276 592 371 612 manulius
393 592 423 611 dt·

240 622 267 638 cu
287 619 370 638 mulmis
392 624 423 637 ss·-

242 646 346 670 vulturam
356 644 423 670 etege-

239 674 292 692 runt.

278 909 422 936 Exequmoros

238 936 300 956 huius
320 937 421 956 constitu-

237 964 298 983 tionis
313 963 407 988 deputat.

261 2460 419 2488 Gonu-artisque

235 2487 329 2513 derogat.

468 257 531 290 5210

439 320 604 359 praetextu
630 320 680 346 aut
714 314 901 353 occasione,
930 314 1025 347 etiam
1047 315 1086 347 (le
1105 325 1180 348 con-

437 368 528 405 silio,
556 377 710 400 consensu
738 373 764 399 οι
799 367 948 400 mandato
970 378 1101 400 suorum
1121 368 1178 401 Or-

438 421 650 461 dinariorum,
676 421 820 463 exigere:

482 475 498 515 g
524 476 553 506 ti.
575 474 637 506 Nec
663 474 754 510 tilios,
782 484 920 517 quorum
941 479 1048 518 patres
1075 475 1105 508 in
1128 485 1179 508 ec-

388 527 542 560 t-u-clesiis
570 527 728 560 dictorum
762 528 896 561 fratrum
928 534 958 561 et.
989 529 1177 562 monialium

438 580 553 624 sepulti
584 587 674 621 sunt,
698 587 753 614 aut
772 583 972 625 sepulturam
1005 582 1178 626 particula-

439 644 506 667 rem
534 644 593 678 pro
623 645 656 667 se
688 640 719 667 et
743 635 808 668 suis
840 635 978 675 liabent,
1009 636 1038 668 in
1065 646 1177 669 eorum

439 687 677 730 parochialibus
698 688 840 721 ecclesiis
856 688 997 732 sepeliri,
1021 694 1048 721 et
1077 688 1178 722 dictos

437 746 543 784 patres
564 741 603 774 ad
622 741 693 781 hoc,
718 747 752 774 ut
773 741 803 774 in
825 741 917 775 dictis
939 741 1177 785 parochialibus

436 794 643 838 sepeliantur,
667 804 782 838 cogere
811 795 933 828 valeant
964 805 1018 828 seu
1048 805 1178 839 praesu-

438 852 535 880 mant.

482 902 498 942 ξ
521 899 549 932 7.
573 900 728 939 Quocirca
747 901 871 935 dilectis
885 901 957 935 siliis
978 902 1085 935 curiae
1103 912 1177 935 cau-

436 962 543 985 sarum
568 953 720 987 Gamerae
741 955 943 998 Apostolicae
963 955 1104 996 generali
1126 966 1178 988 au-

436 1005 555 1046 ditori,
590 1017 625 1039 ac
662 1007 825 1041 Indiarum
862 1008 1116 1042 Occidentalium
1147 1014 1177 1042 et

435 1059 646 1094 Orientalium
661 1061 828 1095 Societatis
842 1063 911 1096 lesu
925 1063 1176 1107 provincialibus

435 1123 493 1156 pro
513 1119 657 1158 tempore
676 1115 895 1155 existentibus,
917 1126 974 1160 per
994 1123 1176 1160 praesentes

435 1167 666 1200 committimus
703 1174 729 1201 et
770 1169 984 1210 mandamus,
1018 1175 1176 1213 quatenus

436 1219 513 1263 ipsi,
537 1221 583 1253 vel
605 1221 688 1262 duo,
712 1228 766 1255 aut
788 1232 868 1255 unus
894 1233 1026 1263 eorum,
1052 1233 1110 1266 per
1129 1234 1173 1260 se,

434 1272 479 1305 vel
494 1272 604 1313 alium,
622 1284 677 1307 seu
699 1275 788 1313 alios,
810 1275 863 1308 ubi
891 1281 919 1309 et
941 1276 1070 1319 quando
1097 1285 1177 1320 opus

434 1325 539 1364 suerit,
564 1332 594 1359 et
615 1327 740 1370 quoties
774 1339 833 1371 pro
862 1335 951 1372 parte
972 1329 1193 1377 superiorum}

434 1384 465 1412 et
486 1379 620 1413 fratrum
647 1381 879 1425 cuiuscumque
910 1382 1025 1416 domus
1054 1389 1081 1416 et
1109 1393 1176 1415 mo-

434 1433 564 1467 nasterii
584 1434 658 1467 dicti
673 1434 800 1468 Ordinis
815 1436 941 1469 illarum
960 1432 1193 1480 paramento-³

434 1486 499 1519 rint
530 1487 696 1530 requisiti,
727 1489 773 1521 rel
807 1499 919 1522 eorum
945 1489 1060 1533 aliquis
1082 1490 1173 1523 suerit

435 1540 627 1584 requisitus,
651 1548 834 1585 praesentes
856 1543 975 1576 litteras
1007 1549 1038 1576 ct
1069 1543 1098 1576 in
1131 1544 1176 1577 eis

435 1599 585 1627 contenta
606 1605 832 1639 quaecumque
862 1597 1049 1630 solemniter
1070 1597 1175 1641 publi-

435 1653 553 1689 cantes,
578 1648 686 1692 cisque
708 1649 739 1681 in
761 1649 946 1693 praemissis
967 1650 1104 1684 efficacis
1121 1651 1175 1684 de-

434 1700 588 1734 fensionis
602 1702 763 1745 praesidio
777 1702 968 1744 assistentes,
983 1703 1108 1745 saciant,
1124 1715 1175 1738 au-

435 1754 582 1788 ctoritate
607 1757 728 1796 nostra,
750 1755 879 1789 illorum
901 1757 1046 1790 omnium
1065 1763 1093 1791 et
1111 1757 1193 1791 sin-'

435 1807 584 1849 gulorum
604 1808 718 1842 effectu
735 1809 869 1854 pacifice
886 1810 947 1843 frui
966 1816 995 1844 et
1013 1811 1170 1853 gaudere:

432 1870 498 1894 non
515 1861 738 1905 permittentes
753 1873 808 1897 cos
822 1864 961 1908 desuper
975 1875 992 1897 a
1009 1875 1173 1909 quoquam

433 1915 544 1958 quavis
564 1916 756 1950 auctoritate
769 1918 1016 1961 quomodolibet
1033 1918 1174 1953 indebite

433 1967 611 2009 molestari;
631 1969 884 2005 contradictores
897 1981 1119 2016 quoscumque
1144 1978 1173 2006 et

432 2021 616 2064 praemissis
632 2032 696 2055 non
711 2029 869 2067 parentes,
887 2024 996 2068 eisque
1009 2025 1174 2067 auxilium,

433 2074 602 2108 consilium
632 2076 678 2109 vel
706 2077 847 2111 savorem
865 2105 872 2118 ,
895 2078 1023 2122 publice
1043 2080 1091 2112 vel
1119 2090 1172 2113 oc-

433 2129 535 2170 culte,
559 2129 680 2163 directe
700 2131 748 2164 vel
767 2131 940 2173 indirecte,
969 2133 1173 2176 quomodoli-

433 2181 486 2214 bet
502 2187 717 2226 praestantes,
748 2194 807 2227 per
827 2195 977 2218 censuras
997 2192 1028 2219 et
1053 2196 1173 2230 poenas

433 2235 683 2275 ecclesiasticas,
720 2237 847 2281 aliaque
879 2241 1063 2282 opportuna
1095 2239 1172 2273 iuris

434 2292 465 2320 et
485 2287 558 2321 facti
580 2289 733 2329 remedia,
758 2290 974 2334 appellatione
995 2292 1169 2335 posposita,

434 2343 680 2385 compescendo,
706 2343 851 2377 invocato
878 2344 972 2378 etiam
994 2345 1033 2378 ad
1054 2345 1126 2387 hoc,
1147 2346 1171 2379 si

434 2404 515 2438 opus
541 2396 644 2437 luerit,
665 2396 782 2430 auxilio
803 2397 923 2431 brachii
945 2399 1128 2432 saecularis.

478 2448 493 2491 ἓ
523 2447 553 2481 8.
582 2449 651 2482 Non
682 2450 882 2484 obstantibus
913 2452 1108 2495 praemissis,
1136 2463 1172 2486 ac

434 2501 598 2543 quibusvis
625 2502 904 2537 constitutionibus
933 2511 964 2538 et
994 2505 1172 2539 ordinatio-

433 2554 529 2588 nibus
553 2556 747 2599 apostolicis,
770 2567 806 2591 ae
831 2558 1039 2591 eeclesiarum
1058 2560 1172 2593 domo-

435 2617 507 2641 rum
529 2614 560 2642 et
587 2610 877 2652 monasteriorum,
901 2617 931 2645 et
959 2611 1086 2646 Ordinis
1112 2612 1172 2646 hu-

436 2660 584 2703 iusmodi,
601 2663 695 2696 etiam
716 2664 907 2703 iuramento,
926 2666 1172 2701 confirmatione

1020 267 1119 290 mmm,
1126 267 1204 291 ntttttt
1224 266 1378 292 ROMANUM

1963 269 2018 296 An.
2035 267 2064 296 c.
2079 269 2149 298 1608

1214 316 1407 358 apostolica,
1427 315 1475 348 vel
1495 315 1606 359 quavis
1627 316 1779 350 firmitate
1803 317 1864 350 alia
1892 326 1948 350 ro·
2166 332 2178 342 ³
2197 314 2203 319 ”

1215 368 1344 409 boratis‚
1368 368 1492 402 statutis
1513 374 1543 402 et
1563 369 1860 411 consuetudinibus,
1886 370 1952 414 pri-

1214 421 1337 463 vilegiis
1357 431 1498 465 quoque,
1521 421 1664 463 indultis,
1692 428 1722 455 et
1746 422 1859 456 litteris
1875 432 1952 467 apo-

1213 473 1333 507 stolicis
1349 500 1356 514 ,
1384 474 1549 518 quibusvis
1569 474 1732 516 ecclesiis,
1755 485 1792 508 ae
1822 475 1951 509 illarum

1213 527 1393 561 rectoribus
1407 554 1415 569 ,
1436 533 1490 562 aut
1509 527 1765 572 quibuscumque
1785 528 1865 569 aliis,
1893 529 1951 563 sub

1213 581 1471 626 quibuscumque
1496 581 1662 616 tenoribus
1692 588 1724 616 et
1757 582 1890 624 formis,
1921 583 1953 617 in

1213 634 1411 668 contrarium
1436 635 1687 679 praemissorum
1709 635 1953 679 quomodolibet

1213 689 1382 730 concessis,
1399 689 1609 731 confirmatis,
1630 695 1661 724 et
1673 689 1867 734 approbatis:
1883 689 1953 734 qui-

1213 742 1271 775 bus
1291 742 1441 776 omnibus
1463 747 1495 776 et
1514 742 1658 785 singulis,
1680 752 1791 776 eorum
1811 748 1950 784 tenores,

1213 795 1433 838 praesentibus
1451 806 1509 840 pro
1530 795 1687 840 expressis
1714 796 1801 829 etad
1818 796 1952 830 verbum

1213 847 1338 881 insertis
1355 848 1519 889 habentes,
1537 848 1597 882 hac
1615 849 1682 882 vice
1701 849 1866 883 dumtaxat
1885 859 1954 894 spe-

1212 900 1334 934 cialiter
1354 907 1384 934 et
1404 912 1550 946 expresse
1571 902 1779 945 derogamus,
1803 903 1952 937 caeteris-

1211 964 1274 997 que
1291 955 1460 989 contrariis
1480 955 1750 1000 quibuscumque.

1255 1007 1270 1049 ξ
1292 1007 1321 1041 9.
1346 1008 1499 1043 Volumus
1519 1014 1646 1050 autem,
1674 1014 1709 1042 ut
1732 1009 1948 1053 praesentium

1213 1061 1431 1105 transumptis,
1455 1062 1550 1095 etiam
1572 1061 1745 1106 impressis,
1769 1072 1865 1096 manu
1885 1062 1946 1096 ali·
1979 1063 2007 1081 ³¹·

1211 1113 1301 1147 cuius
1321 1114 1438 1148 notarii
1458 1115 1579 1158 publici
1599 1115 1774 1159 suscriptis,
1795 1120 1826 1149 et
1845 1116 1950 1159 sigillo

1211 1167 1345 1201 alicuius
1376 1178 1533 1212 personae
1565 1169 1597 1202 in
1623 1169 1777 1212 dignitate
1804 1170 1951 1204 ecclesia-

1192 1238 1193 1248 κ
1211 1221 1287 1254 stica
1308 1221 1500 1255 constitutae
1520 1222 1663 1264 munitis,
1687 1223 1798 1257 eadem
1819 1233 1952 1267 prorsus

1211 1274 1289 1308 tides
1315 1274 1526 1316 adhibeatur,
1549 1285 1631 1319 quae
1655 1275 1775 1310 eisdem
1800 1286 1951 1321 praesen-

1212 1327 1294 1361 tibus
1319 1328 1549 1368 adhiberetur,
1577 1329 1601 1362 si
1637 1329 1741 1363 forent
1767 1329 1947 1371 exhibitae,

1192 1381 1193 1424 ξ
1212 1382 1256 1415 vel
1279 1388 1436 1416 ostensae.
1632 1376 1644 1389 ”

1255 1436 1366 1469 Datum
1388 1436 1509 1470 Romae
1522 1436 1607 1480 apud
1628 1442 1774 1470 sanctum
1795 1436 1948 1477 Marcum,

1210 1488 1268 1522 sub
1305 1489 1424 1522 annulo
1459 1489 1629 1524 Piscatoris
1648 1517 1655 1530 ,
1694 1489 1746 1523 die
1781 1499 1840 1523 xxv
1872 1489 1950 1523 iunii

1210 1551 1343 1581 uncvm,
1368 1542 1576 1586 pontificatus
1597 1543 1697 1577 nostri
1718 1553 1802 1576 anno
1824 1553 1864 1577 tv.

1247 1594 1303 1622 Dat.
1321 1595 1364 1623 die
1383 1595 1418 1622 25
1437 1595 1504 1622 iunii
1520 1595 1598 1629 1608,
1619 1595 1714 1632 pontif.
1737 1604 1780 1623 an.
1803 1602 1836 1623 tv.

1528 1740 1627 1775 cvm.

1211 1819 1255 1852 De
1278 1819 1414 1853 Ambilu
1444 1821 1604 1863 [ratribus
1635 1820 1788 1855 Eremitz's
1815 1820 1949 1855 Ordinis

1252 1873 1357 1906 sancti?
1380 1873 1563 1917 Attyustini
1587 1873 1783 1908 interdicto&

1447 1963 1557 1991 Paulus
1577 1963 1658 1998 Papa
1676 1964 1719 1996 V,

1329 2009 1364 2034 ad
1384 2010 1558 2041 perpetuam
1577 2007 1623 2036 rei
1644 2008 1824 2036 memoriam.

1252 2079 1473 2113 Admonemur
1486 2079 1656 2123 pastoralis
1668 2079 1767 2114 oflicii
1780 2080 1880 2115 nostri
1898 2080 1949 2116 de-

1208 2131 1274 2166 bito
1300 2132 1483 2178 diligentius
1508 2133 1703 2178 prospicere,
1723 2144 1763 2168 ne
1779 2134 1947 2178 religiosis,

1208 2186 1264 2229 qui
1281 2187 1462 2229 regularem
1480 2187 1576 2220 vitam
1594 2187 1729 2232 professi
1748 2188 1877 2223 saeculo
1897 2199 1947 2223 re-

1208 2240 1422 2280 nunciarunt,
1447 2239 1487 2273 ad
1507 2239 1679 2282 dignitates
1704 2246 1734 2273 et
1756 2240 1864 2275 officia
1889 2252 1948 2285 per

1207 2292 1410 2326 emendicata
1441 2292 1593 2336 suffragia
1624 2293 1814 2328 ambitiosus
1840 2300 1947 2339 pateat

1189 2363 1190 2385 i
1207 2346 1383 2380 accessu?⁸
2184 2376 2190 2394 z

1188 2419 1190 2436 i
1251 2401 1267 2442 g
1282 2400 1311 2434 1.
1324 2400 1481 2439 Quocirca
1499 2405 1588 2434 motu
1605 2401 1750 2446 proprio,
1766 2407 1797 2435 et
1810 2411 1846 2435 ex
1859 2403 1946 2436 cert&
1959 2393 2144 2448 affluam:
2178 2411 2190 2442 ,·

1960 2446 1985 2466 tis
2000 2446 2062 2469 huius
2083 2448 2143 2469 Ordi-
2162 2462 2166 2466 ·
2193 2439 2195 2443 ι

1206 2453 1337 2487 scientia
1362 2457 1488 2494 nostra,
1518 2464 1555 2487 ac
1579 2453 1619 2488 de
1639 2454 1834 2499 apostolieae
1854 2460 1944 2499 pote·
1959 2472 1998 2494 nis,

1989 2097 2110 2120 Exordium.

1244 2544 1253 2570 1
1277 2542 1333 2571 Atia
1352 2542 1385 2570 de
1403 2543 1446 2569 his
1466 2542 1596 2570 fratribus
1621 2542 1680 2570 vide
1702 2542 1729 2570 iu
1744 2542 1895 2571 Alexandro
1911 2543 1946 2571 tv

1206 2586 1319 2614 Constit.
1334 2595 1395 2614 xxix
1410 2587 1489 2615 Licet
1503 2591 1567 2615 tom.
1583 2584 1613 2614 111v
1627 2595 1688 2623 pag.
1704 2586 1764 2615 636.

1242 2631 1258 2658 2
1278 2631 1315 2660 De
1340 2631 1390 2659 hac
1415 2631 1472 2667 ipsa
1495 2639 1526 2660 re
1553 2631 1614 2659 vide
1643 2632 1755 2660 Constit.
1783 2631 1865 2661 Clem.
1887 2632 1944 2660 Vlll

1190 2704 1193 2709 ,
1207 2684 1288 2712 supra
1305 2684 1362 2712 pag.
1384 2675 1434 2704 136
1450 2675 1529 2704 huius
1545 2675 1695 2704 voluminis.

1995 996 2149 1034 Tranaenriiptis-

1981 1040 2006 1054 ue
2022 1034 2146 1056 credtmnn·
2179 1033 2199 1039 '⁴'
