2227 3241
14 234 64 261 An.
82 232 110 259 C.
127 232 192 261 1604

833 230 979 255 CLEMENS
999 231 1055 256 vul
1065 263 1067 266 y
1076 232 1126 256 PP.

211 290 294 320 rum,
318 279 403 313 bona
430 278 562 312 mobilia
587 284 618 312 et
643 277 833 318 immobilia,
856 288 950 322 prae-

210 332 312 366 sentia
329 338 359 365 et
380 332 498 373 sutura,
520 332 755 376 cuiuscumque
775 330 949 375 qualitatis,

210 387 337 430 generis
357 392 388 420 et
408 385 525 430 speciei
552 385 717 418 existentia
739 385 778 417 ab
805 384 893 417 omni
923 390 951 417 et

211 451 416 485 quacumque
425 450 485 484 pro
501 445 646 483 tempore
658 437 861 471 existentium
874 436 954 470 eius-

211 494 283 526 dem
316 493 346 527 S.
371 491 515 527 Caesarei
545 491 759 525 diaconorum
777 501 834 523 seu
859 500 949 534 pres-

211 546 398 591 byterorum
421 545 646 586 cardinalium,
670 555 707 577 ac
730 544 834 577 dictae
860 543 953 577 Urbis

211 599 449 642 gubernatoris,
472 598 642 639 senatoris,
667 604 949 638 conservatorum,

212 653 474 693 reformatorum,
495 662 532 685 ac
549 651 650 685 nostri
669 657 700 685 et
717 651 853 685 Romani
871 652 953 694 Pon-

213 706 318 747 tificis,
340 716 399 750 pro
417 711 563 750 tempore
581 705 757 746 existentis,
786 705 818 738 in
840 706 952 738 eadem

212 759 297 793 Urbe
323 765 354 793 et
380 759 465 792 illius
492 759 638 792 districtu
671 759 702 792 in
732 758 954 802 spiritualibus

211 812 333 854 vicarii,
354 823 480 846 necnon
502 823 672 846 causarum
694 813 846 846 Gamerae
870 813 954 856 Apo-

212 865 345 899 stolicae
362 866 522 909 generalis
543 865 711 906 auditoris,
735 876 771 898 ac
791 875 950 909 quorum-

212 929 352 963 cumque
365 924 551 952 nostrorum
569 925 600 952 et
621 918 725 952 dictae
743 918 832 952 Sedis
854 919 892 951 de
910 919 955 950 la-

214 978 280 1005 tere
309 972 489 1015 legatorum
506 999 513 1013 ‚
543 983 578 1005 ae
606 971 950 1016 archiepiscoporum,

213 1025 438 1070 episcoporum
455 1053 462 1066 ,
487 1025 582 1059 etiam
613 1031 778 1070 tamquam
810 1025 953 1059 eiusdem

213 1079 304 1113 Sedis
320 1079 554 1136 delegatorum,
571 1089 752 1123 eorumque
772 1079 954 1112 locatenen-

215 1133 305 1175 tium,
329 1133 614 1177 vieesgerentium,
638 1133 835 1167 vicariorum
849 1161 856 1174 ,
877 1134 951 1167 osti-

214 1188 363 1229 cialium,
393 1188 556 1229 iudicum,
591 1198 719 1221 necnon
747 1188 954 1232 superiorum

215 1242 291 1276 dicti
312 1241 451 1282 Ordinis,
467 1252 503 1275 ac
517 1252 800 1286 quarumcumque
818 1241 955 1275 aliarum

214 1306 428 1340 personarum
455 1295 590 1329 ubilibet
621 1296 867 1329 constitutarum
884 1324 891 1337 ,
920 1307 956 1330 ac

215 1347 326 1391 quavis
347 1347 539 1380 auctoritate
565 1353 596 1381 et
620 1347 788 1391 dignitate,
814 1354 877 1381 tam
898 1360 952 1382 ec-

214 1401 392 1435 clesiastica
416 1412 513 1446 quam
532 1403 708 1444 mundana,
733 1402 828 1435 etiam
852 1403 956 1437 cardi-

213 1457 339 1489 nalatus
371 1456 496 1489 honore
524 1456 727 1499 fulgentium,
751 1457 952 1499 visitatione,

215 1509 426 1550 correctione,
440 1509 674 1547 iurisdictione,
693 1510 849 1551 dominio,
866 1522 956 1556 supe-

213 1563 357 1597 rioritate
378 1569 408 1597 et
427 1569 597 1608 potestate,
611 1574 737 1598 necnon
752 1571 956 1603 annatarum,

214 1618 954 1662 quindenniorum,communium,minutorum

215 1677 246 1705 et
271 1671 408 1705 aliorum
427 1671 547 1704 iurium
563 1677 593 1705 et,
610 1672 827 1711 servitiorum,
852 1673 955 1708 dictae

215 1727 379 1767 Gamerae,
409 1732 441 1759 et
467 1725 654 1770 quibusvis,
688 1726 784 1760 etiam
811 1727 953 1762 eiusdem

215 1780 244 1813 S.
265 1780 301 1813 R.
331 1779 364 1813 E.
390 1779 631 1820 cardinalibus,
660 1785 689 1813 ct
711 1780 816 1814 dictae
848 1782 957 1815 curiae

216 1832 409 1866 officialibus
424 1860 431 1874 ,
452 1838 483 1866 et
504 1833 534 1866 in
556 1833 700 1874 annatis,
724 1833 931 1878 quindenniis
946 1864 953 1877 ,

216 1887 454 1928 communibus,
476 1887 608 1920 minutis
622 1898 658 1927 ae
679 1887 802 1922 iuribus
821 1889 953 1933 praedi-

216 1941 275 1974 ctis
291 1940 574 1985 participantium¹
597 1951 779 1986 eorumque
796 1943 952 1986 collegiis,

216 1995 342 2029 ratione
361 1995 604 2039 praedictarum
626 2002 657 2030 et
674 2007 956 2041 quarumcumque

216 2048 351 2082 aliarum
371 2049 541 2090 unionum,
559 2050 813 2094 applicationum
833 2056 863 2084 et
881 2062 955 2085 eon-

217 2103 399 2137 cessionum
429 2103 534 2136 eidem
564 2104 702 2147 collegio
724 2105 763 2138 dc
789 2105 956 2149 praedicto

217 2162 248 2190 et
268 2157 529 2201 quibuscumque
556 2157 625 2190 aliis
646 2158 860 2199 monasteriis,
893 2159 953 2192 ho-

217 2210 396 2255 spitalibus,
425 2211 580 2252 ecclesiis,
598 2211 774 2253 beneficiis,
796 2213 958 2257 rebusque

218 2270 245 2297 et
267 2264 360 2298 bonis
381 2264 607 2298 ecclesiasticis
628 2264 793 2306 hactenus,
815 2271 845 2299 et
866 2266 957 2299 dein-

218 2328 292 2362 ceps
319 2318 567 2362 quomodolibet
598 2319 800 2359 debitorum‚
834 2325 863 2353 et
893 2325 955 2352 tam

218 2372 291 2415 per²
311 2371 414 2415 ipsum
431 2372 602 2415 collegium
619 2372 649 2405 in
664 2372 805 2417 propriis
825 2372 889 2406 suis
902 2373 957 2406 bo-

218 2424 266 2458 nis
278 2430 307 2459 et
325 2425 421 2459 rebus
435 2426 658 2469 praesentibus
673 2432 702 2460 et
717 2426 843 2468 futuris,
859 2437 957 2471 quam

256 2561 265 2587 1
289 2559 432 2587 Videretur
446 2561 589 2596 legendum
603 2561 841 2596 participantibus
855 2561 892 2596 (a.
908 2561 956 2596 τ.).

253 2603 270 2630 2
291 2603 401 2631 Videtur
417 2605 575 2640 legendum:
595 2609 653 2634 lam
667 2614 721 2641 per
739 2614 768 2632 se
789 2606 882 2641 ipsum
903 2607 959 2633 col-

221 2648 326 2683 leyium
341 2649 379 2683 (a.
397 2649 445 2680 r).

988 278 1073 311 illius
1097 279 1222 313 ratione
1241 285 1392 321 rectores,
1415 280 1589 321 scholares,
1615 281 1725 324 capel-

988 333 1089 373 lanos,
1114 343 1324 374 oeconomos,
1348 334 1503 368 officiales
1521 339 1550 367 et
1564 333 1730 368 ministros

987 386 1187 429 praedictos,
1216 398 1251 419 ac
1279 398 1351 420 eum
1379 387 1424 420 eis
1445 387 1685 427 contrahentes,
1713 399 1731 421 a

987 450 1272 484 quorumcumque
1293 441 1521 484 pedagiorum,
1546 441 1706 474 datiorum
1720 469 1727 482 ,

987 492 1192 535 vectigalium
1210 521 1217 533 ,
1248 494 1446 536 gabellarum
1463 522 1470 535 ,
1498 494 1702 537 angariarum
1721 522 1726 534 ,

988 545 1255 587 bullettinorum,
1286 547 1454 589 taliarum‚
1483 548 1727 587 custodiarum,

990 604 1134 632 taxarum
1163 610 1345 644 equorum,
1379 606 1441 633 tam
1464 601 1609 634 vivorum
1633 612 1729 644 quam

989 658 1205 695 mortuorum,
1218 654 1440 695 collectarum,
1458 655 1730 698 praebendarum,

988 706 1182 749 ponderum,
1206 713 1387 751 portarum,
1406 707 1668 741 molendinorum
1688 709 1732 741 sa-

989 759 1090 801 rinae,
1116 760 1211 793 trium
1233 771 1293 805 pro
1316 761 1513 802 centenario,
1534 771 1571 794 ac
1591 767 1731 805 quatuor

990 812 1141 847 iuliorum
1168 824 1227 858 pro
1257 814 1404 858 quolibet
1430 820 1540 857 vegete
1565 814 1628 847 vini
1654 815 1731 848 solvi

988 867 1180 908 solitorum,
1210 878 1247 901 ac
1275 879 1559 913 quorumcumque
1592 869 1730 902 aliorum

989 920 1142 954 similium
1161 922 1208 954 vel
1228 921 1433 955 dissimilium
1455 932 1591 956 onerum
1614 928 1642 955 et
1661 933 1732 965 gra-

989 974 1169 1015 vaminum,
1194 980 1257 1007 tam
1280 975 1521 1009 ordinariorum
1549 987 1645 1020 quam
1674 986 1728 1009 ex-

989 1027 1292 1065 traordinariorum,
1306 1034 1337 1062 et
1352 1029 1498 1070 realium,
1511 1029 1730 1073 personalium

990 1086 1017 1113 et
1034 1081 1220 1122 mixtorum,
1231 1082 1491 1127 minnist-umque
1503 1083 1689 1116 nominibus
1703 1089 1730 1116 et

990 1135 1154 1168 vocabulis
1175 1142 1458 1180 nuncupatorum,
1491 1137 1586 1170 etiam
1617 1138 1668 1170 liic
1694 1138 1732 1171 de

990 1188 1180 1222 necessitate
1209 1190 1509 1233 expffimendorum,
1533 1202 1591 1235 per
1610 1202 1678 1229 nos,
1703 1198 1730 1225 et

991 1253 1217 1288 quoscumque
1247 1245 1326 1278 alios
1355 1246 1518 1279 Romanos
1544 1246 1728 1287 Pontifices,

990 1297 1255 1341 praedecessores
1269 1303 1300 1331 ct
1317 1309 1519 1333 successores
1536 1306 1675 1341 nostros,
1697 1312 1733 1334 ac

991 1352 1105 1385 Sedem
1122 1358 1149 1384 et
1166 1352 1332 1386 Cameram
1355 1353 1548 1396 praedictas,
1570 1354 1733 1398 ipsiusque

990 1405 1080 1438 Sedis
1101 1405 1234 1447 legatos,
1258 1405 1461 1447 meets—gatos,
1486 1407 1730 1449 gubernatores,

991 1458 1232 1492 commissarios
1247 1464 1275 1491 et
1291 1470 1515 1504 quoscumque
1529 1460 1609 1494 alios
1623 1462 1734 1505 quavis

991 1512 1181 1545 auctoritate
1197 1518 1225 1545 et
1240 1517 1397 1556 potestate
1412 1514 1732 1556 l'ungentes,et.etiam

991 1567 1031 1599 ad
1048 1566 1149 1599 instar
1169 1566 1398 1607 camel-alium,
1423 1567 1517 1600 etiam
1538 1567 1662 1602 ratione
1680 1569 1733 1602 Ri-

992 1626 1108 1665 pettae,
1133 1620 1280 1653 dolianae
1302 1627 1406 1654 terrae
1428 1627 1457 1654 et
1479 1622 1575 1655 etiam
1595 1623 1734 1666 grassiae

991 1679 1197 1719 nuncupatae
1220 1674 1313 1707 Urbis
1331 1675 1530 1718 praedictae,
1555 1676 1650 1709 etiam
1672 1688 1733 1720 pro

992 1729 1168 1762 ortodoxae
1205 1728 1279 1761 tidei
1317 1729 1524 1771 defensione,
1561 1741 1596 1764 ac
1629 1731 1734 1765 Status

991 1782 1020 1816 S.
1038 1783 1073 1815 R.
1095 1782 1128 1815 Ε.
1157 1782 1412 1821 conservatione,
1445 1783 1608 1828 divinique
1629 1785 1734 1818 cultus

991 1843 1177 1879 augmento,
1199 1847 1325 1870 necnon
1351 1836 1502 1870 basilicae
1521 1837 1681 1883 Principis
1696 1840 1733 1873 Α-

991 1889 1192 1933 postolorum
1216 1890 1352 1929 fabrica,
1377 1890 1517 1923 cruciata
1551 1894 1675 1932 saneta,
1704 1899 1732 1926 et

991 1943 1196 1988 expeditione
1222 1949 1333 1976 contra
1364 1943 1512 1978 infideles
1533 1949 1562 1977 et
1583 1945 1730 1983 rebelles,

992 2007 1116 2030 necnon
1135 1997 1355 2039 ecclesiarum,
1371 2008 1552 2039 murorum,
1570 1999 1730 2043 pontium,

991 2051 1114 2084 viarum
1149 2056 1176 2084 et
1211 2056 1383 2084 stratarum
1414 2053 1670 2094 construetione,
1704 2060 1732 2088 et

992 2105 1225 2139 restauratione
1239 2115 1397 2149 aquarum
1419 2106 1568 2144 fontium,
1586 2113 1615 2140 et
1629 2108 1734 2140 ilumi-

992 2169 1067 2192 num
1086 2158 1291 2196 deductione,
1316 2170 1565 2204 pauperumque
1590 2161 1730 2194 subven-

993 2214 1090 2254 tione,
1111 2223 1236 2246 necnon
1257 2213 1347 2246 Sedis
1374 2220 1404 2246 et
1432 2215 1583 2248 Gamerae
1605 2215 1733 2258 praedi-

993 2272 1116 2300 ctarum
1140 2266 1397 2305 necessitatibus,
1416 2273 1443 2301 et
1468 2279 1502 2300 ex
1517 2268 1730 2312 quibuscum-

992 2331 1055 2365 que
1079 2320 1149 2353 aliis
1170 2320 1336 2363 cogitatis,
1371 2321 1606 2364 inexcogitatis,
1636 2322 1733 2355 etiam

993 2374 1197 2418 quantumvis
1212 2374 1613 2415 maximis,urgentissimis
1627 2381 1657 2408 et
1670 2376 1734 2419 pri-

992 2427 1149 2471 vilegiatis
1171 2427 1287 2469 causis,
1308 2428 1404 2461 etiam
1426 2427 1514 2462 Sedis
1534 2434 1565 2462 et
1582 2429 1734 2463 Gamerae

993 2481 1193 2522 earumdem,
1207 2492 1242 2514 ac
1257 2492 1539 2525 quarumcumque
1554 2481 1734 2525 provincia-

993 2545 1064 2567 rum
1094 2535 1398 2573 conducendorum,
1424 2545 1460 2567 ac
1477 2534 1571 2567 etiam
1595 2546 1667 2567 cum
1694 2537 1732 2569 ad

993 2587 1111 2620 dictam
1143 2588 1260 2620 Urbem
1292 2588 1550 2627 conductorum,
1584 2593 1615 2621 et
1640 2588 1670 2620 in
1697 2592 1731 2622 ea

993 2641 1214 2681 existentium,
1240 2647 1269 2674 et
1299 2651 1358 2686 pro
1388 2641 1503 2676 eodem
1532 2642 1669 2685 collegio
1701 2642 1733 2676 in

1658 222 1700 256 95
1747 232 1795 259 An.
1817 232 1845 259 c.
1866 232 1931 260 1605
