2227 3241
249 324 297 350 An.
321 324 350 350 C.
370 323 437 351 1604
485 312 548 347 206

267 1339 379 1360 Concessio
389 1338 431 1365 pri-

246 1366 370 1391 vilegiorum
393 1371 431 1386 no-

247 1392 342 1416 bilitatis,
356 1392 430 1412 civita-

247 1420 286 1443 iis,
301 1418 430 1439 familiarita-

246 1446 280 1469 tis,
288 1448 324 1466 etc.

446 372 486 406 ad
505 372 652 405 effectum
674 370 893 414 praesentium
916 369 1079 403 dumtaxat
1100 380 1180 404 con-

445 424 664 469 sequendum,
688 423 801 456 harum
830 422 912 457 serie
932 423 1135 457 absolventes
1155 429 1186 457 et

445 478 608 511 absolutos
626 477 693 510 fore
715 482 899 517 censentes,
923 482 1013 509 motu
1037 476 1181 521 proprio,

445 540 508 564 non
530 530 569 563 ad
587 530 730 574 ipsorum
752 529 1018 563 conclavistarum
1037 530 1084 563 vel
1108 530 1185 563 alio-

446 594 516 617 rum
538 594 597 627 pro
618 583 662 617 eis
682 583 775 617 nobis
789 594 886 628 super
902 583 963 617 hoc
981 584 1107 618 oblatae
1127 594 1184 628 pe-

445 637 566 671 titionis
591 637 786 679 instantiam,
811 638 866 671 sed
892 638 930 671 de
959 641 1069 671 nostra
1097 640 1184 671 mera

445 690 649 732 liberalitate,
673 691 777 735 deque
803 691 998 736 apostolicae
1019 690 1186 735 potestatis

444 744 645 788 plenitudine
671 745 789 778 eisdem
821 745 1020 779 conclavistis
1047 750 1090 777 tot
1116 745 1186 777 loca

444 797 597 830 Montium
640 808 726 832 nunc
761 798 906 831 vacantia
945 809 1000 831 scu
1036 803 1186 831 vacatura

445 861 547 895 usque
568 851 608 885 ad
628 862 788 885 summam
818 852 930 885 decem
955 851 1092 884 millium
1115 861 1186 884 scu—

446 911 552 938 torum
571 905 640 939 auri
658 905 690 938 in
708 915 787 939 auro
807 916 865 950 per
885 911 950 939 tres
963 916 1000 938 ex
1013 905 1186 949 praedictis

445 958 674 999 cardinalibus,
694 958 838 1001 singulos
852 959 884 992 in
899 958 1045 1002 quolibet
1071 957 1186 992 ordine

445 1011 663 1056 antiquiores,
686 1012 770 1046 inter
795 1012 890 1056 ipsos
907 1011 1132 1052 conclavistas,
1157 1016 1187 1044 et

445 1076 503 1109 per
532 1065 637 1110 capita
667 1065 869 1108 singulorum
900 1064 1186 1105 conclavistarum,

445 1129 510 1152 non
531 1124 638 1152 autem
660 1118 802 1161 singulas
822 1119 964 1160 cellulas,
985 1118 1096 1162 aequis
1113 1128 1187 1162 por-

447 1172 590 1206 tionibus
615 1172 854 1212 distribuenda,
879 1172 1016 1215 gratiose
1044 1178 1074 1205 et
1101 1172 1184 1204 irre-

445 1225 643 1266 vocabiliter,
666 1226 843 1269 apostolica
856 1225 1055 1262 auctoritate,
1079 1231 1188 1258 tenore

446 1279 664 1323 praesentium
683 1279 851 1312 donamus.

491 1332 552 1375 §3
569 1333 720 1377 Ipsosque
739 1332 947 1366 conclavistas
968 1333 999 1365 in
1020 1342 1122 1374 veros,
1141 1332 1188 1364 in-

451 1386 612 1420 dubitatos
633 1393 664 1420 et
683 1397 746 1420 non
768 1387 859 1420 tictos
881 1386 1064 1427 familiares,
1089 1386 1189 1420 conti-

446 1450 528 1474 nuos
558 1441 790 1474 commensales
810 1449 956 1481 nostros,
980 1451 1015 1473 ac
1036 1450 1109 1480 eos,
1131 1439 1187 1483 qui

447 1505 482 1527 ex
503 1494 565 1528 illis
582 1494 688 1527 elerici
707 1494 855 1535 existunt,
876 1505 930 1527 seu
946 1494 1078 1527 militiae
1097 1493 1188 1527 cleri-

446 1549 505 1581 cali
537 1548 676 1582 adscribi
709 1548 914 1589 desiderant,
947 1558 1093 1592 quosque
1126 1554 1188 1580 tres

447 1601 633 1635 huiusmodi
665 1602 843 1635 cardinales
872 1602 989 1644 gradu,
1021 1601 1188 1635 nobilitate

446 1661 477 1687 et
494 1654 564 1688 aliis
582 1655 703 1688 meritis
723 1654 837 1697 dignos
860 1655 912 1688 tali
934 1655 1088 1697 dignitate
1107 1654 1188 1687 iudi-

446 1708 598 1749 caverint,
623 1708 654 1741 in
680 1714 807 1741 nostros
826 1715 855 1742 ct
876 1708 1078 1752 Apostolicae
1099 1709 1189 1742 Sedis

446 1761 601 1802 notarios,
625 1762 693 1795 sine
714 1767 820 1795 tamen
839 1761 1039 1806 praeiudicio
1060 1761 1190 1795 dilecto-

446 1825 517 1847 rum
533 1813 674 1847 filiorum
690 1814 891 1847 notariorum
914 1815 953 1848 de
967 1825 1103 1848 numero
1117 1825 1190 1859 par-

447 1867 660 1911 ticipantium,
677 1867 862 1911 recipimus,
880 1878 917 1901 ac
930 1874 993 1901 tam
1007 1868 1078 1901 illos
1092 1879 1187 1912 quam

447 1919 527 1953 alios
539 1920 749 1954 conclavistas
763 1921 916 1963 singulos,
934 1921 986 1964 qui
1002 1921 1187 1964 singillatim

447 1973 486 2006 ab
508 1973 628 2007 eisdem
654 1974 757 2007 tribus
783 1974 1002 2007 cardinalibus
1025 1975 1111 2017 digni
1136 1975 1188 2008 tali

448 2027 572 2060 honore
593 2027 762 2071 approbati
783 2027 912 2067 fuerint,
929 2028 1011 2061 sacri
1032 2028 1143 2061 Palatii
1159 2033 1189 2061 et

449 2080 541 2113 aulae
561 2080 784 2114 Lateranensis
802 2081 936 2114 comites
958 2087 988 2114 et
1008 2081 1136 2122 milites,
1153 2092 1190 2114 ac

448 2139 512 2166 tam
546 2134 618 2167 illos
646 2144 742 2177 quam
773 2145 886 2167 omnes
916 2140 946 2167 et
966 2145 1189 2179 quoscumque

447 2187 527 2221 alios
548 2188 758 2221 conclavistas
780 2188 974 2228 indistincte,
992 2188 1044 2232 qui
1064 2189 1189 2223 nobiles

447 2251 513 2274 non
534 2247 618 2281 sunt,
642 2241 776 2283 nobiles,
798 2242 919 2285 quique
943 2242 1036 2276 Urbis
1057 2243 1103 2275 vel
1126 2243 1186 2275 ali-

449 2294 540 2328 cuius
568 2294 699 2328 alterius
725 2306 760 2327 cx
786 2295 989 2335 civitatibus,
1020 2296 1188 2340 temporali

449 2347 594 2381 dominio
612 2354 643 2382 et
657 2348 759 2381 dictae
774 2349 937 2382 Romanae
950 2348 1110 2382 Ecclesiae
1124 2359 1190 2383 me-

449 2401 535 2435 diate
555 2402 602 2435 vel
624 2402 809 2435 immediate
829 2402 1000 2443 subiectis,
1017 2403 1101 2436 circs
1122 2414 1190 2436 esse

450 2455 629 2496 voluerint,
657 2456 802 2499 singulos
831 2455 862 2488 in
888 2460 923 2489 ea
949 2456 1016 2500 ipsa
1042 2456 1167 2490 civitate
1183 2485 1190 2498 ,

449 2519 546 2552 quam
564 2508 729 2552 sigillatim
750 2509 887 2553 quisque
908 2519 1019 2542 eorum
1047 2510 1190 2552 elegerit,

449 2567 480 2594 ct
504 2562 543 2594 ad
568 2572 666 2605 quam
696 2562 735 2595 ab
765 2562 886 2596 eisdem
916 2562 1133 2597 cardinalibus
1157 2573 1190 2597 se

451 2613 576 2647 admitti
596 2614 736 2658 petierit,
757 2625 849 2649 veros
869 2615 952 2649 cives
972 2616 1011 2649 ad
1033 2615 1143 2656 instar,
1161 2623 1191 2649 et

451 2667 537 2700 nulla
557 2677 689 2711 prorsus
707 2667 888 2702 differentia
909 2668 992 2702 inter
1010 2680 1064 2703 cos
1078 2675 1109 2702 et
1127 2669 1192 2702 sin-

1025 321 1207 347 BULLARIUM
1233 322 1384 348 Romanum

1219 371 1316 404 simos
1334 371 1430 404 etiam
1449 370 1573 403 nobiles
1601 376 1631 403 et
1656 370 1890 414 partecipantes
1911 371 1956 404 ci-

1219 434 1271 457 ves
1293 424 1392 468 ipsius
1414 422 1502 456 urbis
1522 422 1569 455 ve]
1584 422 1718 456 civitatis
1730 423 1785 466 (ita
1802 429 1835 456 ut
1852 424 1955 467 ipsum

1220 477 1268 510 ius
1288 476 1422 510 civitatis
1435 475 1474 509 ad
1489 485 1711 519 quoscumque
1733 476 1862 509 illorum
1882 476 1957 510 liae-

1220 531 1311 564 redes
1341 531 1453 572 eodem
1485 530 1582 562 modo
1611 530 1769 573 transeat)
1790 540 1954 570 creamus,

1220 584 1444 617 constituimus
1462 588 1492 616 et
1505 582 1716 625 assignamus,
1732 593 1768 616 ac
1782 582 1958 616 nobilitatis

1221 643 1250 670 et
1271 637 1404 671 civitatis
1430 637 1542 676 titulo,
1571 636 1694 669 honore
1722 642 1752 670 et
1780 635 1958 679 insignibus

1221 691 1423 731 decoramus,
1437 690 1640 733 aliorumque
1658 689 1864 731 familiarum,
1881 699 1957 723 con-

1221 743 1383 777 tinuorum
1413 742 1678 777 commensalium
1707 742 1801 776 nobis
1825 748 1898 776 actu
1926 742 1958 776 in

1221 797 1342 830 Palatio
1374 802 1484 831 nostro
1513 796 1698 840 Apostolico
1726 796 1932 830 servientium
1949 823 1956 837 ,

1221 857 1252 884 et
1280 851 1311 884 in
1334 851 1418 884 illius
1443 850 1554 884 tinello
1579 850 1818 884 comedentium
1847 856 1878 883 et
1904 850 1956 883 bi—

1221 905 1381 946 bentium,
1405 915 1441 938 ac
1469 909 1652 938 nostrorum
1672 909 1703 937 et
1726 904 1815 938 Sedis
1834 904 1958 948 praefa-

1222 963 1271 991 tae
1286 957 1499 999 notariorum,
1519 957 1697 1001 Palatiique
1717 963 1747 990 et
1761 956 1859 990 Aulae
1872 966 1961 1001 prae-

1222 1011 1382 1045 dictorum
1414 1011 1588 1051 comitum,
1624 1010 1763 1044 militum
1796 1015 1827 1044 et
1860 1010 1957 1044 nobi-

1223 1065 1313 1106 lium,
1328 1076 1365 1099 ac
1379 1065 1494 1099 civium
1510 1064 1694 1097 huiusmodi
1709 1063 1958 1106 originariorum

1222 1129 1357 1152 numero
1378 1124 1407 1153 et
1426 1118 1587 1152 consortio
1615 1117 1830 1151 favorabiliter
1849 1127 1961 1160 aggre-

1221 1183 1355 1216 gamus,
1383 1183 1420 1206 ac
1454 1183 1514 1216 pro
1550 1172 1652 1212 veris,
1688 1171 1894 1211 indubitatis,
1924 1181 1960 1204 ac

1220 1237 1287 1260 non
1300 1226 1381 1260 fictis
1393 1225 1614 1266 familiaribus,
1628 1225 1788 1258 continuis
1801 1234 1962 1258 commen-

1222 1280 1363 1320 salibus,
1395 1290 1431 1312 ac
1461 1278 1594 1312 notariis
1615 1278 1748 1318 nostris,
1773 1277 1961 1311 comitibus-

1223 1343 1304 1376 que,
1329 1332 1501 1372 militibus,
1529 1331 1767 1375 nobilibusque,
1787 1341 1823 1364 ac
1840 1330 1961 1364 civibus

1223 1385 1374 1429 deinceps
1397 1384 1510 1418 haberi
1535 1390 1566 1418 et
1588 1384 1729 1428 reputari
1754 1385 1901 1417 volumus
1925 1393 1961 1417 ac

1223 1439 1424 1472 mandamus.
1448 1438 1574 1482 Eisque,
1596 1443 1630 1470 ut
1651 1437 1683 1470 in
1701 1437 1960 1480 quibuscumque

1222 1491 1514 1536 impetrationibus,
1538 1490 1800 1524 concessionibus
1824 1495 1855 1523 et
1879 1489 1962 1523 litte-

1223 1546 1277 1586 ris,
1298 1551 1362 1579 tam
1381 1545 1516 1588 gratiam
1538 1554 1634 1588 quam
1653 1544 1805 1577 iustitiam
1831 1553 1962 1576 concer-

1221 1599 1383 1641 nentibus,
1407 1610 1440 1633 se
1465 1599 1649 1639 familiares,
1671 1599 1839 1632 continuos
1865 1607 1957 1631 com-

1226 1654 1384 1687 mensales
1409 1658 1556 1689 nostros,
1581 1658 1610 1685 et
1636 1652 1790 1692 comites,
1823 1652 1959 1692 milites,

1223 1707 1359 1747 nobiles,
1384 1717 1419 1740 ac
1437 1706 1520 1740 cives
1538 1706 1632 1739 etiam
1655 1706 1846 1748 originarios
1858 1705 1962 1739 nomi-

1225 1771 1313 1801 nare,
1334 1771 1393 1795 nec
1413 1766 1586 1805 propterea
1604 1760 1858 1804 impetrationes,
1879 1769 1958 1793 con-

1223 1815 1383 1848 cessiones
1408 1820 1438 1848 ct
1470 1814 1594 1847 litterae
1625 1814 1712 1858 ipsae
1747 1813 1963 1857 subreptionis

1224 1868 1300 1901 vitio
1325 1868 1523 1908 subiaceant,
1547 1868 1601 1900 sed
1622 1867 1746 1901 validae
1766 1873 1797 1900 et
1817 1866 1963 1901 efficaces

1223 1921 1374 1962 existant3
1391 1931 1517 1954 necnon
1533 1932 1569 1955 ex
1583 1931 1668 1954 nunc
1683 1920 1834 1964 deinceps
1847 1920 1877 1954 in
1891 1931 1964 1964 per-

1223 1981 1355 2019 petuum
1389 1975 1538 2008 omnibus
1566 1980 1595 2007 et
1621 1974 1899 2018 quibuscumque,
1927 1985 1964 2008 ae

1223 2039 1357 2072 prorsus
1378 2028 1538 2061 similibus
1558 2027 1817 2068 antelationibus,
1841 2026 1962 2060 antela-

1223 2082 1347 2115 tionum
1366 2081 1608 2126 praerogativis,
1633 2081 1816 2125 privilegiis,
1832 2080 1963 2114 liberta-

1225 2135 1320 2175 tibus,
1339 2134 1606 2175 immunitatibus,
1622 2133 1888 2178 exemptionibus,
1906 2133 1962 2167 de-

1224 2189 1330 2229 cretis
1362 2187 1654 2226 declarationibus,
1687 2186 1959 2229 derogationibus,

1225 2242 1397 2281 mandatis,
1414 2240 1689 2285 suspensionibus,
1707 2240 1879 2281 favoribus,
1896 2249 1964 2282 gra-

1224 2294 1285 2335 tiis,
1309 2294 1494 2338 privilegiis,
1520 2294 1651 2327 indultis
1675 2304 1711 2327 ac
1737 2293 1870 2334 iuribus,
1891 2293 1963 2337 qui-

1223 2348 1283 2381 bus
1304 2348 1358 2381 alii
1378 2348 1480 2382 nostri
1501 2347 1674 2380 familiares
1695 2353 1840 2391 tempore
1860 2346 1964 2380 dictae

1224 2401 1454 2446 assumptionis
1482 2407 1611 2434 nostrae
1636 2401 1675 2434 ad
1696 2410 1859 2434 summum
1880 2410 1960 2444 apo-

1224 2456 1357 2489 stolatus
1381 2455 1517 2499 apicem,
1535 2466 1571 2488 ac
1597 2454 1713 2498 quibus
1741 2454 1792 2487 alii
1819 2453 1962 2487 eiusdem

1224 2508 1314 2542 Sedis
1334 2509 1463 2549 notarii,
1487 2508 1583 2541 etiam
1609 2508 1648 2541 de
1675 2517 1811 2540 numero
1836 2507 1965 2550 partici-

1224 2562 1370 2605 pantium
1392 2562 1579 2601 existentes,
1601 2561 1695 2594 ctiam
1723 2561 1747 2594 si
1768 2560 1913 2594 habitum
1935 2566 1964 2593 ct

1226 2616 1427 2650 rocchettum
1452 2615 1652 2649 notariorum
1675 2614 1773 2658 ipsius
1790 2614 1878 2648 Sedis
1899 2624 1963 2647 non

1225 2670 1380 2709 deserant,
1403 2668 1579 2712 Palatiique
1605 2674 1635 2701 et
1659 2668 1756 2700 Aulae
1781 2667 1963 2711 praedicto-

451 2720 542 2759 gulos
561 2721 639 2754 alios
661 2732 751 2754 veros
769 2721 962 2764 originarios
983 2727 1011 2755 ct
1033 2722 1191 2766 antiquis·
1225 2733 1295 2755 rum
1314 2722 1447 2755 comites
1460 2727 1488 2755 et
1502 2721 1628 2755 milites,
1643 2727 1670 2754 ct
1687 2720 1821 2762 nobiles,
1839 2731 1963 2754 necnon
