2227 3241
23 250 69 278 An.
83 248 110 276 C.
134 246 202 274 1604

834 243 980 269 CLEMENS
1001 244 1058 268 VIII
1079 244 1129 268 PP.

1646 231 1709 264 4227

221 295 308 328 statis
333 294 551 338 plenitudine,
580 294 723 327 districte
747 293 964 337 praecipimus
999 298 1148 336 receptus
1173 292 1287 332 suerit,
1315 291 1422 325 statim
1451 290 1634 335 praedictae
1654 291 1738 325 Con-

220 349 251 382 in
277 348 393 382 virtute
425 353 554 382 sanctae
586 347 813 388 obedientiae,
843 352 873 380 et
904 347 963 380 sub

218 404 323 447 poena
349 400 693 435 excommunicationis
720 400 851 434 maioris
881 400 963 433 latae

219 455 396 490 sententiae
414 455 483 499 ipso
501 455 582 488 sacto
604 454 809 494 incurrenda,
832 463 872 486 ne
893 453 965 497 quis

220 509 252 542 in
270 509 360 542 ltalia
380 509 526 542 habitum
548 513 727 547 externum,
756 513 820 540 tam
842 506 875 540 in
897 518 965 539 ma-

222 562 301 596 teria
323 573 419 606 quam
445 562 477 595 in
502 562 617 603 forma,
640 561 778 595 similem
797 561 855 605 (ita
874 566 909 594 ut
930 571 964 593 ex

221 616 395 660 praedietis
420 615 623 649 Discalceatis
648 614 823 648 existimari
846 613 964 658 possit)

221 676 345 713 gestare
369 675 569 714 praesumat,
597 668 657 703 nisi
678 668 862 713 praedictae
886 669 966 702 Con-

222 723 418 767 gregationis
443 723 626 757 membrum
649 722 820 756 actualiter
839 722 962 762 existat,

223 783 278 811 aut
301 788 319 811 a
343 777 596 820 Congregatione
620 777 742 811 Galliae
767 782 822 810 aut
847 776 962 820 IIispa-

224 831 297 865 nIae
315 842 374 875 pro
394 831 538 874 negociis
555 831 705 874 gerendis
721 831 784 864 huc
805 830 962 864 adveniat¹

46 894 129 916 Poenae
139 895 210 915 contra
271 887 286 928 ἕ
306 885 336 919 3.
361 886 452 925 Quod
473 885 498 919 si
520 885 602 930 quis,
630 885 770 921 scienter
794 885 843 918 vel
869 884 964 927 igno-

30 921 180 944 inobedientes.
576 940 581 945 ,
645 940 650 945 ,
905 939 910 945 ,

226 945 346 981 ranter,
370 951 462 974 secus
486 940 613 981 fecerit,
643 940 752 981 illum,
776 951 794 973 a
823 939 968 984 quolibet

226 994 409 1038 praedictae
430 993 696 1037 Congregationis
721 993 884 1036 religioso,
913 993 966 1026 lia-

227 1048 295 1082 bitu
319 1054 350 1082 et
373 1048 514 1082 sandalis
537 1047 656 1092 privari
690 1058 785 1092 posse
816 1048 965 1081 decerni-

228 1113 310 1143 mus,
338 1113 375 1136 ac
400 1102 471 1135 illos
495 1101 760 1145 Congregationis
784 1101 968 1146 praedictae

227 1155 298 1189 usui
321 1166 357 1189 ex
378 1166 464 1189 nune
484 1155 743 1199 appropriamus.

34 1223 212 1278 ae1‚iiia⁰il¹'¹¹¹⁰‘⁰⁵
272 1210 288 1250 ἕ
313 1208 344 1241 4.
372 1208 529 1247 Quocirca
554 1208 792 1242 venerabilibus
817 1209 969 1242 fratribus

228 1262 489 1306 archiepiscopis,
507 1262 667 1306 episcopis
687 1268 718 1295 et
735 1262 805 1295 aliis
821 1262 968 1296 locorum

227 1315 424 1356 Ordinariis,
453 1325 632 1359 eorumque
656 1315 782 1349 vicariis
814 1316 845 1349 in
870 1316 967 1360 spiri-

230 1369 368 1402 tualibus
381 1369 598 1412 generalibus,
614 1380 672 1413 pcr
684 1375 869 1413 praesentes
883 1380 971 1403 com·

230 1423 386 1456 mittimus
401 1429 431 1456 et
447 1424 650 1464 mandamus,
663 1429 821 1467 quatenus
835 1424 972 1468 quilibet

229 1486 354 1517 eorum,
368 1476 422 1509 ubi
437 1481 467 1510 et
478 1477 609 1520 quando
623 1487 705 1521 opus
722 1477 827 1518 suerit,
845 1482 876 1510 et
889 1488 970 1521 quo-

230 1530 287 1564 ties
298 1541 358 1575 pro
370 1536 460 1575 parte
473 1531 699 1574 religiosorum
714 1531 817 1565 dictae
831 1531 970 1574 Congre-

230 1583 368 1626 gationis
388 1589 443 1618 aut
462 1584 634 1618 cuiuslibet
657 1595 771 1618 eorum
797 1584 893 1618 suerit
915 1595 970 1618 re-

231 1638 378 1682 quisitus,
393 1644 577 1682 praesentes
596 1638 717 1672 litteras
731 1644 761 1672 et
779 1638 810 1672 in
832 1638 875 1672 eis
896 1649 972 1672 con·

233 1696 320 1726 tenta
340 1703 565 1737 quaecumque
585 1693 774 1727 solemniter
792 1693 972 1737 publicans,

231 1757 268 1780 ac
292 1747 465 1791 praedictis
489 1747 647 1790 religiosis
667 1747 772 1781 dictae
792 1747 973 1790 Congrega-

233 1800 328 1834 tionis
352 1801 384 1833 in
409 1801 594 1846 praemissis
618 1801 758 1835 efficacis
779 1801 974 1835 defensionis

232 1854 393 1899 praesidio
411 1854 572 1896 assistens,
596 1855 689 1889 saciat
709 1855 900 1889 auctoritate
918 1866 974 1889 no-

233 1911 297 1943 stra
317 1908 387 1942 illas
405 1909 437 1942 in
455 1909 523 1943 eius
537 1909 674 1954 quisque
690 1909 816 1943 civitate
837 1915 867 1943 et
888 1909 975 1943 dioe-

235 1962 299 1996 cesi
332 1962 482 1996 inviolate
510 1963 692 1997 observari:
722 1963 975 1997 contradictores

235 2027 458 2062 quoscumque
472 2028 529 2061 per
542 2027 695 2051 censuras
707 2023 738 2051 et
750 2027 870 2062 poenas
883 2028 976 2062 prae-

236 2070 354 2112 dictas,
382 2071 509 2116 aliaque
533 2077 717 2116 opportuna
741 2071 818 2106 iuris
843 2077 875 2106 et
903 2071 975 2105 sacti

237 2125 399 2166 remedia,
424 2125 639 2169 appellatione
659 2125 853 2170 postposita,
882 2135 972 2159 com-

236 2179 409 2222 pescendo,
427 2179 573 2212 invocato
588 2179 683 2213 etiam
700 2179 740 2212 ad
761 2179 834 2220 boc,
850 2179 876 2213 si
896 2190 977 2224 opus

239 2232 344 2274 suerit,
367 2232 485 2266 auxilio
506 2232 629 2266 brachii
650 2233 833 2266 saecularis.

283 2287 298 2328 ἕ
317 2285 347 2319 5.
372 2286 541 2320 Praeterea
565 2287 624 2319 sub
651 2286 763 2320 iisdem
782 2286 927 2320 censuris
948 2293 978 2320 et

239 2339 350 2383 poenis
376 2339 592 2383 praecipimus
612 2340 700 2383 quod
724 2340 832 2372 nullus
852 2340 978 2384 praedi-

239 2398 307 2426 ctae
331 2393 592 2436 Congregationis
622 2393 782 2437 professus
810 2393 841 2426 in
872 2393 979 2438 aliqua

239 2446 301 2480 alia
322 2447 486 2491 provincia
506 2452 561 2481 aut
577 2447 832 2490 Congregatione
852 2447 980 2481 Ordinis

240 2500 270 2533 S.
298 2500 476 2543 Augustini,
500 2506 555 2534 aut
580 2500 718 2534 cuiusvis
742 2500 875 2534 alterius
899 2500 976 2534 reli--

241 2553 366 2595 gionis,
406 2560 634 2598 praeterquam
666 2553 976 2595 Cartliusianorum,

243 2605 362 2651 absque
387 2610 496 2641 nostra
525 2613 556 2642 ct
586 2608 676 2641 Sedis
701 2607 903 2651 Apostolicae
928 2612 982 2640 aut

24 2661 28 2708 t
244 2661 536 2705 superintendentis
554 2662 680 2697 licentia
702 2661 888 2706 recipiatur,
903 2667 943 2703 et,
957 2661 981 2695 si

25 2709 29 2726 l

100 2302 224 2324 Prohibetur

45 2331 145 2351 tranauit.

999 345 1176 388 gregationi
1204 345 1402 379 restituatur.

1044 400 1059 440 g
1085 400 1115 432 ὕ.
1144 400 1213 432 Non
1234 399 1437 433 obstantibus
1458 398 1742 433 constitutionibus

1000 457 1030 485 et
1048 452 1306 485 ordinationibus
1325 452 1520 497 apostolicis,
1543 453 1742 497 caeterisque

1000 505 1169 538 contrariis
1194 506 1474 550 quibuscumque:

1047 561 1062 601 ἕ
1086 559 1114 592 7.
1144 559 1298 593 Volumus
1323 566 1429 594 autem
1460 567 1493 594 ut
1524 560 1743 605 praesentium

1003 613 1222 657 transumptis,
1248 614 1344 647 etiam
1366 614 1541 658 impressis,
1569 625 1667 648 manu
1688 614 1745 647 ali-

1001 668 1091 701 cuius
1116 668 1234 701 notarii
1266 668 1387 711 publici
1415 668 1614 712 subscriptis,
1642 675 1673 702 et
1697 668 1740 701 si-

1001 722 1077 765 gillo
1091 722 1227 755 alicuius
1244 732 1403 766 personae
1422 722 1452 755 in
1474 722 1630 765 dignitate
1645 723 1745 756 eccle-

1001 775 1126 809 siastica
1142 775 1334 810 constitutae
1356 776 1499 817 munitis,
1517 777 1629 810 eadem
1651 787 1745 820 pror-

1001 840 1054 862 sus
1068 829 1147 863 fides
1161 829 1318 863 habeatur
1332 840 1414 874 quae
1433 830 1508 874 ipsis
1522 830 1746 875 praesentibus

1002 883 1187 924 baberetur,
1198 883 1223 916 si
1238 884 1343 917 forent
1354 884 1513 917 exhibitae
1523 885 1571 917 vel
1585 889 1742 918 ostensae.

1046 937 1158 970 Datum
1181 937 1309 971 Tusculi
1341 938 1399 971 sub
1432 938 1551 971 annulo
1576 937 1746 971 Piscatoris

1003 991 1054 1025 die
1079 1002 1140 1025 xxv
1171 991 1364 1036 septembris
1393 1001 1510 1033 MDCIV,
1538 992 1746 1036 pontificatus

1003 1046 1104 1081 nostri
1127 1056 1212 1080 anno
1234 1056 1300 1080 xni.

1039 1111 1097 1139 Dat.
1119 1111 1162 1138 die
1182 1111 1217 1138 25
1236 1110 1399 1146 septembris
1418 1110 1494 1144 tssot,
1516 1110 1609 1146 pontis.
1627 1118 1670 1137 an.
1688 1116 1744 1136 xlii.

1291 1272 1461 1308 CCCLVIH.

1008 1370 1099 1410 Quod
1114 1380 1270 1414 personae
1292 1369 1428 1404 Ordinis
1446 1369 1524 1404 Cscu
1545 1370 1749 1414 onqreqalio-

1049 1425 1101 1457 m's
1124 1424 1377 1458 coelestinorum,
1403 1424 1576 1468 utriusque
1592 1434 1686 1456 sexus
1707 1423 1749 1456 ad

1049 1477 1119 1510 alia
1156 1477 1342 1511 tribunalia
1374 1478 1560 1511 saecularia
1584 1477 1750 1521 appellare

1049 1531 1099 1564 rel
1112 1530 1154 1564 ad
1168 1531 1229 1564 itta
1242 1532 1413 1576 confuqere
1428 1531 1566 1565 minime
1583 1530 1713 1564 valeant
1728 1529 1746 1562 ¹.

1214 1647 1349 1676 Clemens
1365 1648 1444 1682 Papa
1464 1647 1541 1680 VIII,

1151 1702 1187 1730 ad
1208 1702 1341 1730 futuram
1360 1702 1404 1730 rei
1425 1702 1607 1730 memoriam,

1053 1800 1211 1840 Quoniam
1233 1806 1344 1834 nostro
1364 1800 1517 1845 pastorali
1547 1799 1751 1844 potissimum

1010 1854 1167 1888 incumbit
1188 1854 1309 1897 officio,
1324 1860 1359 1888 ut
1372 1865 1409 1888 ea
1422 1865 1504 1899 quae
1517 1864 1576 1898 per
1589 1854 1753 1897 regulares

1009 1919 1163 1953 personas
1178 1914 1290 1942 contra
1303 1919 1416 1942 eorum
1431 1908 1592 1951 regularia
1610 1908 1755 1941 instituta

1011 1969 1132 1997 temere
1162 1968 1382 2004 attentantur,
1410 1968 1567 2007 quantum
1599 1962 1693 1996 nobis
1717 1973 1755 1995 ex

1010 2018 1073 2052 alto
1084 2017 1285 2058 conceditur,
1299 2016 1491 2062 opportunis
1503 2015 1654 2050 remediis
1665 2026 1754 2050 eom-

1011 2079 1179 2114 pescamus
1200 2074 1231 2102 et
1247 2079 1471 2109 amoveamus,

1055 2126 1071 2166 g
1093 2125 1122 2156 1.
1144 2122 1295 2165 Proinde,
1316 2123 1392 2167 quia
1416 2133 1521 2167 nuper
1545 2122 1663 2156 dilecto
1688 2121 1754 2154 filio

1011 2176 1143 2210 domino
1169 2177 1262 2210 Petro
1287 2176 1470 2220 Capuceitto
1491 2176 1530 2209 ab
1551 2175 1668 2217 Agellis
1693 2174 1751 2207 ab-

1013 2230 1084 2264 bate
1109 2229 1250 2271 generali
1273 2239 1483 2263 monacorum
1505 2228 1633 2263 Ordinis
1654 2228 1753 2261 sancti

1012 2284 1175 2318 Benedicti
1193 2283 1455 2328 congregationis
1480 2282 1751 2322 Coelestinorum,

1013 2349 1077 2372 non
1097 2339 1166 2372 sine
1187 2338 1285 2372 animi
1306 2338 1405 2372 nostri
1421 2337 1578 2378 molestia,
1598 2337 1755 2370 referente

1013 2392 1208 2436 accepimus,
1229 2392 1317 2437 quod
1338 2391 1513 2425 nonnullae
1535 2390 1610 2424 dicti
1629 2390 1756 2423 Ordinis

1014 2452 1044 2480 et
1060 2446 1335 2489 Congregationis,
1352 2439 1449 2479 etian’i
1464 2445 1632 2488 utriusque
1652 2454 1756 2485 sexus,

1013 2500 1177 2542 regulares
1190 2510 1358 2544 personae,
1370 2499 1424 2532 Dei
1439 2498 1553 2531 timore
1567 2496 1756 2542 postposito}

1015 2559 1045 2586 ct
1069 2564 1145 2587 suae
1171 2553 1379 2598 professionis
1402 2552 1630 2592 immemores,
1663 2556 1696 2584 ut
1724 2550 1755 2582 in

1053 2671 1062 2697 1
1087 2669 1123 2697 Ex
1144 2670 1249 2706 ltogost.
1272 2669 1296 2695 in
1316 2669 1418 2697 Secret.
1441 2668 1516 2696 Brev.

1761 239 1850 266 Aac,
1873 241 1941 268 1604

1828 408 1942 434 Derogatio

1758 437 1920 456 contrariorum.

1778 568 1881 594 Exemplis
1893 569 1943 589 ilau-

1759 596 1786 617 da
1803 596 1862 616 tides*

1795 1809 1915 1832 Exordium.

1784 2125 1865 2146 Causae
1877 2126 1955 2146 tacien-

1770 2152 1809 2182 tlae
1829 2153 1954 2179 probibitio-

1769 2185 1808 2200 uis.
