2227 3241
62 247 111 274 An.
129 246 159 273 C.
178 245 246 273 1610

61 309 168 334 episcopis
178 307 248 328 India-

61 342 105 356 rum
121 334 248 356 Occidenta-

61 363 110 383 lium
139 362 247 388 praecepit

61 389 172 409 concilium
198 393 250 414 pru—

61 415 249 441 vinrialequntttaet

60 443 170 469 septennio
195 444 248 464 ceta-

61 470 132 491 brai-e.

92 736 151 761 Quod
163 729 209 758 cfim
218 739 248 759 ni-

94 1858 170 1879 Paulus
188 1860 209 1878 ut
225 1857 251 1877 ad

64 1884 252 1906 duodenniumdit‘·

66 1912 145 1960 Ἇεᾶιῑιπ
178 1916 251 1932 eonce-

906 245 1025 269 amtt's
1046 246 1065 269 V
1085 246 1122 269 I’I'
1129 263 1134 268 .

263 293 313 327 nis
346 293 520 337 Gregorius
545 293 630 338 Papa
656 293 747 334 XIII,
775 293 1005 338 praedecessor

264 353 385 389 noster,
414 357 472 392 per
490 358 564 381 suas
592 347 623 380 in
652 347 748 381 simili
771 347 873 381 forma
898 346 1004 380 Brevis

265 398 426 446 expeditas
450 401 572 435 litteras
598 401 848 445 archiepiscopis
871 406 898 434 et
923 400 1004 444 epis-

264 455 353 500 copis
368 456 401 488 in
415 455 512 489 Indiis
525 455 783 490 Occidentalibus
797 453 1004 488 existentibus

265 508 348 542 inter
367 508 450 549 alia,
477 514 512 542 ut
543 508 716 542 concilium
744 507 940 552 provinciale
966 507 1004 540 de

263 562 432 606 septennio
453 562 484 594 in
499 562 701 606 septennium
721 561 885 596 celebrare
910 561 1007 594 debe-

263 621 345 656 rent,
368 616 532 660 praecepit
550 622 580 650 et
600 616 747 657 iniunxit,
770 621 866 660 prout
891 615 921 647 in
948 614 1002 647 lit-

265 669 340 702 teris
360 670 533 713 praedictis
553 669 679 714 plenius
696 669 880 703 continetur
893 668 912 700 ¹.

309 724 325 765 ξ
350 722 380 756 Q.
409 723 486 757 Cum
518 730 625 757 autem
644 751 651 765 ‚
679 723 761 756 sicut
787 733 823 756 ex
857 723 1002 756 insinua-

265 776 351 809 tione
386 776 566 810 charissimi
598 777 629 810 in
661 776 784 810 Christo
817 776 872 809 filii
906 777 1004 810 nostri

263 830 401 875 Philippi
426 831 652 876 Hispaniarum
675 831 759 874 regis
779 830 926 864 catholici
949 841 1007 863 nu-

263 895 322 928 per
346 885 546 929 accepimus‚
571 895 686 928 magna
707 890 738 918 et
758 884 864 927 gravia
886 885 1007 917 incom-

265 938 360 971 moda
385 949 419 971 ex
447 939 627 984 frequentia
651 939 875 972 celebrationis
901 939 1006 972 conci-

263 992 379 1025 liorum
406 992 591 1026 huiusmodi
617 999 804 1034 nascantur,
834 1003 905 1026 cum
933 1003 1006 1037 pro-

263 1052 334 1089 pter
358 1056 422 1079 non
449 1046 656 1080 residentiam
676 1047 900 1091 episcoporum
921 1046 1005 1091 apud

263 1100 412 1133 ecclesias
429 1111 522 1141 suas,
543 1101 596 1145 qui
619 1101 660 1133 ob
686 1101 781 1144 longa
807 1107 837 1133 et
866 1100 1007 1133 diflicilia

263 1154 358 1187 etiam
379 1165 451 1187 cum
479 1154 559 1188 vitae
579 1155 725 1199 periculo
750 1154 875 1188 itinere&
894 1153 1005 1188 maiori

264 1218 299 1240 ex
313 1213 405 1252 parte
419 1208 573 1253 temporis
587 1209 625 1241 ab
641 1208 781 1242 ecclesiis
799 1209 864 1241 suis
877 1208 1003 1248 absunt,

264 1267 329 1294 tum
353 1262 448 1295 etiam
469 1268 603 1307 propter
622 1273 735 1307 parum
758 1262 851 1296 utiles
872 1263 1003 1300 fructus,

263 1315 318 1359 qui
344 1326 379 1348 ex
406 1315 519 1349 crebra
552 1315 769 1349 celebratione
795 1315 1006 1349 conciliorum

263 1368 448 1402 huiusmodi
470 1369 682 1412 proveniunt,
711 1379 748 1403 eo
771 1370 874 1414 quod,
899 1369 954 1402 ubi
977 1368 1006 1401 in

264 1421 408 1454 conciliis
428 1421 614 1455 huiusmodi
636 1423 791 1456 nonnulla
805 1423 933 1456 decreta
952 1432 1007 1454 seu

264 1480 383 1508 statuta
408 1485 466 1519 pro
492 1475 575 1509 felici
599 1475 837 1519 provinciarum
865 1481 895 1508 et
921 1475 1008 1508 dioe-

267 1538 375 1561 cesum
408 1528 586 1561 directione
618 1534 649 1562 et
676 1529 835 1571 gubernio
869 1529 949 1561 saeta
978 1533 1009 1560 et

265 1581 414 1614 ordinata
447 1587 543 1621 sunt,
581 1587 752 1624 antequam
793 1581 932 1625 episcopi
968 1581 1025 1627 ad¹

268 1635 432 1668 dioeceses
459 1645 531 1668 suas
558 1635 618 1668 iam
647 1635 763 1668 reversi
797 1635 850 1667 illa
880 1635 1007 1668 debitae

266 1689 474 1733 exequutioni
511 1689 699 1722 demandari
733 1690 835 1723 facere
864 1689 1027 1732 possint‚3

266 1744 305 1777 ad
332 1743 468 1777 concilia
489 1744 698 1787 provincialia
719 1743 904 1777 huiusmodi
924 1744 1006 1776 cele·
1024 1782 1026 1794 4

267 1797 390 1830 branda
412 1797 527 1830 iterum
549 1803 781 1831 convocantur:
1025 1795 1026 1810 ¹

314 1852 329 1892 ξ
347 1850 377 1883 3
398 1851 460 1884 Nos
480 1851 664 1895 praemissis
684 1857 713 1884 et
734 1851 802 1885 aliis
824 1852 914 1885 iustis
935 1862 1008 1884 cau-

267 1905 310 1937 sis
330 1910 512 1949 opportune
537 1905 771 1949 providendum
788 1905 826 1938 de
843 1905 933 1939 solita
955 1905 1008 1939 Se-

269 1958 316 1992 dis
345 1958 547 2002 Apostolicae
580 1958 779 2001 benignitate
810 1959 1004 1992 censuimus.

268 2011 370 2055 Igitur
390 2011 709 2055 archiepiscoporum
731 2017 761 2045 et
782 2011 1006 2056 episcoporum

268 2066 507 2110 praedictorum
534 2065 827 2106 commoditatibus,
852 2072 1006 2110 quantum

269 2129 340 2152 cum
361 2118 499 2152 Domino
511 2129 693 2162 possumus,
717 2119 885 2152 consulere
902 2119 1009 2152 volen-

270 2178 327 2213 tes,
356 2177 445 2206 motu
470 2171 628 2216 proprio,
652 2178 681 2205 et
706 2182 742 2205 ex
767 2174 853 2206 certa
878 2172 1007 2205 scientia

270 2231 389 2265 nostra,
414 2236 449 2258 ac
468 2225 506 2258 de
532 2225 725 2269 apostolicae
749 2225 915 2269 potestatis
936 2226 1005 2269 ple-

270 2278 437 2319 nitudine,
466 2279 505 2312 de
534 2279 666 2312 consilio
692 2280 922 2313 venerabilium
950 2280 1009 2312 fra-

271 2338 354 2365 trum
374 2338 556 2366 nostrorum
575 2339 701 2367 sanctae
719 2334 881 2367 Romanae
902 2333 1008 2367 Eccle-

271 2386 335 2419 siae
349 2386 559 2419 cardinalium
582 2387 662 2420 sacri
680 2387 810 2420 Concilii
832 2387 1009 2421 Tridentini

271 2439 493 2484 interpretum,
511 2445 545 2473 ut
565 2440 797 2485 archicpiscopi
820 2447 849 2474 et
870 2441 1009 2485 episcopi

271 2493 434 2526 Indiarum
455 2493 706 2527 Occidentalium
729 2505 764 2527 cx
791 2495 894 2528 causis
918 2506 1011 2539 supe-

271 2545 337 2578 rius
362 2546 520 2590 expressis
545 2546 673 2580 concilii
702 2547 906 2591 provincialis
927 2548 1009 2581 cele-

309 2618 318 2643 t
343 2616 397 2644 Hae
417 2625 525 2653 quoque
545 2617 641 2645 desunt
656 2622 692 2652 (a.
709 2619 755 2651 iz).

307 2660 323 2686 2
344 2660 486 2696 perperam
502 2662 565 2689 edit,
584 2663 665 2688 Main.
682 2662 747 2697 legit
764 2663 868 2690 ttinere
883 2664 920 2697 (n.
933 2664 981 2698 τ.).
1026 2660 1028 2684 l

1684 233 1747 266 659
1795 242 1845 269 An.
1863 242 1890 268 c.
1910 242 1978 269 1610

1041 293 1218 326 brationem
1245 293 1284 326 ad
1316 292 1487 326 duodecim
1517 301 1618 325 annos
1648 291 1778 325 differre

1039 346 1161 390 possint
1187 346 1260 390 (nisi
1281 346 1367 380 aliud
1392 356 1449 390 per
1473 345 1587 379 Sedem
1614 345 1777 390 Apostoli-

1040 411 1107 433 cam
1130 406 1241 444 postea
1261 400 1444 434 ordinatum
1467 399 1571 441 fuerit,
1589 399 1637 432 vel
1658 398 1781 443 episco-

1039 454 1087 498 pis
1105 459 1135 487 et
1149 454 1399 499 archiepiscopis
1416 454 1492 498 ipsis
1509 453 1782 498 quandocumque

1039 508 1140 541 visum
1159 507 1252 541 fuerit
1275 508 1484 552 frequentiori
1507 518 1587 552 opus
1609 518 1675 541 esse
1697 507 1781 540 cele-

1040 561 1209 605 bratione>
1234 562 1410 606 apostolica
1434 561 1624 595 auctoritate
1639 589 1646 602 ‚
1670 566 1782 594 tenore

1040 616 1270 659 praesentium,
1288 615 1495 649 concedimus
1513 621 1543 649 et
1562 615 1777 657 indulgemus.

1085 669 1150 713 §Aa
1178 670 1247 703 Non
1274 669 1474 703 obstantibus
1500 668 1671 713 praedictis
1697 667 1778 702 Gre-

1041 721 1122 763 gorii
1148 721 1406 765 praedecessoris
1438 720 1572 761 litteris,
1597 730 1633 753 ac
1654 720 1686 752 in
1711 719 1782 752 uni-

1041 775 1216 807 versalibus
1231 802 1238 815 ‚
1267 774 1582 818 provincialibusque
1598 801 1604 814 ‚
1633 779 1670 807 et·
1687 783 1782 818 syno-

1042 829 1168 876 dalibus
1193 829 1336 862 conciliis
1366 828 1476 869 editis,
1505 828 1709 871 generalibus
1733 827 1783 861 vel

1041 883 1244 927 specialibus,
1269 882 1552 917 constitutionibus
1563 888 1593 916 et
1607 882 1784 916 ordinatio-

1042 936 1135 969 nibus
1160 937 1366 981 apostolicis,
1392 936 1591 980 caeterisque
1616 935 1783 970 contrariis

1042 991 1311 1035 quibuscumque.

1064 1044 1067 1047 ’
1085 1047 1196 1079 Datum
1225 1046 1345 1079 Romae
1366 1045 1451 1089 apud
1472 1051 1615 1078 sanctum
1637 1045 1780 1084 Petrum,

1041 1099 1100 1132 sub
1123 1100 1241 1133 annulo
1262 1099 1431 1132 Piscatoris
1457 1098 1508 1132 die
1538 1109 1580 1132 v11
1603 1097 1784 1131 decembris

1042 1163 1137 1194 nncx,
1160 1152 1364 1197 pontificatus
1384 1152 1484 1186 nostri
1504 1162 1587 1185 anno
1605 1162 1647 1186 vi.

1078 1215 1134 1242 Dat,
1157 1215 1200 1242 die
1221 1215 1234 1241 7
1256 1215 1408 1242 decembris
1429 1214 1508 1249 1610,
1531 1215 1624 1251 pontif.
1641 1222 1684 1241 an.
1703 1220 1737 1241 vt.

1811 679 1982 708 Derogatiocon-

1797 708 1917 726 [rariorum.

1336 1378 1487 1412 CLXVIII.

1044 1475 1248 1515 Declaratur,
1269 1486 1352 1509 nova
1368 1480 1491 1509 statuta
1510 1475 1597 1508 edita
1614 1486 1673 1519 pro
1691 1476 1785 1508 semi-

1087 1529 1181 1561 nario
1207 1528 1350 1562 mutitare·
1377 1529 1483 1562 sancti
1505 1528 1614 1562 Iacobi
1636 1528 1674 1561 de
1698 1528 1782 1572 Spa-

1089 1583 1167 1619 tha,
1195 1587 1223 1615 et
1248 1583 1354 1615 sancti
1388 1582 1555 1615 Benedicti
1580 1582 1617 1614 (le
1646 1582 1725 1615 Avis
1749 1582 1784 1613 in

1087 1637 1214 1669 civitate
1246 1636 1488 1677 Colv'mlm'ense',
1516 1647 1581 1669 non
1604 1646 1662 1680 per
1683 1635 1783 1669 Ordi-

1087 1691 1232 1730 narium,
1250 1691 1303 1723 secl
1318 1701 1376 1734 per
1393 1690 1589 1723 collectorem
1611 1689 1786 1733 Portu-‹Jal-

1088 1744 1152 1777 Iiae
1177 1755 1240 1776 esse
1264 1744 1499 1788 approbanda:
1525 1744 1650 1788 priores
1678 1748 1785 1776 autem

1087 1802 1114 1831 et
1128 1797 1398 1831 commendatarii
1411 1797 1573 1830 dictarum
1586 1796 1787 1829 im'lv'tiarum

1086 1862 1104 1883 a
1119 1851 1354 1884 contributione
1369 1851 1519 1894 saciendci
1540 1850 1672 1883 caeteris
1692 1850 1787 1883 semi-

1087 1905 1215 1945 nar-iis,
1245 1909 1309 1937 tam
1337 1905 1445 1937 erectis
1476 1914 1576 1948 quam
1601 1902 1783 1946 rriyenctis,

1088 1959 1219 1991 eoeimzm
1226 1963 1258 1991 tu
1264 1970 1279 1990 r
1290 1958 1308 1990 ¹.

1285 2049 1394 2076 Paulus
1416 2049 1494 2082 Papa
1514 2049 1546 2081 V,

1168 2103 1203 2129 ad
1224 2105 1400 2137 perpetuam
1420 2103 1464 2130 rei
1484 2102 1664 2130 memoriam.

1090 2173 1156 2215 51.
1186 2174 1270 2206 Alias
1302 2173 1481 2207 charissimi
1515 2174 1545 2206 in
1577 2172 1700 2206 Christo
1726 2172 1782 2205 tilii
1814 2178 1903 2209 ,t’uutuz
1923 2178 1985 2199 russe-

1799 2205 1987 2231 giuinColimbriae

1045 2227 1143 2259 nostri
1168 2227 1307 2271 Philippi
1333 2227 1546 2270 portugalliae
1568 2232 1594 2259 ct
1620 2226 1785 2269 Algaibio-
1800 2238 1837 2278 {³¹22
1853 2232 1910 2284 ¹3:225
1925 2232 1986 2278 ῥέῃ-ἐζ

1046 2292 1115 2314 rum
1137 2281 1220 2324 regis
1242 2281 1390 2315 catholici
1412 2281 1542 2314 nomine
1571 2280 1663 2313 nobis
1691 2290 1784 2324 expo—
1802 2288 1865 2306 *cr-⁴2-

1045 2335 1116 2374 sito,
1142 2335 1226 2379 quod
1247 2345 1362 2377 magna
1383 2345 1455 2378 pars
1476 2331 1710 2378 paron-bialum}
1735 2344 1785 2366 ec-

1046 2388 1214 2421 clesiarum
1246 2399 1419 2430 regnorum
1451 2388 1663 2430 t‘onugatliae
1685 2393 1711 2420 ct
1735 2387 1786 2420 At-

1045 2442 1252 2483 garbiorum,
1281 2441 1469 2485 pracsertim
1499 2441 1527 2473 in
1554 2440 1782 2480 I'livlioncnsi,

1047 2495 1223 2534 Ethorensi,
1247 2495 1493 2534 Colimbiicnsi,
1522 2494 1670 2529 Elnensi.
1694 2494 1786 2526 Fara-

1045 2549 1168 2588 onensi,
1186 2548 1475 2591 P01·talegrensi‚et
1491 2548 1559 2580 aliis
1575 2548 1679 2580 forsan
1699 2547 1786 2580 dioe-

1082 2666 1090 2690 1
1117 2664 1151 2690 Ex
1174 2664 1279 2699 l‘legest.
1303 2664 1328 2690 in
1349 2664 1453 2690 Secrct.
1477 2662 1551 2689 ΒΓΗ,
