2227 3241
29 267 78 295 An.
94 266 124 294 C.
143 264 210 293 1606

864 266 982 290 PAULUS
1008 268 1025 289 V
1052 267 1096 291 PP.

222 313 432 358 perstiterint,
456 315 527 349 illos
545 316 768 351 ecclesiasticis
789 316 964 358 beneficiis,

223 377 306 412 quae
327 367 485 410 obtinent,
509 369 625 412 prives,
649 375 680 403 et
700 376 812 404 contra
833 370 962 403 eosdem
980 389 981 392 =

223 431 279 465 per
296 421 375 455 alias
395 432 517 466 poenas
538 428 568 456 et
594 433 745 457 censuras
771 423 964 457 ecclesiasti-

223 483 285 516 cas,
307 485 343 508 ac
363 481 547 519 opportuna
569 476 647 509 iuris
665 483 693 510 et
710 477 784 511 facti
806 476 961 516 remedia,
980 490 982 494 ยน

198 564 202 566 ,
222 527 439 572 appellatione
469 530 657 576 postposita,
677 531 846 574 procedas,
868 541 966 575 super

96 806 208 837 Derogzitio

32 836 186 856 contrariorum.

62 1791 176 1814 Exordium.

55 2316 180 2351 Gontlrmatio
191 2319 216 2340 de

44 2352 82 2373 qua
95 2354 114 2369 in
126 2350 215 2372 rubrica.

20 2387 25 2520 t
51 2471 60 2483 ,

222 581 340 625 quibus
360 582 512 616 omnibus
530 588 560 617 et
581 583 716 627 singulis
737 584 841 618 eidem
857 585 966 618 frater-

223 634 314 669 nitati
335 640 408 669 tuae
437 642 468 670 et
489 636 574 671 dicto
604 637 800 682 praeposito,
822 648 840 671 a
861 643 902 677 te,
931 643 965 670 ut

223 689 416 733 praefertur,
437 690 690 734 subdelegando,
706 696 922 736 opportunam
936 696 966 724 et

224 743 364 787 amplam
383 744 556 778 tribuimus
570 745 766 779 facultatem.

268 798 285 840 S
306 796 336 831 3.
355 798 424 831 Non
442 798 644 832 obstantibus
662 798 693 832 in
712 799 908 833 contrarium
928 800 966 833 fa-

224 849 382 885 cientibus
403 851 673 896 quibuscumque.

268 904 381 938 Datum
407 905 528 939 Romae
548 906 633 950 apud
647 912 794 940 sanctum
813 906 966 947 Marcum,

224 957 282 991 sub
296 958 416 992 annulo
428 958 597 993 Piscatoris
611 959 662 993 die
676 969 706 993 1v
718 960 842 1002 augusti
857 970 966 1001 trinovi,

224 1011 432 1055 pontificatus
449 1012 549 1046 nostri
568 1023 654 1046 anno
673 1023 706 1047 11.

261 1074 319 1101 Dat.
338 1074 381 1102 die
401 1075 417 1101 4
432 1075 539 1110 augusti
561 1075 640 1110 1006,
662 1076 755 1112 pontif.
773 1085 814 1103 atr
832 1083 849 1103 11

542 1265 646 1298 XLIX.

227 1388 438 1431 Confirmatio
461 1389 713 1433 priw'leyiorum
739 1390 966 1433 Conqreqatio-

269 1442 323 1475 nis
358 1442 501 1485 fratrum
538 1442 674 1476 Ordinis
707 1444 964 1487 Relbrnmtorum

271 1497 376 1529 sancti
401 1497 570 1530 Benedicti
594 1498 688 1541 requi
713 1497 742 1530 F
743 1498 899 1531 ranciae'.

465 1614 574 1642 Paulus
596 1615 674 1649 Papa
694 1615 731 1648 V,

347 1667 383 1695 ad
404 1671 578 1702 perpetuam
599 1668 643 1696 rei
665 1668 834 1696 memoriam

272 1765 408 1798 lniuneti
427 1765 520 1798 nobis
533 1766 701 1810 apostolici
723 1767 867 1801 muneris
887 1768 968 1801 ratio

227 1819 378 1863 postulat,
396 1825 441 1860 ut,
461 1830 626 1853 sacrarum
648 1820 840 1863 religionum
858 1821 888 1853 in
908 1821 968 1854 mi-

227 1872 330 1906 litanti
352 1873 491 1906 Ecclesia
504 1884 617 1907 suaves
636 1873 666 1906 in
688 1874 827 1907 Domino
847 1875 969 1908 fructus

227 1927 353 1962 assidue
385 1928 616 1971 praestantium
655 1933 822 1971 paternam
856 1939 967 1962 curam

227 1988 393 2025 gerentes,
416 1981 607 2025 privilegia,
637 1982 756 2024 gratias
788 1988 819 2016 et
847 1983 969 2017 indulta

229 2035 290 2069 illis
307 2047 324 2069 a
345 2035 497 2069 Romanis
518 2036 726 2069 Pontificibus
743 2037 970 2080 praedecesso-

229 2089 317 2123 ribus
333 2090 450 2124 nostris
464 2096 494 2123 et
506 2090 688 2134 Apostolica
705 2090 786 2124 Sede
804 2101 966 2132 concessa,

230 2154 294 2188 quo
312 2143 447 2177 validius
460 2149 618 2188 perpetuo
639 2143 825 2185 subsistant,
842 2151 970 2188 aposto-

231 2197 310 2231 licae
331 2197 587 2231 confirmationis
606 2197 721 2231 robore
736 2198 971 2231 libentercom-

232 2251 424 2284 muniamus.

275 2306 292 2347 g
311 2304 340 2337 t.
365 2305 513 2338 Volentes
528 2304 624 2347 igitur
637 2305 818 2338 universam
833 2306 971 2348 Congre-

232 2357 392 2400 gationem
414 2357 542 2391 Ordinis
556 2358 690 2391 fratrum
710 2358 969 2391 Ret'ormatorum

232 2411 330 2445 saneti
358 2411 520 2445 Benedicti
551 2412 641 2455 regni
662 2411 817 2445 Franciae
838 2422 874 2445 ac
889 2412 972 2445 eius-

233 2465 304 2498 dem
323 2465 587 2508 Congregationis
600 2465 784 2509 generalem
807 2471 837 2499 et
859 2466 972 2499 fratres

231 2518 395 2553 universos
415 2519 609 2563 specialibus
627 2518 791 2552 favoribus
811 2524 842 2551 et
861 2519 972 2562 gratiis

233 2572 395 2615 prosequi,
415 2582 451 2605 ac
463 2583 575 2606 eorum
594 2572 761 2605 universos
782 2577 812 2605 ct
828 2571 971 2614 singulos

234 2635 251 2658 a
271 2626 434 2669 quibusvis
455 2626 808 2665 excommunicationis,
832 2636 967 2669 suspen-

270 2690 279 2715 1
304 2689 339 2716 Ex
361 2689 465 2725 Regest.
487 2690 512 2717 in
533 2691 632 2717 Set-ret.
657 2691 735 2717 ltrevn

1644 258 1701 292 5341

998 316 1098 349 sionis
1118 322 1148 348 et
1168 316 1341 358 interdicti,
1361 317 1495 361 aliisque
1516 316 1740 350 ecclesiasticis

998 369 1176 409 sententiis,
1201 371 1344 404 censuris
1366 377 1396 404 et
1417 371 1541 415 poenis,
1564 382 1581 404 a
1603 371 1671 404 iure
1693 371 1739 404 vel

1000 421 1038 454 ab
1067 422 1218 463 homine,
1242 425 1352 467 quavis
1377 425 1546 458 occasione
1571 425 1618 458 vel
1645 427 1740 458 causa

1000 475 1091 515 latis,
1119 476 1144 508 si
1170 476 1287 519 quibus
1315 478 1561 521 quomodolibet
1597 478 1739 512 innodati

1000 529 1150 569 existunt,
1174 530 1213 563 ad
1234 531 1382 564 effectum
1404 532 1624 575 praesentium
1645 532 1740 565 dum-

1001 587 1085 616 taxat
1105 584 1382 627 consequendum,
1400 585 1513 617 barum
1532 585 1616 619 serie
1636 585 1741 619 absol-

1000 642 1108 670 ventes
1128 642 1159 670 et
1179 637 1343 672 absolutos
1376 639 1441 672 fore
1467 645 1644 681 censeam,
1668 650 1742 684 sup-

999 690 1226 734 plicationibus
1238 692 1369 726 nomine
1384 693 1490 727 dilecti
1505 694 1610 738 Isayae
1620 694 1742 739 Jaunay

1001 743 1143 778 eiusdem
1169 745 1434 789 Congregationis
1459 748 1618 790 generalis
1648 748 1741 781 nobis

1001 798 1167 832 humiliter
1192 800 1349 843 porrectis
1376 800 1541 842 inclinati,
1570 802 1679 835 omnia
1712 808 1743 835 et

1000 851 1126 894 singula
1155 852 1345 896 privilegia,
1371 853 1602 896 immunitates,
1629 866 1739 888 exem-

1000 905 1138 949 ptiones,
1151 906 1326 948 libertates,
1340 908 1589 951 praerogativas,
1608 909 1741 950 favores,

1001 958 1175 1002 facultates,
1190 960 1425 1002 concessiones,
1437 961 1565 1004 gratias,
1580 961 1743 995 etindulta

1000 1012 1180 1055 spiritualia
1196 1018 1228 1046 et
1241 1015 1431 1057 temporalia
1445 1014 1549 1048 eidem
1564 1015 1743 1057 Congrega-

1001 1066 1092 1107 tioni,
1112 1066 1246 1111 eiusque
1266 1068 1408 1110 generali
1433 1079 1469 1101 ac
1494 1068 1646 1102 fratribus
1671 1069 1742 1102 uni-

1001 1120 1111 1161 versis,
1134 1131 1313 1165 eorumque
1339 1121 1501 1162 domibus,
1527 1122 1739 1162 monasteriis,

1001 1174 1144 1208 eeclesiis
1169 1181 1199 1208 et
1219 1175 1297 1208 locis
1315 1176 1517 1218 regularibus
1535 1176 1743 1220 quibuscum-

1001 1238 1063 1271 que
1084 1229 1115 1260 in
1138 1228 1223 1262 dicto
1242 1239 1341 1272 regno
1355 1229 1602 1263 consistentibus
1623 1241 1680 1274 per
1701 1230 1744 1262 fe-

1001 1281 1070 1314 licis
1108 1283 1342 1316 recordationis
1375 1283 1496 1317 Sixtum
1536 1283 1581 1324 V,
1617 1284 1740 1327 Grego-

1001 1335 1082 1368 rium
1099 1336 1174 1376 xlv,
1188 1336 1385 1370 Clementem
1402 1338 1466 1370 Vlll
1479 1343 1506 1370 et
1521 1348 1743 1382 quoscumque

1001 1388 1081 1422 alios
1102 1389 1264 1423 Romanos
1289 1390 1459 1424 Pontifices
1481 1391 1744 1435 praedecessores

1002 1448 1127 1476 nostros
1153 1449 1181 1475 et
1205 1444 1421 1487 Apostolicam
1443 1444 1557 1478 Sedem
1579 1445 1638 1478 sub
1660 1456 1742 1489 qua-

1001 1507 1141 1541 cumque
1159 1497 1330 1530 verborum
1355 1498 1456 1530 torma
1474 1504 1504 1531 et
1525 1499 1742 1542 expressione,

1003 1551 1034 1583 in
1055 1561 1173 1593 genere
1193 1551 1239 1584 vel
1263 1551 1293 1584 in
1315 1552 1434 1596 speeie,
1451 1557 1506 1585 aut
1520 1553 1596 1585 alias
1614 1563 1747 1596 quomo-

1002 1605 1123 1638 delibet
1154 1616 1304 1639 concessa
1331 1618 1367 1639 ac
1393 1607 1512 1650 pluries
1539 1607 1742 1647 confirmata,

1003 1670 1075 1691 cum
1099 1659 1251 1692 omnibus
1272 1666 1301 1693 et
1318 1660 1453 1702 singulis
1475 1660 1505 1693 in
1524 1660 1570 1694 eis
1588 1660 1746 1693 contentis

1003 1713 1165 1753 clausulis,
1190 1713 1328 1746 decretis
1353 1720 1380 1746 et
1404 1714 1686 1755 declarationibus,
1711 1724 1747 1746 ae

1003 1767 1145 1808 singulas
1166 1767 1300 1808 litteras,
1327 1774 1388 1800 tam
1411 1768 1469 1801 sub
1495 1768 1629 1811 plumbo
1649 1779 1746 1812 quam

1004 1821 1033 1854 in
1058 1822 1159 1854 torma
1181 1820 1298 1857 Brevis.
1328 1826 1383 1854 aut
1407 1821 1484 1854 alias
1509 1821 1648 1864 desuper
1672 1831 1749 1854 con-

1004 1875 1099 1908 fectas
1120 1876 1270 1919 (quarum
1295 1881 1423 1909 tenores
1444 1875 1667 1919 praesentibus
1689 1886 1747 1919 pro

1003 1928 1160 1972 expressis
1178 1928 1288 1961 haberi
1314 1929 1486 1972 volumus),
1510 1934 1669 1973 quatenus
1686 1929 1749 1962 sint

1005 1983 1035 2015 in
1058 1994 1128 2023 usu,
1150 1988 1180 2015 et.
1200 1992 1264 2015 non
1282 1983 1341 2015 sint
1365 1988 1523 2026 revocata,
1541 1994 1595 2016 seu
1614 1983 1673 2016 sub
1692 1983 1748 2016 ali-

1004 2037 1121 2081 quibus
1144 2037 1403 2070 revocationibus
1425 2036 1688 2081 eompretmnsaยนโ
1712 2048 1748 2070 ae

1004 2090 1103 2124 sacris
1135 2090 1312 2123 canonibus
1344 2096 1372 2123 et
1403 2090 1533 2123 Concilii
1567 2090 1747 2123 Tridentini

1005 2144 1143 2178 decretis
1155 2150 1182 2177 et
1194 2144 1477 2178 constitutionilnis
1491 2145 1674 2188 apostolicis
1685 2155 1747 2178 non

1005 2197 1343 2239 adversentur,tenore
1354 2203 1500 2241 praesent
1509 2198 1584 2240 ium,
1593 2203 1749 2242 perpetuo

1007 2250 1239 2284 confirmamus
1256 2257 1286 2284 et
1304 2251 1535 2295 approbamus,
1553 2262 1589 2284 ac
1608 2251 1669 2283 illis
1683 2262 1749 2294 per-

1007 2311 1121 2348 petuae
1142 2310 1177 2353 Q
1191 2304 1382 2337 inviolabilis
1402 2305 1597 2348 apostolicae
1616 2305 1748 2336 firmita-

1008 2358 1046 2391 tis
1067 2358 1166 2391 robur
1183 2358 1364 2391 adiit-imus.
1505 2357 1507 2359 โ

1052 2413 1068 2454 ฮพ
1097 2412 1127 2444 3.
1149 2412 1306 2451 Quocirca
1336 2411 1573 2445 venerabililms
1599 2411 1748 2444 fratribus

1008 2465 1208 2509 patriarchis,
1241 2465 1504 2509 archiepiscopis,
1534 2464 1693 2508 episcopis
1718 2470 1749 2497 ct

1007 2519 1076 2552 aliis
1099 2519 1243 2552 locorum
1270 2519 1449 2552 Ordinariis
1474 2518 1743 2562 quibuscumque,

1007 2582 1065 2605 nec
1087 2583 1149 2606 non
1171 2573 1288 2605 dilecto
1303 2572 1369 2605 filio
1383 2583 1552 2605 โนiausm'um
1571 2571 1679 2604 curiae
1693 2572 1747 2605 Ca-

1008 2637 1114 2659 mcrae
1136 2626 1337 2670 Apostolirae
1367 2626 1509 2668 generali
1531 2626 1669 2659 autlitori
1691 2637 1747 2670 per

1044 2691 1052 2714 t
1079 2688 1142 2715 ยงtate
1156 2688 1218 2715 edu,
1233 2688 1309 2715 Main.
1327 2688 1388 2723 legit
1405 2689 1622 2723 romesnwttmtscts
1643 2692 1678 2714 'ttv
1699 2692 1744 2721 tt).

1755 269 1804 294 An.
1821 268 1848 295 C.
1872 267 1939 297 1606

1829 2470 1949 2496 Emptum,

1764 2497 1882 2518 orttumrns
1893 2498 1949 2517 '01ยน0-

1764 2530 1808 2545 rutu
1819 2529 1935 2546 comtum-t.
