2227 3241
36 236 84 265 An.
97 235 126 264 G.
148 233 216 263 1603

65 724 223 747 Controversia

39 755 122 774 exortas
135 752 190 772 inter
201 756 223 770 u-

39 782 135 806 trumque
176 805 180 808 ῃ

39 812 86 827 nem
109 810 222 826 uccaSione

38 833 104 855 vestis
118 832 191 857 albam

163 777 223 798 Ordi-

70 1479 98 1500 Ac
113 1478 227 1505 praecipue

43 1506 64 1527 in
83 1505 185 1531 hispania
207 1505 228 1525 et

43 1532 170 1558 Portugutlia
181 1538 186 1556 ;

9 1822 12 1826 ,
80 1797 174 1818 Clemens
185 1797 228 1817 suis

51 1825 126 1846 litteris
154 1824 227 1844 tollore

51 1853 168 1873 curas-erat.

86 2115 230 2143 Augustiniani

46 2143 116 2165 album
152 2145 231 2164 vestem

47 2176 85 2191 suo
100 2170 168 2190 ordini
183 2175 231 2190 con-

49 2196 134 2217 formem
185 2202 231 2216 esse

48 2223 183 2244 contendunt.

842 231 989 256 CLEMENS
1008 231 1066 256 vm
1087 231 1134 255 Pr.

235 281 355 326 sequiis
376 280 612 325 manciparunt,
636 280 736 325 quieti
761 285 792 314 et
822 279 978 324 tranquil-

235 335 317 370 litati
337 335 512 379 praecipua
538 335 677 378 quadam
703 340 734 368 et
753 333 908 377 singulari
929 343 979 367 so-

235 388 404 422 licitudine
424 388 595 432 providere
616 394 776 428 tenemur,
792 393 838 428 ut,
856 386 894 419 iis
911 396 980 419 om—

235 443 331 476 nibus
344 442 488 483 sublatis,
501 452 584 485 quae
603 441 733 474 illorum
749 441 781 474 in
792 440 841 474 via
853 440 980 474 Domini

235 506 442 540 progressum
457 495 622 528 retardare
634 499 779 538 possunt,
793 493 906 527 maiori
918 494 982 527 ala-

237 550 350 583 critate
377 549 492 583 divinis
524 548 675 582 laudibus
706 547 928 592 persolvendis
954 553 983 581 et

237 604 352 638 Christi
376 603 521 637 fidelium
546 602 641 636 saluti
666 602 908 646 promovendae
933 602 983 635 in-

238 659 403 692 cumbant.

283 713 300 754 ἓ
319 711 348 745 1.
369 711 454 744 Alias
469 710 632 754 siquidem
646 711 734 754 (cum
749 710 834 747 inter
849 710 984 744 dilectos

239 764 322 798 filios
336 765 450 798 fratres
461 764 590 798 Ordinis
601 764 865 798 Praedicatorum
879 764 982 798 sancti

238 817 409 859 Dominici,
437 823 469 851 et
492 817 605 850 fratres
625 817 753 851 Ordinis
769 818 982 851 Eremitarum

238 873 268 907 S.
296 871 467 915 Augustini
492 872 531 905 de
555 871 684 905 habitus
708 871 773 905 albi
799 872 981 912 delatione,

239 937 303 972 quo
321 927 364 960 ita
382 926 565 960 consimiles
582 926 783 968 viderentur,
803 931 850 968 ut,
870 926 895 960 si
913 927 984 961 abs-

239 992 303 1026 que
326 986 413 1015 veste
438 980 599 1025 superiori
623 981 716 1024 nigra
741 981 904 1022 incedant,
935 981 984 1014 vix

239 1035 322 1069 alter
353 1034 392 1068 ab
423 1035 524 1068 altero
550 1034 689 1068 discerni
716 1039 824 1078 queat,
853 1040 985 1068 contro-

239 1089 360 1123 versiae
384 1098 449 1122 non
474 1088 542 1122 sine
575 1088 720 1132 ipsorum
752 1088 888 1122 fratrum
913 1099 986 1133 per-

240 1142 425 1176 turbatione
445 1147 476 1175 et
496 1141 653 1176 laicorum
669 1141 846 1175 offensione
859 1141 986 1186 saepius

241 1203 330 1230 ortae
365 1196 516 1239 fuissent)
552 1196 729 1229 nonnullae
763 1197 984 1229 Romanorum

240 1250 433 1285 Pontificum
460 1251 747 1294 praedecessorum
780 1256 983 1291 nostrorum,

242 1303 432 1348 praesertim
451 1313 526 1337 vero
544 1303 644 1337 felicis
661 1303 895 1337 recordationis
915 1303 987 1336 Ale—

242 1357 355 1390 xandri
372 1358 476 1400 Papae
496 1356 606 1396 Quarti
622 1356 869 1390 constitutiones
888 1367 987 1400 super

243 1411 280 1443 ea
299 1408 518 1452 prodierunt¹.

287 1463 345 1506 §2
362 1463 399 1496 Et
415 1473 529 1506 nuper,
547 1462 658 1495 cadem
672 1472 755 1506 pene
769 1462 986 1496 controversia

243 1517 276 1550 in
292 1516 400 1559 regnis
418 1516 635 1559 Portugalliae
653 1522 683 1550 et
699 1516 926 1558 Algarbiorum
940 1515 987 1549 in-

243 1576 405 1613 surgente,
429 1580 466 1603 ac
478 1570 631 1603 fratribus
652 1569 754 1603 sancti
771 1569 930 1603 Dominici
949 1570 987 1603 de

242 1623 443 1668 praeiudicio
458 1624 496 1657 ab
511 1623 628 1657 Ordine
639 1623 668 1657 S.
683 1623 863 1666 Augustini,
882 1623 987 1667 ipsum

242 1677 390 1710 habitum
422 1683 453 1711 ct
486 1677 582 1711 etiam
616 1682 704 1710 extra
737 1677 877 1710 claustra
902 1677 988 1710 defe-

242 1737 345 1771 rente,
369 1731 430 1764 sibi
456 1731 544 1764 illato
570 1730 856 1775 conquerentibus;

289 1787 305 1827 ξ
320 1784 350 1818 3.
367 1785 430 1818 Nos
445 1785 589 1818 eiusdem
604 1785 778 1818 Alexandri
800 1791 832 1818 et
851 1784 988 1817 aliorum

244 1839 464 1872 Romanorum
496 1838 689 1872 Pontificum
724 1838 893 1882 privilegia
929 1838 986 1871 de-

244 1902 342 1935 super
367 1902 518 1925 concessa
548 1903 606 1936 per
636 1892 746 1925 literas
776 1898 902 1925 nostras
930 1892 989 1925 sub

245 1946 355 1979 datum
380 1946 501 1979 Romae
526 1946 611 1990 apud
633 1947 662 1980 S.
691 1946 841 1987 Petrum,
870 1945 921 1979 die
946 1956 989 1979 x11

245 1999 351 2031 martii
367 1999 634 2041 Mnxcv11,servari
651 1999 991 2043 mandavimus,prout

246 2052 278 2085 in
304 2053 366 2086 illis
391 2053 601 2087 continetur2.

291 2109 308 2149 ξ
328 2106 359 2139 li.
377 2107 505 2147 Verum,
527 2107 613 2150 quia,
627 2109 762 2151 sequuta
780 2107 923 2151 ipsarum
941 2107 992 2140 lit-

248 2166 389 2194 terarum
424 2161 702 2204 promulgatione,
743 2161 878 2194 dilectus
907 2161 991 2195 filius

246 2221 356 2249 noster
377 2215 537 2249 Antonius
559 2215 641 2248 tituli
658 2216 688 2249 S.
708 2215 824 2249 Mariae
844 2217 992 2260 Transty-

282 2341 295 2367 t
316 2340 350 2367 lle
367 2340 460 2367 habitu
472 2340 584 2367 fratrum
597 2340 777 2367 Eremitaruin
790 2340 892 2368 ordinis
903 2340 928 2367 S.
942 2341 992 2367 Λυ-

247 2385 347 2421 gustini
360 2385 428 2413 duae
440 2386 566 2421 leguntur
577 2387 651 2412 Alex.
664 2386 699 2412 IV
711 2385 737 2412 in
748 2385 864 2413 Bullar*
878 2386 990 2413 Constit.

248 2438 346 2465 nempe
365 2438 409 2457 xvi
431 2434 458 2457 et
474 2438 544 2464 xxix,
561 2434 625 2457 tom.
643 2437 671 2457 111
689 2438 750 2465 pag.
773 2430 824 2457 016
845 2433 871 2456 et
891 2430 942 2457 635
963 2430 989 2456 h.

248 2483 274 2501 n.
297 2474 360 2501 edit.
383 2474 433 2501 Sed
453 2474 522 2501 aliae
539 2483 608 2510 quae
630 2474 671 2501 hic
692 2474 842 2500 innuuntur
861 2473 937 2501 Alex.
960 2474 990 2501 IV

247 2527 329 2554 super
349 2519 544 2553 controversia,
561 2519 594 2546 de
610 2527 664 2555 qua
684 2527 754 2545 nunc
775 2519 873 2554 agitur,
895 2518 990 2546 desunt

248 2564 286 2598 (n.
303 2563 351 2599 T.).

284 2607 300 2635 2
320 2607 373 2635 Has
392 2616 501 2644 quoque
521 2608 605 2636 Clem.
628 2608 684 2636 Vlll
705 2608 808 2635 litteras
827 2607 854 2635 in
874 2607 989 2635 Bullar.

249 2653 370 2700 reperire
385 2661 438 2680 non
454 2656 495 2680 est
511 2653 546 2684 (a.
563 2653 612 2687 τ.).

1011 279 1114 313 herim
1129 281 1295 325 presbyter
1315 281 1487 316 cardinalis
1504 281 1631 317 Saulius
1654 289 1759 328 prote-

1013 339 1100 374 ctor,
1129 334 1264 368 dilectus
1288 335 1375 369 filius
1395 336 1547 379 magister
1571 337 1760 372 Franciscus

1013 388 1143 422 Pereira
1160 390 1309 423 assistens
1325 401 1385 434 pro
1407 391 1656 426 ultramontanis
1678 403 1756 436 pro-

1013 442 1126 475 vinciis
1139 442 1283 476 eiusdem
1297 443 1425 477 Ordinis
1437 444 1466 478 S.
1477 445 1655 488 Augustini,
1668 446 1761 479 nobis

1016 495 1147 529 nomine
1180 496 1339 540 praedicti
1368 497 1496 532 Ordinis
1524 499 1554 532 S.
1590 500 1761 542 Augustini

1017 556 1235 594 exposuerunt.
1258 561 1364 594 neque
1388 562 1447 595 per
1463 558 1649 586 nostrorum
1670 564 1761 597 prae-

1018 603 1177 637 dictorum
1199 604 1486 648 praedecessorum
1502 606 1759 647 constitutiones,

1017 668 1123 701 neque
1140 668 1199 701 per
1217 657 1407 692 huiusmodi
1421 664 1547 693 nostras
1561 659 1684 694 litteras
1697 660 1763 694 suis

1018 710 1169 744 fratribus
1194 710 1344 744 interdici
1374 711 1528 745 amictum
1553 714 1688 761 proprio
1713 714 1762 746 in-

1017 765 1127 799 stituto
1153 771 1398 808 congruentem,
1427 771 1457 799 et
1482 767 1520 800 ab
1546 767 1677 801 ineunte
1697 768 1764 802 fere

1018 818 1137 852 Ordine
1163 819 1280 862 gestari
1305 819 1455 860 solitum,
1481 826 1577 864 atque
1603 821 1697 853 etiam
1724 821 1763 854 ab

1018 883 1067 914 eo,
1097 884 1161 917 quo
1187 874 1302 906 fratres
1327 874 1357 907 S.
1384 873 1544 907 Dominici
1562 880 1713 917 utuntur,
1738 875 1764 909 si

1019 933 1155 971 uterque
1179 927 1266 960 Ordo
1292 927 1377 960 intra
1401 937 1477 960 suos
1507 927 1626 962 limites
1661 929 1766 963 consi-

1018 986 1090 1021 stat,
1118 981 1212 1015 valde
1236 980 1444 1021 dissimilem3
1468 992 1516 1022 ac,
1544 981 1692 1016 exhibitis
1717 983 1765 1016 sui

1019 1034 1147 1069 Ordinis
1161 1034 1446 1068 constitutionibus
1464 1041 1492 1068 et
1510 1035 1646 1077 iuribus,
1662 1046 1767 1080 nuper

1018 1089 1112 1123 nohis
1126 1088 1295 1122 humiliter
1308 1089 1544 1133 supplicarunt,
1561 1095 1595 1130 ut
1612 1089 1688 1123 huic
1702 1096 1766 1123 tam

1020 1143 1164 1177 diutinae
1185 1142 1366 1187 quaestioni
1391 1149 1421 1176 et
1445 1143 1612 1177 molestiae
1629 1144 1768 1177 auctori-

1020 1203 1083 1231 tate
1108 1199 1219 1230 nostra
1241 1196 1418 1241 apostoliea
1440 1196 1538 1230 finem
1561 1198 1691 1231 tandem
1705 1198 1767 1231 im-

1020 1261 1142 1294 ponere
1168 1250 1207 1283 de
1232 1249 1431 1292 benignitate
1456 1249 1634 1294 apostolica
1656 1250 1768 1293 digna-

1021 1314 1153 1342 remur·⁷

1066 1359 1081 1395 ξ
1103 1356 1133 1389 5.
1156 1357 1331 1400 Propterea
1350 1367 1409 1390 nos
1430 1357 1580 1391 iussimus
1596 1358 1766 1403 utriusque

1021 1410 1148 1444 Ordinis
1173 1410 1350 1454 privilegia,
1375 1411 1622 1445 constitutiones
1643 1423 1679 1445 ac
1705 1419 1767 1446 sta-

1022 1469 1089 1497 tuta
1105 1474 1164 1507 per
1181 1463 1315 1496 dilectos
1332 1463 1416 1497 filios
1433 1463 1579 1497 nostrae¹
1594 1465 1766 1499 visitationi

1022 1524 1053 1551 et
1084 1517 1310 1550 reformationi
1347 1518 1552 1560 Apostolicae
1586 1519 1768 1562 praefectos

1022 1571 1208 1613 diligentius
1234 1571 1423 1613 examinari,
1451 1571 1660 1616 partiumque
1686 1573 1769 1616 ipsa-

1023 1635 1095 1658 rum
1128 1624 1199 1657 iura
1233 1629 1263 1657 et
1295 1624 1538 1668 praetensiones
1574 1626 1698 1668 audiri,
1732 1637 1769 1660 ac

1023 1677 1180 1711 maturius
1214 1678 1406 1721 ponderari;
1441 1678 1495 1722 qui
1521 1679 1766 1721 reformatores,

1023 1731 1140 1765 auditis
1166 1731 1320 1774 magistro
1345 1732 1550 1766 Ferdinando
1575 1733 1614 1766 dc
1644 1733 1767 1775 Castro,

1024 1790 1235 1829 procuratore
1260 1784 1446 1829 provinciae
1471 1786 1689 1828 Portugalliae
1714 1786 1771 1820 Or-

1024 1838 1107 1871 dinis
1122 1838 1399 1879 Praedicatorum,
1416 1849 1452 1871 ac
1473 1839 1658 1882 supradicto
1673 1840 1771 1873 Fran-

1025 1893 1121 1933 cisco,
1140 1898 1170 1925 ct
1183 1891 1470 1925 constitutionibus
1488 1892 1624 1936 aliisque
1646 1893 1771 1927 iuribus

1024 1946 1177 1990 utrinque
1202 1946 1359 1987 deductis,
1379 1946 1473 1980 nobis
1485 1947 1666 1981 retulerunt
1685 1958 1773 1981 com-

1025 2000 1156 2044 perisse,
1174 2005 1276 2034 vestes
1296 2001 1395 2042 albas,
1412 2006 1576 2044 tamquam
1593 2001 1773 2043 interiores,

1025 2065 1084 2098 per
1108 2054 1278 2088 amborum
1309 2054 1467 2088 Ordinum
1493 2056 1617 2097 fratres,
1642 2066 1677 2089 ex
1698 2066 1774 2100 pro-

1025 2107 1104 2151 priis
1122 2107 1286 2149 institutis,
1304 2109 1422 2141 deferri
1432 2119 1537 2152 posse,
1555 2119 1660 2153 neque
1675 2109 1771 2142 ullam

1027 2161 1102 2195 inde
1128 2161 1205 2195 oriri
1231 2162 1473 2203 confusionem,
1512 2162 1538 2196 si
1571 2163 1772 2206 superiorem

1026 2214 1114 2248 illam
1141 2215 1280 2258 nigram,
1310 2227 1373 2259 qua
1398 2216 1482 2249 inter
1514 2227 1547 2249 se
1573 2217 1694 2260 optime
1727 2217 1774 2249 di-

1025 2268 1245 2311 stinguuntur,
1269 2269 1386 2312 singuli
1408 2269 1494 2302 iuxta
1513 2269 1662 2314 proprias
1683 2270 1773 2303 insti-

1026 2323 1165 2356 tutiones
1190 2329 1362 2365 gestarent.

1071 2379 1087 2419 ξ
1105 2376 1135 2410 6.
1159 2377 1222 2411 Nos
1244 2378 1482 2411 controversiae
1499 2377 1686 2410 huiusmodi
1701 2388 1773 2421 per-

1025 2436 1158 2473 petuum
1184 2431 1349 2464 silentium
1375 2431 1563 2474 imponere,
1593 2436 1622 2463 ct.
1647 2430 1769 2463 utrius-

1025 2494 1088 2527 que
1123 2483 1251 2517 Ordinis
1287 2484 1551 2528 praedictorum,
1587 2494 1623 2516 ex
1655 2483 1772 2527 quibus

1026 2537 1058 2570 in
1082 2537 1224 2570 Ecclesia
1249 2537 1303 2571 Dei
1335 2537 1451 2570 uberes
1482 2537 1514 2569 in
1549 2536 1617 2570 dies
1651 2537 1772 2570 fructus

1064 2652 1074 2678 1
1098 2650 1207 2680 Forsam
1222 2650 1367 2687 tegendum
1381 2653 1422 2679 est
1437 2653 1550 2679 nostros
1566 2653 1604 2685 tn.
1619 2651 1667 2685 τ,),

1681 225 1723 259 47
1770 235 1821 263 An.
1835 236 1864 265 c.
1888 236 1956 265 1603

1829 1369 1888 1392 Quod
1912 1369 1966 1389 idem

1781 1396 1968 1416 asseruntimttccs

1782 1424 1807 1443 ad
1818 1423 1857 1443 hoc
1867 1429 1879 1442 a
1894 1423 1970 1443 Ponti-

1782 1450 1820 1470 tlce
1836 1450 1936 1475 delegati.

1824 2380 1918 2402 Clemens
1938 2381 1973 2401 ‹ln-

1788 2411 1855 2432 siuuat
1878 2408 1973 2428 habitum
2025 2416 2036 2426 ο

1789 2436 1872 2460 utrique
1900 2435 1973 2455 ordini

1788 2467 1902 2488 proprium.
