2227 3241
275 253 366 281 Amo.
390 254 456 282 1604

305 1808 356 1828 Cum
367 1814 421 1828 nniut
433 1808 462 1828 iu-

279 1841 308 1855 1'3.
324 1842 359 1855 ent

502 245 544 278 94

477 308 585 336 tenore
607 302 747 341 unimus,
771 301 972 334 annectimus
987 327 994 341 ,
1019 301 1208 344 incorpora-

476 366 556 395 mus,
573 355 773 399 applicamus
787 360 816 387 et
834 354 1043 396 assignamus:
1062 354 1104 387 ita
1124 354 1210 398 quod

475 409 568 442 liceat
594 408 709 441 rectori
729 414 759 440 et
777 407 998 449 collegialibus
1015 407 1090 440 dicti
1115 408 1212 441 colle-

474 462 622 503 gumane
639 468 668 494 et
682 471 742 504 pro
757 467 900 504 tempore
915 461 1212 502 existentibtts,cot·-

474 515 629 558 poi-alem,
644 514 762 547 realem
777 519 808 546 et
821 514 978 547 actualem
998 514 1125 548 illorum
1147 525 1230 566 om-¹

474 568 562 600 nium
578 573 605 601 et
622 567 822 610 singulorum
840 568 1073 611 possessionem
1087 579 1145 612 per
1164 578 1208 608 se,
1227 567 1230 587 ²

474 620 520 653 vel
543 620 655 659 alium,
672 630 726 654 seu
748 621 838 661 alios,
862 631 974 654 eorum
995 632 1032 655 ac
1050 622 1125 655 dicti
1147 622 1212 655 col-

476 674 549 716 legii
570 674 758 708 nominibus
788 675 919 719 propria
950 676 1159 715 auctoritate,
1181 652 1230 709 est

477 727 551 760 tiam
570 727 692 771 absque
710 727 824 761 iudicis
838 729 989 762 mandato
1003 729 1050 762 vel
1068 729 1208 770 decreto,
1228 750 1230 754 ›

474 792 510 814 ac
530 781 598 815 sine
623 782 717 826 spolii
743 788 779 816 et.
798 787 1028 816 attentatorum
1055 783 1132 816 vitio
1147 810 1154 824 ‚
1175 794 1229 816 εκ

475 845 560 868 nunc
577 835 834 879 apprehendere,
853 842 881 869 et
897 836 1130 880 apprehensam
1143 847 1213 880 per-
1227 811 1230 890 ἓ

475 893 572 931 petuo
598 888 747 930 retinere,
778 889 899 922 fructus
929 900 1070 933 quoque,
1103 889 1210 923 reddi-

476 948 534 982 tus,
556 947 740 985 proventus,
758 942 840 983 iura,
856 943 1064 977 obventiones
1082 950 1112 977 et
1126 954 1212 977 emo-

476 995 619 1029 lumenta
633 1007 668 1029 ex
683 996 727 1030 eis
747 997 970 1040 provenientia
989 1008 1211 1042 quaecumque

475 1048 651 1092 percipere,
673 1050 821 1092 exigere,
845 1050 970 1085 levare.
995 1061 1208 1094 recuperare,

476 1102 648 1146 locareque
663 1109 691 1136 et
707 1104 891 1143 ariendare,
908 1114 943 1136 ac
959 1104 988 1136 in
1004 1114 1210 1138 communem

476 1156 549 1188 dicti
572 1156 698 1197 collegii
724 1167 816 1189 usum
839 1163 868 1190 et
888 1157 1055 1190 utilitatem
1081 1162 1230 1197 conver-j

476 1214 561 1248 tere3
583 1220 640 1242 nec
659 1220 723 1242 non
739 1210 970 1243 monasterium
985 1211 1083 1244 sancti
1101 1212 1210 1253 Angeli
1228 1241 1230 1244 .

476 1268 506 1295 et
526 1262 693 1295 ecclesiam
715 1263 815 1296 sancti
843 1263 986 1296 Caesarei
1013 1263 1231 1319 praedictam¹

477 1315 507 1348 in
537 1315 760 1359 spiritualibus
787 1323 816 1350 et
846 1317 1078 1361 temporalibus
1102 1321 1231 1360 regere*

477 1376 506 1402 et
527 1370 772 1410 administrare,
800 1370 987 1414 eisdemque
1014 1371 1044 1404 S.
1068 1372 1212 1405 Caesarei

477 1431 504 1456 et
531 1424 628 1467 ipsius
650 1424 836 1457 monasterii
859 1425 1019 1466 ecclesiis,
1039 1435 1097 1469 per
1117 1427 1232 1485 quos-i

476 1488 613 1521 rumque
634 1478 837 1522 presbyteros
857 1479 1053 1518 saeculares,
1081 1479 1147 1518 vel,
1176 1479 1231 1512 de¹

476 1531 682 1575 superiorum
718 1542 850 1564 suorum
889 1531 1016 1565 licentia
1035 1559 1042 1572 ,
1077 1532 1214 1566 cuiusvis

476 1583 603 1617 Ordinis
618 1585 782 1625 regulares
801 1584 944 1625 idoneos,
963 1585 1040 1617 inibi
1057 1585 1141 1619 iuxta
1154 1592 1214 1619 sta·
1230 1593 1232 1621 ζ

479 1643 545 1670 tuta
559 1648 574 1669 a
592 1643 774 1680 protei-tore
788 1648 842 1670 seu
858 1644 981 1671 rectore
996 1637 1073 1671 dicti
1088 1639 1214 1681 collegii

479 1690 724 1734 praescribenda
742 1691 909 1734 ponendos
923 1696 951 1724 et
964 1692 1169 1732 amovendos,
1184 1691 1215 1724 in

478 1744 603 1784 (livinis,
622 1750 717 1788 prout
734 1744 778 1777 eis
799 1744 969 1784 videbitur,
991 1750 1021 1778 et
1039 1755 1150 1778 eorum
1166 1755 1215 1778 ar-

478 1796 576 1830 bitrio
597 1797 655 1841 (sic
670 1802 775 1830 tamen
790 1803 820 1830 ut
837 1797 876 1830 ad
894 1797 1025 1841 aliquod
1044 1808 1135 1837 onus,
1160 1808 1214 1831 scu
1231 1804 1233 1806 ’

478 1850 641 1884 servitium
665 1851 695 1883 in
716 1851 850 1884 ecclesia
864 1851 894 1883 S.
915 1850 1070 1891 Caesarei,
1088 1862 1143 1884 seu
1158 1861 1216 1894 pro

480 1904 531 1936 itta
557 1904 762 1937 subeundum
784 1904 831 1937 vel
853 1904 1094 1948 praestandum,
1118 1915 1213 1948 prae-

481 1964 625 2002 terquam
642 1958 681 1990 ad
695 1957 813 1990 dietam
834 1957 1000 1991 ecclesiam
1022 1957 1051 1989 S.
1073 1957 1215 1991 Caesarei
1232 1974 1234 1996 ᾗ

480 2010 630 2055 illiusque
656 2010 803 2044 aedificia
834 2010 864 2043 in
898 2010 1006 2044 debito
1032 2016 1062 2043 et
1090 2010 1234 2044 decenti·

479 2070 563 2097 statu
581 2064 836 2098 conservandum
854 2074 891 2097 ac
910 2069 995 2097 sarta
1011 2070 1091 2096 tecta
1106 2069 1216 2097 tenen·
1232 2083 1234 2085 ·

481 2118 569 2159 dum,
594 2118 726 2151 minime
749 2123 926 2157 teneantur,
951 2128 1008 2149 ner
1029 2118 1069 2150 ad
1094 2117 1125 2151 id
1146 2117 1234 2160 cogit

481 2176 535 2204 aut
555 2170 705 2214 compelli
731 2171 877 2213 valeant)
907 2170 1059 2203 deserviri
1091 2171 1214 2211 facere,
1232 2157 1235 2201 i

1052 253 1233 277 nnLLMttUM
1254 253 1404 277 ROMANUM

1247 300 1279 333 in
1300 301 1417 334 dictam
1444 299 1611 334 ecclesiam
1632 299 1662 333 S.
1687 300 1829 334 Caesarei
1850 309 1908 344 pro
1929 300 1982 334 de-

1246 354 1467 387 nominatione
1491 364 1547 387 seu
1579 353 1670 386 titulo
1695 353 1743 386 sui
1768 354 1983 388 cardinalatus

1246 418 1305 451 pro
1327 413 1472 451 tempore
1493 407 1649 450 assignari
1666 407 1847 449 contigerit,
1863 418 1920 451 per
1936 418 1981 447 se,

1247 461 1294 494 vel
1309 461 1419 501 alium,
1437 472 1493 494 seu
1511 460 1590 494 alios
1610 460 1642 493 in
1660 460 1817 503 regimine
1834 466 1864 494 et
1883 461 1985 495 admi-

1246 513 1435 547 nistratione
1460 519 1491 547 et
1519 513 1678 556 gubernio
1703 513 1806 547 dietae
1830 513 1984 548 eeclesiae

1246 567 1275 600 S.
1293 567 1448 608 Caesarei,
1466 577 1501 600 ac
1517 566 1600 600 illius
1618 567 1791 608 bonorum,
1808 567 1980 607 fructuum,

1247 620 1442 661 reddituum,
1471 626 1700 664 proventuum,
1727 620 1858 661 iurium,
1885 620 1985 654 actio-

1246 683 1323 706 num
1337 700 1344 714 ‚
1366 683 1486 714 rerum,
1509 673 1792 717 pertinentiarum,
1817 683 1983 707 sacrarum

1247 727 1470 771 reliquiarum,
1487 732 1755 761 ornamentorum
1777 733 1807 761 et
1826 726 1985 771 suppelle-

1246 780 1367 814 ctilium
1379 791 1672 825 quorumcumque,
1684 781 1796 825 quovis
1804 786 1981 825 praetextu,

1246 835 1355 868 colore
1382 835 1429 867 vel
1459 835 1589 877 ingenio
1605 862 1612 876 ,
1640 845 1674 868 se
1697 845 1730 868 se
1756 834 1902 877 ingerere
1928 845 1985 869 seu

1248 887 1480 929 intromittere,
1501 888 1548 922 vel
1573 888 1706 929 altaria,
1729 894 1784 921 aut
1808 888 1984 932 quidquam

1247 941 1332 974 aliud
1345 941 1464 974 ibidem
1475 941 1658 983 immutare,
1671 941 1887 985 autreliquias
1901 941 1986 986 ipsas

1228 1026 1230 1029 .
1247 993 1309 1033 alio
1325 995 1506 1035 transferre,
1519 995 1566 1028 vel
1579 995 1720 1038 aliquam
1732 994 1984 1029 iurisdictionem

1247 1054 1277 1081 et
1297 1047 1575 1092 superioritatem,
1598 1059 1655 1081 seu
1682 1047 1911 1082 iurisdictionis
1929 1058 1984 1082 seu

1228 1120 1230 1123 ν
1246 1100 1491 1144 superioritatis,
1505 1111 1542 1134 ac
1556 1100 1637 1134 tam¹
1652 1100 1683 1133 in
1701 1100 1803 1145 ipsam
1817 1100 1984 1134 ecclesiam

1246 1153 1276 1187 S.
1301 1154 1461 1195 Caesarei,
1486 1154 1633 1198 illiusque
1653 1154 1857 1199 presbyteros
1876 1159 1907 1187 et
1928 1153 1986 1186 mi-

1246 1207 1363 1240 nistros
1380 1217 1439 1251 pro
1462 1213 1605 1251 tempore
1623 1208 1803 1247 existentes,
1824 1217 1982 1247 exercere,

1246 1260 1301 1293 sed
1322 1261 1544 1294 tantummodo
1564 1261 1631 1305 ipse
1650 1261 1804 1294 diaconus
1822 1258 1880 1294 seu
1899 1271 1986 1305 pres—

1247 1313 1338 1357 byter
1362 1314 1533 1347 cardinalis
1553 1314 1583 1347 S.
1602 1313 1746 1347 Caesarei
1764 1324 1823 1358 pro
1842 1319 1986 1358 tempore

1248 1366 1383 1400 existens
1397 1367 1436 1400 ad
1450 1367 1596 1400 eamdem
1612 1367 1779 1400 ecclesiam
1793 1366 1822 1400 S.
1833 1367 1986 1406 Caesarei,

1249 1420 1278 1452 in
1305 1420 1389 1453 illius
1414 1420 1591 1454 festivitatis
1617 1426 1646 1454 et
1670 1420 1832 1461 stationis,
1856 1431 1892 1454 ac
1916 1420 1987 1454 aliis

1247 1472 1506 1517 quibuscumque
1524 1473 1636 1506 (liebus
1653 1474 1818 1514 accedere,
1833 1483 1870 1506 ac
1884 1472 1987 1506 missis

1249 1532 1280 1559 et.
1299 1526 1438 1570 vesperis
1456 1526 1500 1558 ibi
1521 1526 1679 1567 assistere,
1696 1537 1732 1560 ac
1752 1527 1833 1567 illas,
1855 1526 1880 1559 si
1902 1526 1929 1558 ei
1950 1526 1988 1559 li-

1248 1580 1366 1619 buerit,
1386 1580 1550 1613 celebrare
1568 1580 1677 1624 possit.
1695 1580 1865 1613 Praeterea
1876 1590 1988 1614 omnes

1249 1639 1278 1666 et
1291 1643 1511 1677 quascumque
1532 1632 1610 1666 alias
1628 1632 1765 1666 uniones
1784 1633 1822 1666 de
1836 1632 1919 1666 dicta
1941 1643 1989 1666 ec-

1249 1687 1343 1720 clesi-il
1359 1688 1389 1719 S.
1403 1686 1560 1727 Caesarei,
1576 1687 1725 1730 illiusque
1737 1686 1870 1728 iuribus,
1879 1686 1985 1726 rebus,

1249 1741 1352 1781 bonis,
1377 1740 1611 1785 dependentiis,
1628 1740 1759 1774 annexis
1772 1746 1803 1774 et
1822 1740 1988 1784 pertinen-

1251 1794 1300 1828 tiis
1317 1794 1490 1838 praedictis
1504 1794 1696 1838 cuicumque
1714 1794 1802 1827 alteri
1823 1794 1989 1832 ecelesiae,

1250 1848 1296 1881 vel
1318 1848 1479 1891 capitulo,
1502 1855 1555 1880 aut
1583 1857 1711 1881 mensae
1741 1846 1933 1891 capitulari,
1953 1857 1990 1880 ae

1251 1901 1296 1933 vel
1310 1900 1387 1933 alifis
1401 1901 1708 1944 quomodocumque
1723 1907 1753 1934 et
1766 1900 1991 1944 qualitercum-

1251 1964 1312 1997 que
1333 1954 1440 1987 forsan
1460 1954 1574 1993 sartas,
1595 1965 1630 1987 ac
1651 1954 1709 1987 sub
1731 1954 1991 1998 quibuscumque

1251 2007 1401 2040 clausulis
1426 2013 1456 2040 et
1482 2007 1652 2040 verborum
1680 2007 1790 2040 formis
1818 2013 1915 2051 atque
1940 2017 1992 2040 ex-

1251 2061 1469 2105 pressionibus
1481 2060 1816 2105 conceptas,similiter
1825 2065 1992 2105 perpetuo,

1251 2115 1382 2158 paribus
1399 2114 1590 2148 auctoritate
1604 2120 1634 2147 et
1649 2120 1769 2154 tenore,
1792 2124 1990 2153 revocamus,

1252 2179 1435 2208 cassamus,
1459 2168 1688 2209 annullamus,
1716 2172 1748 2200 et
1775 2166 1986 2200 dissolvimus.

1998 251 2049 278 An.
2062 250 2090 278 C.
2110 250 2180 278 1604

481 2235 517 2258 as:
538 2224 748 2268 reliquiarum
771 2224 889 2258 ibidem
908 2234 967 2268 pro
990 2230 1133 2268 tempore
1154 2224 1217 2258 exi·
1234 2245 1235 2249 =
1297 2224 1312 2261 ξ
1333 2222 1363 2255 li.
1387 2222 1520 2265 Insuper
1534 2221 1636 2265 ipsum
1652 2220 1824 2263 collegium
1842 2220 1990 2264 illiusque
2005 2226 2191 2280 niflrqeqligzacgffig

481 2278 632 2311 stentium
648 2288 757 2311 curam
779 2284 806 2311 et
823 2277 1132 2310 administrationem
1147 2287 1218 2321 per·
1233 2254 1236 2288 Ι
1252 2286 1309 2320 pro
1332 2281 1477 2318 tempore
1499 2275 1668 2307 existentes
1690 2279 1849 2307 rectorem
1861 2301 1868 2313 ‚
1890 2273 1987 2307 selio-
2005 2286 2048 2328 {1332
2059 2275 2197 2328 “sqtffiiffiffi

481 2337 579 2376 petuo
600 2329 731 2371 habere,
755 2330 854 2374 ipsius
874 2330 903 2364 S.
926 2330 1070 2364 Caesarei
1092 2329 1218 2364 diaconi
1234 2336 1235 2340 ’
1253 2329 1345 2369 lares,
1369 2329 1568 2372 capellanos,
1589 2337 1800 2367 oeconomos,
1823 2325 1987 2366 officiales,
2005 2334 2074 2355 berat-
2105 2358 2118 2367 ,
2181 2327 2195 2345 ζ’

481 2395 536 2418 seu
558 2383 737 2428 presbyteri
758 2383 947 2423 cardinalis,
973 2394 1009 2415 ac
1035 2361 1236 2416 Ordinatio-i
1254 2382 1416 2415 ministros
1445 2387 1475 2415 et
1502 2391 1676 2425 personas,
1703 2390 1740 2413 ac
1772 2385 1834 2413 tam
1863 2379 1990 2422 collegii

482 2448 553 2470 rum
581 2437 747 2477 locorum,
775 2442 806 2469 et
834 2435 942 2469 vicarii
974 2435 1077 2468 dictae
1101 2435 1216 2477 Urbis,
1234 2449 1236 2464 ι
1253 2445 1348 2479 quam
1372 2433 1558 2468 monasterii
1571 2432 1768 2467 eteoclesiae
1786 2432 1818 2466 S.
1835 2431 1990 2473 Caesarei,

483 2501 607 2524 necnon
625 2490 829 2534 superiorum
844 2488 920 2522 dicti
933 2488 1072 2529 Ordinis,
1094 2494 1124 2521 et
1140 2499 1220 2532 quo·
1253 2487 1457 2531 aliorumque
1477 2486 1539 2520 illis
1556 2495 1754 2520 annexorum
1776 2490 1806 2519 et
1828 2484 1990 2519 membro-

483 2544 603 2578 rumvis
617 2544 755 2577 aliorum
768 2543 896 2577 licentia
910 2553 965 2577 seu
983 2553 1141 2576 consensu
1160 2542 1219 2575 mi-

484 2597 570 2631 nime
598 2597 776 2642 seqUiSffiS}
806 2607 910 2641 neque
938 2596 1089 2641 (ῙΕῙΠΜἹ35
1117 2595 1220 2629 dietus
1292 2613 1300 2639 l
1323 2612 1364 2640 Sic
1379 2611 1442 2648 legit
1462 2611 1527 2639 edit.
1548 2611 1642 2639 illam:
1665 2610 1713 2638 sed
1732 2609 1878 2645 legendum
1901 2609 1992 2645 potius

486 2651 642 2693 sylvester
654 2651 836 2693 cardinalis,
853 2661 909 2684 ner
928 2650 1124 2694 quicumque
1139 2649 1219 2683 alius
1234 2684 1236 2687 ,
1255 2657 1370 2684 videtur:
1389 2660 1413 2683 ο(
1429 2656 1639 2691 ςιιμιι)ἰ”οιί“(ιι(ῐς
1654 2657 1746 2683 actum
1763 2655 1804 2689 (n.
1821 2658 1869 2686 T.).

2181 2411 2203 2443 ‘11

2179 2446 2197 2456 ψ,
