2227 3241
251 269 301 297 Αῃ.
318 268 346 296 C.
369 268 437 297 1606

274 384 393 410 Earumque
402 383 436 404 do-

252 414 293 431 tem
309 411 336 431 ad
353 413 436 430 centum

251 437 316 458 libras
357 442 435 463 augen-

252 463 309 484 dam.

274 1288 381 1314 anuedc
392 1293 440 1308 cau-

255 1320 279 1336 sa
293 1321 376 1336 mensas
397 1320 440 1340 epi-

254 1341 357 1367 scopales,
389 1347 438 1362 non-

254 1368 355 1394 nullaque
397 1368 439 1388 alin

254 1394 441 1416 ecclesiasticabc—

254 1420 329 1442 nencia
380 1423 439 1441 taxa-

255 1448 310 1468 runt,

283 2350 392 2372 Praedicta
402 2357 443 2371 om-

260 2378 445 2404 iiia.peteutal*l·i-

260 2405 316 2430 lippo
333 2405 356 2429 tt,
371 2405 444 2424 contir-

260 2431 324 2450 inatit
368 2431 444 2456 {irruu-

261 2457 305 2477 rins
321 2457 372 2477 Xlll.

452 317 600 362 portunis
624 316 836 360 erigerentur,
861 315 923 350 illis
943 316 1038 349 etiam
1059 316 1098 349 ab
1119 316 1189 350 aliis

452 370 593 404 ecclesiis
603 369 843 413 parochialibus
854 369 1051 410 matricibus,
1066 379 1102 403 ac
1115 380 1190 413 qua-

451 433 521 456 rum
534 428 638 456 essent
650 422 762 455 filiales
773 432 828 456 seu
840 421 1071 465 suffraganeae,
1083 423 1190 456 distin-

451 476 509 509 ctis
529 482 559 508 et
579 475 707 519 penitus
726 475 893 519 separatis,
914 475 1023 520 eisque
1047 481 1189 509 rectores

449 528 724 572 praeficerentur,
752 528 807 572 qui
839 528 962 562 animas
991 539 1056 562 non
1083 529 1186 562 solum

449 581 595 615 doctrina
614 582 714 623 verbi,
737 582 793 615 sed
818 581 914 615 etiam
941 582 1086 626 exemplo
1111 581 1186 614 boni

448 635 564 679 operis,
579 635 753 669 informare
771 635 888 670 vellent
901 641 932 669 et
943 641 1087 680 possent,
1104 646 1139 668 ac
1154 640 1189 668 ut

448 688 527 722 tales
554 688 798 730 invenirentur,
824 689 878 733 qui
907 689 1043 733 pastoris
1073 699 1189 722 munus

448 746 536 775 recte
556 741 694 782 obirent,
715 742 793 775 etin
815 742 957 775 ecclesiis
977 742 1042 776 suis
1062 742 1189 775 assidue

449 794 645 836 residerent,
672 795 818 838 singulae
838 795 948 836 dotes,
972 795 1115 839 alioquin
1137 802 1186 829 te-

449 858 540 889 nues,
558 849 598 882 ad
611 859 770 882 summam
793 855 922 882 centum
943 849 1098 882 librarum
1122 859 1190 882 mo-

449 907 542 935 netae
554 901 585 934 in
599 912 700 945 regno
711 902 874 936 Valentiae
889 912 1018 936 cursum
1032 902 1190 943 habentis,
1208 922 1209 931 η

451 965 510 998 pro
531 955 675 999 qualibet
696 955 830 989 eeclesia
851 955 1047 1000 parochiali,
1071 955 1132 988 iam
1152 955 1190 988 de

452 1008 538 1042 dicto
563 1019 648 1042 anno
667 1019 807 1043 unxxxiv
828 1011 934 1042 erecta
950 1037 957 1050 ,
982 1014 1188 1052 augerentur,

451 1066 487 1094 ut
503 1071 539 1094 ex
556 1063 593 1095 ea
613 1061 688 1096 dote
706 1068 811 1096 rector
828 1062 999 1096 commode
1020 1062 1191 1095 sustentari

452 1120 582 1159 possetj,
615 1115 794 1159 eademque
825 1115 907 1149 ratio
939 1116 971 1148 in
1002 1115 1193 1158 assignanda

454 1169 529 1202 dote
549 1168 691 1202 ecclesiis
708 1179 790 1212 quae
805 1179 822 1201 a
839 1169 905 1202 suis
919 1168 1105 1202 matricibus
1119 1175 1194 1201 tunc

455 1221 777 1261 dismembrarentur,
801 1227 831 1255 et
851 1221 883 1254 in
905 1221 1105 1266 parochiales
1126 1221 1190 1255 eri-

455 1281 617 1318 gerentur,
641 1279 840 1315 servaretur3
862 1285 898 1308 ac
918 1280 953 1308 ut
974 1280 1036 1308 tam
1058 1274 1142 1308 bona
1164 1280 1195 1308 et

455 1327 634 1361 necessaria
659 1326 815 1360 institutio
840 1327 881 1360 ad
901 1327 1048 1361 effectum
1069 1328 1191 1371 perdu-

456 1386 594 1416 ceretur,
618 1391 635 1413 a
663 1390 792 1413 mensae
820 1380 1102 1424 archiepiscopalis
1130 1381 1191 1414 Va-

456 1434 653 1476 lentinensis,
669 1444 752 1478 quae
764 1435 803 1468 ad
816 1435 957 1468 valorem
967 1445 1109 1468 annuum
1121 1445 1196 1478 qua-

456 1487 603 1529 draginta
635 1487 772 1520 millium
809 1488 1000 1521 ducatorum
1034 1488 1080 1521 vel
1111 1488 1195 1521 circa

454 1540 657 1581 ascendebat,
674 1551 711 1574 ac
731 1540 920 1583 dignitatum
943 1546 974 1574 et
994 1541 1194 1585 praepositu-

453 1603 562 1626 rarum
595 1593 737 1627 eiusdem
768 1593 923 1627 ecclcsiae
948 1593 1191 1634 Valentinensis,

454 1657 582 1680 necnon
607 1646 742 1680 aliarum
779 1647 985 1691 antiquarum
1019 1647 1190 1691 parochia-

454 1699 532 1734 lium
554 1700 763 1734 ecclesiarum
785 1707 816 1734 et
837 1700 1068 1734 beneficiorum
1091 1701 1193 1733 cccle-

453 1753 655 1787 siasticorum
675 1753 705 1786 in
731 1754 813 1787 libro
837 1759 924 1787 [axae
942 1754 1193 1797 comprehenso-

454 1817 526 1840 rum
548 1817 841 1851 quorumcumquc,
866 1807 1031 1847 fructibus,
1061 1806 1194 1840 redditi-

455 1859 514 1893 bus
535 1865 566 1894 et
585 1860 805 1903 proventibus,
828 1865 986 1904 perpetuo
1011 1870 1137 1893 summa
1163 1860 1195 1892 in

456 1912 575 1946 eisdem
595 1913 709 1946 litteris
727 1918 876 1946 contenta
893 1913 1191 1954 dismembraretur,

456 1972 487 1999 et
506 1976 562 1999 seu
580 1966 619 1999 ad
639 1966 816 2000 solutiones
833 1976 868 1999 ex
888 1972 962 2000 tunc
984 1966 1192 2010 imposterum

455 2024 612 2063 perpetuo
632 2019 803 2060 faciendas,
825 2025 900 2052 tunc
920 2025 951 2053 et
970 2029 1029 2063 pro
1049 2025 1195 2063 tempore

456 2072 592 2105 existens
612 2071 873 2116 archiepiscopus
892 2072 1135 2113 Valentinensis,
1159 2083 1195 2106 ac

456 2125 534 2158 alias
551 2125 722 2168 dignitates
737 2131 767 2158 et
780 2125 1020 2169 praeposituras
1037 2125 1069 2158 in
1083 2126 1194 2159 eadem

456 2179 591 2213 ecclesia
617 2190 653 2213 ac
673 2179 734 2213 alia
761 2179 917 2213 beneficia
943 2180 974 2212 in
995 2179 1108 2213 litteris
1130 2180 1192 2213 hu-

458 2233 596 2267 iusmodi
611 2243 759 2277 expressa
772 2233 964 2275 obtinentes,
984 2238 1014 2266 ct
1030 2233 1096 2273 alii,
1112 2233 1196 2266 iuxta

458 2292 562 2320 taxam
581 2286 699 2320 ibidem
722 2286 886 2327 insertam,
911 2291 1116 2327 tenerentur,

503 2341 520 2382 ξ
538 2339 569 2373 2.
594 2341 636 2373 Ac
656 2350 716 2384 pro
736 2345 826 2383 parte
856 2339 930 2373 dicti
954 2339 1091 2384 Philippi
1113 2339 1197 2382 regis

460 2393 562 2427 eidem
577 2393 816 2438 praedecessori
829 2392 994 2426 humiliter
1007 2393 1197 2437 supplicato,

460 2452 494 2479 ut
507 2457 604 2490 super
615 2446 659 2480 cis
671 2452 853 2490 opportune
867 2446 1047 2490 pmviderc,
1062 2446 1101 2478 dc
1113 2445 1199 2479 beni-

460 2500 579 2540 gnitate
597 2499 771 2544 apostolica
788 2499 983 2542 dignaretur:
1001 2499 1085 2531 idem
1108 2509 1199 2543 prae-

459 2553 618 2594 decessor,
641 2553 825 2587 huiusmodi
844 2552 1129 2597 supplicationibus
1150 2553 1198 2585 in-

460 2607 606 2647 clinatus,
628 2607 713 2640 iuxta
734 2617 787 2639 cas
807 2616 890 2650 quae
905 2606 1081 2650 prudenter
1094 2617 1130 2639 ac
1145 2606 1199 2649 ‘pie

460 2659 499 2691 ab
517 2659 634 2692 eisdem
648 2660 766 2692 Ioanne
778 2658 958 2702 patriarcha
980 2663 1011 2691 et
1028 2658 1199 2702 archicpis-

1019 268 1201 294 BURLUIALM
1224 267 1379 294 Romnum

2157 91 2182 106 ..

2154 109 2198 161 ἃ»,

2214 235 2216 244 i

2214 246 2216 256 r

2214 262 2215 271 i

2168 219 2171 221 .
2207 174 2209 224 l

1973 267 2024 294 An.
2045 257 2175 307 (1.1ῒοΐέ
2191 247 2209 284 ⁴¹

1223 327 1323 360 copo,
1350 317 1414 350 una
1438 324 1510 349 cum
1537 315 1718 349 Dertusensi
1743 321 1774 349 et
1802 315 1960 350 Oriolensi
2160 311 2162 314 ’
2203 343 2207 356 ,

1223 369 1381 413 episcopis
1400 368 1585 413 praedictis,
1602 368 1741 411 cogitata
1761 375 1790 402 et
1812 369 1960 403 conside·
2168 388 2185 394 ⁴·
2205 362 2215 406 i

1223 428 1291 456 rata
1322 422 1467 463 fuerant,
1496 422 1658 462 decrevit,
1691 422 1823 462 statuit,
1850 422 1958 463 auxit,
2159 423 2163 429 '

1222 475 1473 515 dismembravit‚
1497 475 1572 508 etin
1587 475 1653 519 ipsa
1669 475 1807 508 dioecesi
1825 474 1963 508 Valenti-

1222 531 1281 570 na,
1315 529 1490 573 apostolica
1519 528 1730 570 auctoritate,
1759 528 1879 568 erexit,
1908 527 1960 562 di-

1222 582 1303 622 visit,
1320 592 1356 615 ac
1378 591 1506 615 mensae
1530 581 1796 625 archiepiscopali
1820 579 1962 614 Valenti·
2036 577 2039 579 ’
2160 598 2168 614 0
2195 591 2206 615 ¹?

1222 644 1292 677 nae,
1311 635 1397 668 iuxta
1418 641 1520 668 taxam
1542 634 1574 668 in
1595 634 1658 668 fine
1671 634 1850 668 litterarum
1864 633 1964 678 ipsius
2157 631 2162 637 '

1222 688 1477 731 praedecessoris
1502 687 1708 732 descriptam,
1732 698 1833 721 onera
1852 692 1883 721 et
1908 696 1960 721 so-

1222 741 1362 774 lutiones
1392 752 1515 775 annuas
1545 752 1603 785 per
1633 741 1783 775 eumdem
1810 741 1963 775 loannem
2174 771 2186 789 ἃ,

1222 794 1439 838 patriarcham
1466 799 1496 828 et
1520 794 1819 839 archiepiscopum,
1850 799 1881 828 et
1904 804 1964 838 pro
2137 826 2140 827 ⁷
2160 796 2193 837 ξ.

1226 854 1370 891 tempore
1401 848 1569 882 existentes
1598 848 1751 882 ecclesiae
1778 845 1964 881 Valentinae
2165 847 2168 850 ⁴
2203 844 2205 847 ’

1225 901 1388 944 praesules
1421 906 1451 934 et
1483 901 1768 942 administratores,
1789 911 1826 934 ac
1853 899 1962 934 archi-

1226 954 1413 988 diaconatus
1434 954 1537 988 dictae
1558 955 1711 988 ecclesiae
1726 954 1910 988 Valentinae
1927 964 1965 988 ac

1225 1008 1465 1052 praeposituras
1486 1014 1517 1042 et
1540 1009 1602 1042 alia
1625 1008 1784 1042 beneficia
1808 1008 1840 1041 in
1864 1019 1962 1053 prae-

1227 1062 1310 1094 dicta
1331 1064 1401 1095 taxa
1418 1067 1568 1095 contenta
1581 1073 1640 1106 pro
1656 1068 1800 1106 tempore
1819 1062 1966 1096 obtinen-

1229 1121 1273 1148 tes
1287 1142 1294 1156 ,
1315 1125 1351 1148 ac
1371 1115 1402 1148 in
1429 1115 1547 1148 eisdem
1573 1115 1739 1149 beneficiis
1766 1126 1966 1150 successores

1228 1178 1461 1212 quoscumque,
1486 1174 1516 1201 et
1539 1168 1618 1202 alios
1639 1169 1787 1203 dominos
1807 1175 1967 1213 tempora-

1228 1221 1272 1254 les
1286 1221 1317 1254 in
1338 1221 1449 1254 eadem
1468 1223 1538 1254 taxa
1559 1222 1821 1266 comprehensos,
1837 1232 1967 1256 eorum-

1229 1285 1291 1318 que
1308 1285 1519 1315 successores,
1536 1275 1627 1309 annis
1644 1275 1787 1318 singulis,
1803 1275 1967 1320 perpetuis

1229 1328 1344 1361 suturis
1372 1328 1571 1372 temporibus
1597 1329 1629 1362 in
1660 1329 1739 1362 locis
1768 1334 1798 1362 et
1822 1328 1967 1363 terminis

1229 1381 1409 1414 constitutis
1441 1381 1564 1424 integre
1595 1382 1778 1423 faciendas,
1805 1381 1905 1416 teneri
1936 1387 1968 1415 et

1230 1433 1387 1477 obligatos
1415 1445 1482 1468 esse
1507 1433 1636 1476 voluit¹3
1661 1435 1837 1469 decernens
1861 1440 1966 1468 taxam

1228 1487 1426 1530 praedictam
1441 1488 1530 1522 nullo
1545 1499 1685 1533 unquam
1701 1493 1856 1533 tempore,
1870 1488 1966 1522 etiam

1229 1540 1268 1573 ad
1282 1551 1502 1574 successorum
1518 1541 1756 1585 praedictorum
1770 1541 1967 1579 instantiam,

1229 1593 1339 1637 quavis
1357 1594 1526 1628 occasione
1546 1595 1593 1628 vel
1615 1597 1710 1628 causa
1729 1595 1825 1628 etiam
1840 1594 1967 1637 urgenti
2163 1636 2165 1638 Ι

1229 1652 1259 1680 ct
1274 1647 1500 1690 urgentissima
1525 1648 1696 1688 annullari,
1722 1647 1889 1681 invalidari
1913 1652 1969 1681 aut
2160 1667 2162 1669 -
2195 1653 2201 1686 t

1229 1700 1267 1733 ad
1294 1700 1451 1734 minorem
1478 1711 1637 1734 summam
1663 1701 1773 1735 reduci
1804 1711 1914 1745 posse,
1931 1711 1968 1734 ac
2152 1706 2154 1708 '
2179 1691 2202 1751 ’,Τ

1229 1753 1354 1787 irritum
1371 1759 1401 1787 et
1413 1754 1507 1793 inane.
1523 1754 1681 1798 quidquid
1694 1765 1785 1788 secus
1805 1764 1902 1798 super
1918 1753 1968 1788 his
2077 1750 2086 1759 '
2154 1755 2155 1758 ’
2175 1748 2178 1755 ’

1229 1817 1246 1839 a
1267 1817 1483 1851 quocumque,
1506 1807 1617 1851 quavis
1637 1807 1838 1848 auctoritate,
1865 1807 1968 1840 scien-

1230 1864 1278 1892 ter
1301 1860 1350 1893 vel
1375 1859 1580 1902 ignoranter,
1610 1860 1781 1903 contigerit
1804 1860 1964 1902 attentari,

1230 1923 1301 1946 cum
1323 1913 1466 1946 clausula
1485 1913 1617 1946 sublata
1635 1924 1670 1947 ac
1688 1913 1758 1947 aliis
1783 1913 1917 1948 decretis
1937 1918 1969 1947 et
2147 1956 2153 1961 .

1229 1966 1504 2009 derogationibus,
1530 1972 1628 2010 prout.
1657 1967 1688 2000 in
1714 1966 1813 2011 ipsius
1831 1966 1968 2011 praede·
2163 2007 2165 2010 Ι
2191 1966 2201 1990 ‘⁸

1229 2019 1374 2060 cessoris,
1391 2019 1423 2052 in
1438 2020 1542 2053 forma
1553 2020 1672 2061 Brevis,
1689 2020 1748 2054 sub
1762 2020 1813 2054 die
1823 2031 1876 2054 xvt
1887 2019 1969 2054 iunii
2146 2019 2162 2066 ᾗ
2175 2038 2180 2042 ·
2191 2013 2199 2053 't

1228 2072 1969 2117 mnuxwdesuperexpeditistiueris,inquibus
2153 2075 2155 2078 ⁴

1230 2126 1313 2159 dicta
1329 2131 1396 2159 taxa
1409 2126 1526 2160 inserta
1536 2126 1741 2170 fuit,plenius
1756 2125 1965 2160 continetur².

1275 2182 1291 2222 S
1305 2179 1335 2213 3.
1352 2180 1390 2213 Et
1404 2179 1518 2213 deinde
1533 2180 1637 2213 eidem
1651 2180 1892 2224 praedecessori
1908 2190 1968 2224 pro
2194 2168 2200 2216 i

1230 2238 1320 2277 parte
1338 2233 1436 2277 ipsius
1449 2233 1587 2277 Philippi
1600 2234 1682 2276 regis
1695 2234 1801 2267 denuo
1815 2233 1969 2277 exposito,
1981 2241 2127 2285 tgssggffigge
2137 2236 2168 2278 '‘s''
2181 2248 2199 2273 ,v

1231 2286 1318 2330 quod
1339 2286 1370 2319 in
1388 2286 1552 2330 praedicta
1574 2289 1642 2319 taxa
1660 2286 1691 2319 in
1709 2285 1901 2330 supradictis
1918 2285 1969 2319 lit-
1983 2270 2081 2316 2‘eruut-1
2126 2286 2131 2290 ’
2153 2284 2157 2322 ζ
2175 2277 2214 2340 ᾗς

1232 2338 1307 2372 teris
1327 2338 1443 2372 inserta
1464 2339 1619 2372 nonnulla
1636 2348 1693 2382 por
1710 2348 1853 2372 errorem
1874 2348 1970 2382 expo·
2187 2330 2201 2372 ti

1232 2392 1291 2426 sita
1313 2392 1449 2433 fuerant,
1473 2403 1555 2436 quac
1575 2392 1668 2425 aliter
1696 2391 1811 2435 exponi
1835 2391 1966 2426 debuis-

1232 2451 1320 2486 sent,
1344 2451 1441 2490 prout
1467 2446 1499 2478 in
1519 2446 1601 2479 libro
1623 2456 1640 2478 a
1666 2445 1830 2489 praedicto
1850 2445 1970 2478 Ioanne

1232 2498 1415 2542 patriarcha
1439 2504 1470 2532 et
1493 2498 1735 2542 archiepiscopo
1755 2497 1970 2531 Valentinensi

2153 457 2214 478 νη

2023 2182 2101 2205 Eodem
2116 2177 2157 2205 Ρ
2171 2206 2174 2208 ,
2186 2194 2202 2210 ,-

1982 2209 2040 2236 lippo
2068 2207 2161 2234 nouum,¹¹<
2194 2218 2196 2222 ·

1270 2579 1280 2604 1
1305 2578 1332 2604 ln
1353 2577 1496 2613 praedictis
1515 2576 1613 2612 aliquid
1634 2576 1729 2604 deesse
1746 2577 1846 2603 senties
1864 2577 1903 2611 (n.
1920 2576 1968 2611 T.).
2127 2606 2130 2611 ¹
2184 2571 2198 2603 i

1268 2622 1285 2648 2
1304 2622 1420 2649 Litterae
1442 2621 1595 2649 huiusmodi
1618 2621 1738 2655 Gregorii
1763 2620 1819 2647 Xttt
1848 2628 1900 2648 non
1928 2629 1970 2648 re-

1235 2666 1373 2702 periuntur
1393 2666 1418 2693 in
1435 2666 1565 2694 Bullario
1586 2666 1621 2701 (tt,
1639 2666 1685 2700 r).
1898 2666 1903 2671 '
