2227 3241
258 257 306 282 An.
323 255 354 283 C.
372 256 439 284 1605

257 327 320 348 super
331 322 443 343 institutio-

258 354 284 368 ne
308 349 391 375 collegii
422 350 442 370 iu

266 378 429 401 exequutionem

272 404 435 422 ramesei-tarum

267 430 381 450 tuerat-um.

287 1502 400 1529 Stipulatio
409 1503 438 1524 di-

256 1530 284 1550 cti
299 1529 385 1551 decreti.

269 1980 440 2012 Cardinalissnb-

254 2010 349 2035 scriptio.

272 2089 371 2111 Notarius
380 2097 440 2118 roga-

255 2118 295 2138 tus.

485 246 548 281 ‘2238

457 305 530 347 lius,
543 304 679 338 vicarius
694 309 724 337 et
741 304 834 337 iudex
844 309 879 337 ut
892 314 988 347 supra
1002 303 1194 347 deputatus¹,

458 358 550 391 dictis
570 358 683 391 litteris
709 357 892 402 apostolicis
917 359 964 399 ea,
989 368 1051 401 qua
1076 357 1192 398 decuit,

458 410 635 445 reverentia
648 411 796 455 receptis,
817 410 943 454 illisque
964 411 1048 451 visis,
1072 417 1102 444 et
1120 421 1196 444 con-

458 464 551 497 tentis
572 464 603 496 in
626 464 671 498 eis
696 464 778 498 bene
805 463 921 498 auditis
942 470 972 498 et
1001 464 1191 505 intellectis,

458 517 588 561 visoque
609 522 810 559 testamento,
832 523 988 562 utsupra,
1005 517 1146 551 exhibito
1165 523 1195 550 ct

455 571 626 613 producto,
641 577 671 604 et
684 571 814 604 demum
828 570 902 605 visis
916 570 1060 604 videndis
1074 578 1104 604 et
1117 581 1194 604 con-

455 623 602 657 sideratis
620 624 872 665 considerandis,
889 624 998 658 volens
1015 625 1055 657 ad
1072 627 1195 668 praesa-

457 680 560 708 tarum
593 676 772 710 litterarum
798 677 1047 721 exequutionem
1076 687 1191 721 proce-

456 729 545 770 dere,
569 730 753 773 collegium,
774 731 813 764 de
828 741 892 775 quo
907 730 939 763 in
953 730 1045 764 dictis
1065 731 1192 771 litteris,

456 784 556 818 erexit
576 790 606 818 et
626 785 763 819 instituit
784 797 856 819 cum
877 786 1140 830 appropriatione
1166 791 1196 819 et

455 838 672 882 applicatione
685 839 858 881 bonorum,
875 840 1081 873 facultatibus
1095 845 1126 873 et
1142 840 1196 873 de-

456 892 697 934 clarationibus,
721 903 758 927 ac
778 894 875 927 modo
893 899 925 927 et
949 894 1053 927 forma
1074 904 1091 926 a
1109 893 1195 927 dicto

455 944 559 980 bonae
597 946 774 981 memoriae
809 947 1005 992 Hieronymo
1041 946 1194 980 cardinali

454 999 672 1044 praescriptis,
693 1011 731 1034 ac
751 1011 823 1034 cum
845 1001 1058 1045 exemptione,
1079 1000 1195 1034 libera-

456 1053 554 1095 tione,
576 1053 788 1096 subiectione,
813 1054 949 1096 indulto,
973 1054 1191 1099 deputatione,

455 1107 593 1150 licentia,
614 1107 776 1149 facultate,
801 1108 1034 1152 impertitione,
1063 1118 1194 1141 conces-

454 1160 555 1202 sione,
578 1167 762 1205 praecepto,
787 1162 1017 1201 reservatione,
1051 1161 1194 1203 assigna-

455 1207 542 1247 tione
568 1219 599 1247 et
626 1215 775 1255 decreto,
803 1225 840 1248 ac
860 1215 922 1248 alia
939 1214 970 1247 in
994 1214 1145 1248 omnibus
1165 1220 1192 1247 et

454 1277 513 1310 per
533 1268 642 1301 omnia
674 1267 762 1301 iuxta
794 1269 982 1302 earumdem
1015 1267 1194 1301 litterarum

454 1321 705 1366 apostolicarum
737 1322 899 1363 sormam,
930 1325 1001 1362 ele„
1036 1327 1067 1355 et
1099 1327 1191 1355 teno-

454 1379 602 1416 rem‚etc.
624 1385 689 1408 non
706 1374 810 1408 solum
828 1374 1006 1419 praemisso
1023 1374 1079 1409 sed
1098 1374 1193 1408 etiam

455 1429 542 1461 omni
568 1429 632 1462 alio
662 1428 787 1462 meliori
814 1428 922 1469 modo,
947 1433 1002 1462 etc.

499 1483 612 1516 Actum
634 1483 754 1516 Romae
775 1483 804 1515 in
836 1482 954 1527 palatio
982 1482 1094 1516 solitae
1116 1482 1193 1516 resi-

455 1535 583 1570 dentiae
604 1536 681 1570 dieti
713 1536 919 1570 illustrissimi
941 1542 972 1569 et
992 1536 1193 1570 reverendis-

453 1589 526 1623 simi
552 1590 674 1624 domini
695 1590 869 1624 cardinalis
888 1590 1016 1631 vicarii,
1040 1600 1192 1634 praesen-

454 1643 539 1677 tibus
559 1644 679 1678 ibidem
698 1644 837 1678 dominis
852 1644 1021 1678 Francisco
1036 1643 1194 1677 Romaulo

453 1697 571 1732 clerico
603 1709 738 1731 romano
773 1704 803 1732 et
831 1698 928 1731 Mutio
964 1697 1130 1731 Passarino
1155 1697 1194 1730 de

453 1750 567 1784 Nursia
580 1751 696 1784 clerico
719 1751 909 1795 Spoletanae
933 1750 1098 1791 dioecesis,
1127 1750 1191 1784 Cu-

454 1803 520 1837 riae
541 1804 747 1845 connotariis,
782 1804 914 1838 testibus
942 1804 981 1837 ad
1018 1803 1194 1847 praemissa

454 1857 563 1890 omnia
588 1864 617 1891 et
641 1858 767 1900 singula
787 1858 903 1891 habitis
919 1886 926 1899 ,
957 1857 1075 1891 vocatis
1100 1857 1195 1901 prin—

455 1911 612 1955 cipaliter,
633 1917 729 1955 atque
753 1911 882 1954 rogatis.

544 1965 757 2010 Hieronymus
785 1964 956 1999 cardinalis
997 1963 1194 2008 Pamphilius

456 2018 486 2051 S.
508 2019 541 2052 D.
564 2019 600 2052 N.
624 2019 728 2062 Papae
749 2018 896 2052 vicarius.

545 2072 677 2105 Faustus
706 2072 744 2105 de
770 2070 928 2105 Barberiis
958 2070 1060 2104 dictae
1088 2069 1194 2104 curiae

456 2126 602 2159 notarius
623 2131 763 2169 rogatus.

770 2286 837 2319 XIX
855 2285 875 2318 ⁴².

455 2383 627 2428 Deputatio
647 2383 767 2416 vicarii
786 2383 898 2426 Papae
917 2383 953 2415 in
966 2382 1105 2416 iudicem
1118 2393 1193 2416 ectu-

499 2447 612 2470 sarum
647 2436 727 2469 dicte?
756 2435 885 2480 colleqii
913 2436 1083 2469 Matthaei.

489 2534 501 2560 1
526 2533 592 2560 Hinc
610 2533 746 2561 videretur
769 2532 842 2569 quod
870 2532 1008 2560 decretum
1037 2533 1108 2560 istud
1126 2536 1194 2569 ,post

454 2579 546 2606 Const.
555 2587 611 2614 seq.
621 2579 709 2614 aptius
718 2578 808 2606 forsan
815 2578 910 2606 suisset
919 2578 1106 2606 collocandum
1115 2580 1190 2612 (nm).

490 2623 506 2649 2
520 2622 548 2649 ln
559 2623 624 2650 edit.
641 2623 720 2650 Main.
738 2631 796 2659 seq.
813 2623 903 2650 Const.
920 2623 1073 2658 apponitur,
1091 2623 1193 2658 absque

457 2675 578 2702 numere,
596 2672 624 2694 ut
639 2667 773 2703 appendix
788 2675 878 2703 praec.
894 2669 932 2702 (tt.
949 2668 997 2702 tu).

1023 254 1199 280 BULLARIUM
1225 254 1376 281 ROMANUM

1467 302 1577 329 Paulus
1598 301 1678 335 Papa
1697 301 1728 333 V,

1369 357 1404 383 ad
1427 355 1558 382 futuram
1579 354 1622 382 rei
1642 353 1822 381 memoriam.

1273 464 1417 507 Superna
1431 462 1612 506 dispotione
1626 462 1721 502 itlius,
1738 461 1828 495 cuius
1841 461 1964 495 inseru-

1231 517 1318 550 tabili
1357 516 1558 560 providentia
1593 515 1829 549 ordinationem
1866 515 1965 548 susci-

1229 571 1320 615 piunt
1345 570 1511 611 universa,
1540 569 1571 602 in
1593 569 1745 602 eminenti
1772 568 1966 613 apostolicae

1230 623 1392 667 dignitatis
1416 623 1563 667 specula,
1588 622 1710 656 meritis
1735 622 1809 656 licet
1834 621 1966 666 impari-

1229 677 1299 718 bus,
1324 677 1498 719 constituti,
1515 678 1554 711 ad
1575 687 1623 718 ea,
1643 688 1702 721 per
1722 687 1804 721 quae
1821 675 1968 720 personis

1230 730 1435 774 quibuslibet,
1459 730 1648 775 praesertim
1679 730 1740 764 illis
1771 730 1826 775 qui
1854 729 1965 763 adole-

1230 789 1354 818 scentes
1374 785 1405 817 in
1430 784 1609 818 litterarum
1635 783 1760 824 studiis,
1784 783 1878 817 bonis
1898 793 1968 816 mo-

1231 837 1318 871 ribus
1344 848 1380 870 ac
1411 836 1587 882 disciplinis
1619 836 1800 878 instruunt,
1828 835 1969 880 ipsisque

1230 891 1488 926 adolescentibus
1518 902 1554 924 ac
1584 891 1736 925 studiosis
1761 889 1892 931 iustitia,
1910 890 1969 923 mi-

1229 946 1301 980 nori
1327 956 1400 979 cum
1426 956 1538 979 eorum
1564 945 1744 989 dispendio,
1764 943 1967 979 administre-

1230 1005 1300 1041 tur,
1329 999 1467 1033 libenter
1491 1000 1711 1040 attendentes‚
1740 999 1794 1033 illa
1819 999 1863 1033 eis
1886 1009 1966 1043 pro-

1230 1058 1340 1096 pterca
1359 1053 1496 1096 benigne
1517 1053 1735 1093 concedimus,
1755 1063 1837 1096 quae
1855 1063 1967 1086 eorum

1229 1105 1441 1149 indemnitati,
1458 1107 1525 1140 sore
1542 1106 1757 1150 conspicimus
1770 1112 1964 1150 opportuna.

1273 1160 1288 1203 ἓ
1310 1160 1361 1193 Μ.
1378 1159 1464 1193 Alias
1484 1160 1645 1204 siquidem
1673 1170 1731 1193 nos
1758 1159 1968 1204 supplicatio-

1229 1213 1323 1247 nibus
1344 1213 1535 1247 dilectorum
1556 1214 1697 1247 filiorum
1717 1213 1839 1258 Cyriaci
1857 1219 1887 1247 et
1906 1213 1968 1247 Ha-

1229 1266 1388 1300 sdrubalis
1407 1267 1446 1300 de
1466 1267 1631 1300 Matthaeis
1649 1266 1896 1300 domicellorum
1916 1276 1968 1300 ro-

1230 1331 1399 1354 manorum
1413 1320 1676 1354 etmarchionum
1686 1320 1767 1354 Iovis
1779 1326 1809 1354 et
1821 1320 1969 1354 Rocchae

1228 1374 1412 1408 Sinibaldae
1439 1380 1617 1408 castrorum
1645 1384 1705 1418 pro
1735 1383 1846 1408 eorum
1877 1379 1969 1417 parte

1228 1428 1322 1462 nobis
1330 1428 1487 1472 porrectis
1496 1428 1638 1462 inclinati
1649 1430 1721 1472 (pro
1732 1428 1970 1472 complemento

1228 1482 1361 1516 ultimae
1380 1481 1553 1515 voluntatis
1573 1481 1678 1515 bonae
1697 1481 1874 1515 memoriae
1894 1481 1969 1515 Hie-

1228 1535 1366 1579 ronymi,
1384 1535 1460 1569 dum
1478 1535 1563 1576 vixit,
1582 1535 1664 1569 tituli
1691 1535 1792 1568 saneti
1812 1534 1970 1568 Pancratii

1228 1588 1257 1622 S.
1284 1590 1320 1622 R.
1346 1589 1379 1622 E.
1411 1588 1590 1633 presbyteri
1616 1588 1789 1622 cardinalis
1821 1587 1970 1621 Matthaei

1229 1642 1414 1687 nuncupati,
1430 1642 1591 1675 dictorum
1605 1641 1726 1686 Cyriaci
1745 1647 1775 1675 et
1789 1641 1971 1675 Hasdruba-

1229 1695 1266 1729 lis
1288 1695 1392 1729 sratris
1413 1694 1570 1738 germani,
1585 1695 1639 1739 qui
1661 1695 1692 1727 in
1713 1694 1827 1728 ultimo
1847 1705 1905 1728 suo
1926 1688 1971 1728 te-

1229 1755 1389 1783 stamento
1404 1749 1533 1782 eosdem
1550 1748 1715 1793 Cyriacum
1735 1754 1765 1782 et
1784 1748 1969 1782 Hasdruba-

1229 1803 1291 1836 lem
1312 1803 1467 1836 haeredes
1486 1802 1545 1835 sibi
1564 1801 1759 1835 universales
1773 1801 1966 1843 instituerat,

1229 1862 1259 1890 et
1279 1848 1455 1897 interalia,
1473 1857 1511 1890 de
1525 1855 1642 1899 quibus
1661 1861 1734 1888 tunc
1755 1854 1967 1899 disposuerat,

1230 1909 1262 1942 in
1286 1910 1371 1943 alma
1390 1909 1476 1943 Urbe
1500 1911 1620 1950 nostra,
1649 1915 1680 1942 et
1700 1909 1797 1942 domo
1817 1919 1874 1942 seu
1898 1908 1970 1942 loeo

1229 1964 1321 1997 dictis
1341 1964 1471 2008 Cyriaco
1489 1970 1519 1997 et
1536 1963 1725 1997 Hasdrubali
1746 1962 1895 1997 benevisa
1914 1973 1970 1997 seu

1230 2017 1400 2057 beneviso,
1436 2028 1535 2051 unum
1569 2017 1741 2060 collegium
1773 2016 1969 2050 scholarium

1229 2070 1330 2104 sancti
1354 2070 1541 2115 Hieronymi
1558 2070 1823 2114 nuncupandum,
1839 2069 1918 2112 erigi
1940 2075 1970 2104 et

1230 2124 1274 2157 illi
1301 2124 1396 2158 etiam
1423 2130 1497 2157 tunc
1523 2134 1669 2168 expressa
1694 2124 1779 2157 bona
1804 2123 1835 2156 in
1861 2124 1969 2157 dotem

1223 2178 1383 2222 'applicari
1405 2177 1623 2219 mandaverat)
1638 2178 1669 2210 in
1691 2178 1830 2221 quadam
1851 2187 1910 2221 per
1922 2177 1970 2211 di-

1229 2235 1315 2264 ctum
1350 2231 1513 2275 Cyriacum
1540 2236 1568 2264 et
1595 2230 1826 2264 Hasdrubalem
1863 2233 1969 2275 empta

1229 2285 1277 2318 vel
1298 2284 1360 2318 alia
1379 2294 1434 2318 seu
1460 2284 1530 2318 aliis
1556 2283 1704 2318 domibus
1725 2284 1764 2317 ad
1789 2284 1875 2318 hunc
1895 2283 1970 2317 ess'e-

1229 2343 1315 2371 ctum
1337 2338 1473 2371 emenda
1493 2338 1540 2371 vel
1563 2338 1716 2379 emendis,
1745 2348 1844 2371 unum
1870 2338 1967 2371 colle-

1228 2391 1316 2434 gium
1346 2391 1448 2425 sancti
1471 2391 1679 2436 Hieronymi,
1707 2397 1741 2424 ut
1769 2392 1968 2435 praefertur,

1227 2445 1493 2489 nuncupandum,
1516 2455 1576 2489 pro
1600 2445 1764 2488 perpetuis
1784 2455 1842 2478 usu
1863 2450 1894 2478 et
1913 2444 1970 2478 ha-

1227 2498 1382 2532 bitatione
1402 2497 1497 2531 unius
1516 2498 1660 2539 rectoris,
1684 2504 1714 2532 et
1738 2497 1967 2531 nonnullorum

1227 2551 1437 2593 scholarium,
1461 2553 1519 2585 sub
1540 2552 1703 2596 perpetuis
1724 2562 1853 2596 quoque
1878 2553 1966 2592 cura,

1228 2605 1386 2648 regimine
1399 2611 1429 2639 et
1442 2605 1721 2639 administratione
1739 2606 1898 2640 dictorum
1912 2605 1968 2650 Cy-

1227 2659 1306 2693 riaci
1333 2665 1364 2693 et
1388 2659 1596 2693 Hasdrubalis
1622 2665 1652 2693 et
1676 2659 1968 2703 primogenitorum

1979 251 2028 278 An.
2045 250 2076 278 G.
2095 250 2159 287 1605
2194 226 2200 280 i

2006 469 2126 492 Exordium.

2002 1171 2155 1198 Enuneiau'oin

1983 1199 2165 1223 stitutiontscottw

1983 1225 2012 1252 gii
2026 1225 2144 1248 Matthaetl.
2192 1238 2196 1263 3
