2227 3241
281 280 333 308 An.
347 281 375 310 c.
399 281 468 309 1604
513 272 579 305 142

297 661 381 681 Poenas·
391 663 464 681 cutura

278 688 430 709 inobedientes.

297 1899 417 1919 Clausulam.

479 341 553 373 ceps
574 329 805 369 faciendarum,
827 330 963 370 litterae,
980 329 1019 362 ab
1035 330 1110 374 ipsis
1128 331 1220 365 Ordi-

479 383 584 422 nibus,
607 383 829 425 religionibus,
855 383 1019 424 institutis,
1043 394 1098 417 seu
1119 384 1221 418 archi-

479 436 817 477 confrateruitatibus,
853 441 885 469 et
915 437 1221 480 congregationilms

478 489 576 531 gratis
589 489 722 522 omnino
743 500 779 522 ac
799 489 886 535 nulla
904 500 1037 533 prorsus
1058 491 1217 532 mercede,

479 541 574 574 etiam
589 552 606 574 a
620 548 734 585 sponte
749 542 900 576 dantibus
918 543 1060 588 accepta,
1077 544 1219 589 expediri

479 599 509 627 et
527 595 660 628 concedi
682 595 831 629 debeant.
902 589 907 593 ’

526 649 542 690 ξ
564 647 615 681 12.
641 648 731 687 Quod
749 649 775 682 si
790 649 927 683 ministri
945 650 1056 695 aliqui,
1073 651 1219 695 superio-

479 712 551 742 res,
580 702 628 735 vel
660 702 824 744 officiales,
853 714 1059 748 quocumque
1088 705 1220 739 nomine

478 756 668 800 nuncupati,
697 756 865 798 Ordinum‚
890 758 1102 801 religionum,
1131 759 1218 793 insti-

478 814 634 850 tutorum,
650 821 706 844 seu
723 811 1126 855 archiconfraternitatum,
1143 824 1219 847 con-

477 863 705 905 gregationum
734 870 765 898 et
784 866 1083 900 confraternitatum
1106 867 1218 900 huius-

477 917 576 957 modi,
600 917 712 961 quavis
726 919 936 959 auctoritate,
959 920 1007 953 vel
1029 920 1216 964 privilegio,

476 978 507 1003 et
526 970 635 1005 officio
657 971 831 1014 fungantur
845 978 873 1006 et
887 973 1124 1016 praefulgeant,
1141 985 1217 1008 con-

476 1029 524 1057 tra
544 1025 720 1068 praemissa
742 1025 772 1058 in
790 1026 900 1069 aliquo
921 1026 1029 1060 venire
1046 1027 1093 1060 vel
1111 1027 1217 1061 facere

474 1078 760 1121 praesumpserint,
781 1080 971 1120 erectiones,
1000 1080 1217 1114 institutiones

475 1136 504 1163 et
516 1131 828 1165 communicationes
839 1132 1095 1176 privilegiorum,
1113 1134 1217 1167 indul-

473 1184 673 1225 gentiarum,
701 1186 911 1227 facultatum,
934 1187 1216 1232 spiritualiumque

473 1237 649 1279 gratiarum
688 1244 718 1272 et
749 1239 949 1273 indultorum
973 1268 979 1281 ,
1011 1241 1216 1286 aliorumque

473 1291 726 1334 praemissorum
745 1294 980 1334 concessiones,
1001 1305 1059 1327 nec
1078 1305 1142 1328 non
1161 1306 1215 1338 ag-

473 1344 676 1386 gregationes
700 1356 758 1389 per
779 1346 864 1390 ipsos
884 1347 1067 1389 faciendae,
1091 1358 1147 1381 seu
1167 1359 1216 1382 re-

472 1399 650 1440 novandae,
665 1400 784 1433 nullius
797 1400 859 1434 sint
873 1401 999 1435 roboris
1010 1403 1216 1443 etmomenti,

472 1456 504 1484 et
524 1452 659 1495 quilibet
679 1454 870 1487 eorumdem
897 1454 1133 1495 ministronun,
1156 1466 1212 1489 su·-

471 1505 649 1548 periorum,
669 1506 869 1549 officialium,
888 1513 918 1541 et
936 1508 1072 1542 aliorum
1088 1509 1215 1553 praedi-

473 1564 612 1600 ctorum,
632 1560 821 1603 privationis
839 1561 1031 1602 officiorum,
1055 1573 1137 1606 quae
1154 1563 1212 1596 ob-

476 1611 565 1653 tinet,
587 1623 623 1646 ac
644 1612 854 1647 inhabilitatis
866 1615 905 1647 ad
919 1615 972 1647 illa
987 1621 1015 1648 et
1029 1615 1091 1648 alia
1109 1616 1213 1660 impo-

471 1670 594 1698 sterum
612 1666 798 1708 obtinenda,
822 1678 972 1712 poenam,
990 1680 1071 1713 quae
1093 1669 1131 1702 ab
1149 1670 1212 1704 alio

471 1729 567 1762 quam
593 1729 611 1752 a
635 1720 738 1761 nobis,
767 1721 814 1754 vel
840 1732 857 1754 a
881 1722 1027 1755 Romano
1056 1723 1212 1757 l’ontifice

472 1781 529 1815 pro
552 1777 696 1817 [empore
714 1773 868 1808 existente
883 1775 1002 1808 remitti
1017 1786 1080 1808 non
1098 1776 1208 1820 possit,

472 1825 640 1859 incurrant
661 1837 698 1860 eo
720 1827 800 1871 ipso.

515 1879 531 1920 ξ
554 1878 605 1911 13.
638 1880 852 1915 Deeernentes
876 1888 1064 1925 praesentes
1089 1883 1212 1917 litteras

470 1938 626 1975 perpetuo
652 1933 772 1967 validas
797 1939 828 1968 et
853 1935 1000 1970 efficaces
1026 1937 1160 1971 existere
1181 1943 1212 1971 et

470 1986 556 2027 fore,
573 1997 610 2019 ac
627 1987 666 2019 ab
685 1988 835 2022 omnibus
853 1995 884 2022 et
903 1989 1047 2032 singulis,
1071 1991 1110 2024 ad
1131 2001 1211 2035 quos

468 2044 609 2082 spectat,
631 2040 858 2075 inviolabiliter
885 2042 1048 2076 observari
1073 2044 1208 2086 debere,

468 2092 580 2136 sicque
598 2099 726 2127 nostrae
754 2095 868 2128 mentis
890 2101 920 2129 et
938 2096 1127 2131 intentionis
1148 2098 1212 2131 exi-

469 2151 563 2187 stere,
585 2152 616 2179 et
630 2147 671 2180 ita
685 2154 716 2181 et
729 2158 793 2181 non
812 2149 904 2182 aliter
916 2161 975 2193 per
989 2161 1211 2196 quoscumque

469 2198 591 2233 iudices
622 2201 804 2235 ordinarios
833 2208 863 2236 et
894 2203 1079 2246 delegatos,
1114 2205 1210 2238 etiam

468 2263 638 2287 causarum
659 2254 771 2288 Palatii
786 2256 960 2299 Apostolici
982 2258 1158 2299 auditores,
1175 2269 1211 2291 ae

468 2306 604 2341 Sanctae
633 2308 799 2342 Romanae
826 2309 986 2343 Ecclesiae
1016 2311 1208 2353 cardinales,

467 2360 564 2393 etiam
599 2361 638 2394 de
666 2362 765 2395 latere
798 2363 920 2405 legatos
948 2363 1087 2406 (sublata
1112 2365 1156 2398 eis
1181 2372 1212 2399 et

468 2424 581 2461 eorum
603 2415 736 2449 cuilibet
755 2416 866 2460 quavis
884 2417 978 2450 aliter
998 2417 1162 2451 iudicandi
1182 2424 1212 2452 et

468 2467 703 2512 interpretandi
722 2470 872 2504 facultate
893 2476 923 2504 et
940 2470 1143 2514 auctoritate)
1163 2471 1211 2505 iu-

467 2521 569 2555 dicari
587 2528 619 2556 et
643 2522 772 2556 definiri
801 2524 939 2564 debere;
970 2535 1007 2557 ac
1033 2524 1158 2558 irritum
1179 2530 1210 2558 et

468 2574 563 2608 inane
591 2575 746 2620 quicquid
778 2587 874 2621 super
905 2577 954 2610 his
979 2587 996 2610 a
1022 2588 1206 2622 quoquam,

468 2628 578 2671 quavis
603 2629 803 2670 auctoritate,
827 2630 964 2664 scienter
985 2631 1032 2664 vel
1059 2631 1210 2674 ignoran-

470 2686 528 2723 ter,
552 2683 721 2726 contigerit
739 2684 900 2717 attentari.

1063 283 1246 308 BULLARIUM
1266 285 1419 310 ROMANUM

1299 334 1315 375 ξ
1333 332 1385 366 14.
1406 334 1476 367 Νοη
1505 334 1707 368 obstantibus
1731 335 1896 378 quibusvis
1916 345 1994 370 con-

1254 385 1474 419 stitutionibus
1486 392 1517 420 et
1529 387 1788 421 ordinationibus
1798 388 1992 433 apostolicis,

1255 449 1291 471 ac
1325 449 1607 484 quorumcumque
1642 440 1797 474 Ordinum
1814 458 1834 482 ,·
1859 441 1992 484 religio-

1254 501 1351 532 num,
1376 498 1406 525 et
1428 492 1666 535 institutorum,
1687 504 1744 527 seu
1771 494 1992 528 archiconfra-

1256 544 1453 587 ternitatum,
1472 547 1759 590 congregationum
1775 553 1806 581 et
1820 548 1997 582 confrater-

1254 598 1390 631 nitatum
1411 599 1646 643 saecularium,
1672 600 1769 634 etiam
1793 601 1993 643 iuramento,

1256 652 1504 686 confirmatione
1529 653 1723 697 apostolica,
1745 654 1793 688 vel
1811 654 1922 698 quavis
1942 654 1996 688 fir-

1255 705 1365 739 mitate
1386 706 1447 739 alisi
1468 707 1642 748 roboratis,
1663 707 1790 741 statutis
1808 713 1839 741 et
1858 718 1994 743 consue-

1255 758 1431 800 tudinibus,
1455 760 1631 804 privilegiis
1651 772 1793 806 quoque,
1815 761 1948 796 indultis
1964 768 1995 797 et

1253 811 1367 846 litteris
1388 813 1582 857 apostolicis,
1604 814 1697 848 etiam
1718 825 1806 849 mare
1826 825 1992 859 magnum,

1253 876 1288 898 ac
1313 865 1402 899 bulla
1430 877 1529 900 aurea
1555 868 1770 912 nuncupatis,
1793 869 1994 911 regularibus

1252 918 1426 952 Ordinibus
1441 946 1448 960 ,
1482 919 1694 963 religionibus
1709 948 1716 961 ,
1740 921 1892 955 institutis
1907 949 1914 963 ,
1937 932 1993 956 seu

1254 973 1669 1008 archieonfraternitatibus
1688 1002 1695 1016 ,
1731 976 1992 1019 congregationi-

1251 1026 1310 1059 bus
1325 1054 1332 1067 ,
1356 1032 1387 1060 et
1417 1028 1735 1061 confraternitatibus
1755 1029 1968 1063 saecularium
1982 1057 1989 1071 ,

1251 1089 1429 1123 eorumque
1449 1080 1681 1124 superioribuS,
1698 1087 1728 1115 et
1745 1081 1815 1115 aliis
1828 1082 1993 1126 quibusvis

1250 1133 1416 1175 personis,
1443 1133 1676 1178 cuiuscumque
1706 1140 1828 1176 status,
1852 1136 1989 1178 gradus,

1250 1186 1385 1227 ordinis,
1399 1187 1603 1229 conditionis,
1619 1188 1784 1231 dignitatis
1797 1195 1825 1222 et
1837 1190 1994 1233 praeemi-

1250 1240 1378 1273 nentiae
1400 1240 1626 1282 existentibus,
1649 1241 1708 1274 sub
1730 1241 1990 1287 quibuscumque

1251 1293 1421 1327 verborum
1441 1293 1553 1327 formis
1573 1299 1603 1327 et
1624 1294 1808 1336 tenoribus,
1831 1306 1869 1329 ac
1891 1296 1989 1330 dero-

1250 1347 1447 1387 gatoriarum
1470 1347 1700 1390 derogatoriis,
1722 1348 1858 1393 aliisque
1885 1348 1993 1383 effica-

1250 1400 1391 1434 cioribus
1411 1406 1441 1434 et
1462 1400 1597 1435 insolitis
1618 1401 1780 1443 clausulis,
1801 1413 1928 1436 necnon
1949 1403 1991 1436 ir—

1250 1454 1433 1495 ritantibus,
1452 1460 1482 1488 ct
1499 1455 1571 1488 aliis
1589 1455 1739 1496 decretis,
1756 1456 1787 1488 in
1809 1466 1927 1498 genere
1942 1457 1992 1490 vel

1249 1507 1280 1540 in
1298 1507 1417 1551 specie,
1437 1508 1533 1541 etiam
1553 1514 1642 1542 motu
1662 1509 1809 1553 proprio,
1833 1515 1863 1543 et
1884 1509 1990 1543 consi-

1248 1561 1432 1602 storialiter,
1449 1567 1479 1595 et
1493 1561 1571 1595 alias
1585 1562 1840 1606 quomodolibet,
1860 1563 1894 1596 in
1913 1573 1991 1597 eon-

1249 1614 1382 1647 trarium
1395 1615 1660 1658 praemissorum,
1674 1615 1768 1649 etiam
1783 1616 1905 1660 pluries
1919 1626 1992 1650 con-

1248 1668 1365 1709 cessis,
1394 1669 1580 1712 approbatis
1612 1674 1642 1702 et
1673 1669 1841 1703 innovatis.
1869 1669 1991 1710 Quibus

1247 1721 1399 1755 omnibus
1417 1727 1447 1755 et
1464 1722 1610 1765 singulis,
1632 1722 1756 1757 etiamsi
1777 1734 1837 1768 pro
1857 1723 1988 1757 illorum

1246 1775 1427 1809 sufficiente
1448 1775 1669 1818 derogatione,
1683 1776 1722 1810 de
1737 1776 1798 1810 illis
1812 1786 1992 1821 eorumque

1249 1829 1323 1862 totis
1344 1829 1521 1870 tenoribus,
1546 1829 1712 1874 specialis,
1739 1829 1905 1874 specifica,
1932 1841 1988 1865 ex-

1246 1892 1356 1926 pressa
1375 1888 1403 1916 et
1423 1882 1603 1923 individua,
1625 1893 1691 1916 non
1711 1888 1818 1917 autem
1833 1894 1891 1928 per
1904 1884 1991 1918 clau-

1246 1936 1331 1970 sulas
1351 1937 1517 1979 generales
1531 1936 1615 1970 idem
1630 1937 1852 1981 imponantes,
1869 1937 1990 1971 mentio

1245 2000 1302 2023 seu
1323 1989 1454 2033 quaevis
1474 1989 1536 2022 alia
1561 1990 1723 2034 expressio
1744 1990 1894 2024 habenda
1907 2017 1915 2031 ‚
1935 1996 1992 2024 aut

1247 2043 1354 2086 aliqua
1379 2043 1441 2076 alia
1466 2043 1621 2087 exquisita
1646 2044 1749 2077 forma
1773 2044 1814 2077 ad
1838 2044 1900 2077 hoc
1917 2054 1986 2078 ser-

1246 2097 1349 2130 vanda
1375 2097 1476 2137 foret,
1506 2096 1632 2130 illorum
1668 2103 1814 2139 tenores,
1842 2108 1879 2131 ac
1902 2097 1928 2131 si
1949 2097 1989 2131 ad

1245 2150 1379 2184 verbum
1411 2149 1671 2194 exprimerentur
1695 2156 1725 2184 et
1749 2151 1986 2190 insererentur,

1245 2203 1469 2248 praesentibus
1497 2214 1556 2248 pro
1581 2204 1676 2248 plene
1700 2204 1899 2238 sufficienter
1929 2214 1985 2237 ex-

1244 2257 1362 2302 pressis
1383 2263 1414 2291 et
1433 2257 1561 2291 insertis
1581 2257 1750 2298 habentes,
1771 2257 1835 2290 illis
1855 2257 1932 2291 alias
1954 2257 1986 2290 in

1245 2322 1304 2345 suo
1322 2311 1440 2345 robore
1460 2310 1700 2355 permansuris,
1723 2311 1784 2344 bac
1804 2310 1871 2344 vice
1893 2310 1986 2344 dum-

1245 2370 1329 2398 taxat
1349 2365 1464 2398 harum
1482 2364 1564 2398 serie
1584 2364 1768 2408 specialiter
1788 2368 1819 2397 et
1839 2373 1987 2408 expresse

1245 2419 1460 2461 derogamus,
1484 2418 1683 2462 caeterisque
1711 2416 1883 2451 contrariis
1913 2416 1986 2462 qui-

1244 2472 1457 2516 buscumque.

1289 2525 1376 2568 515.
1400 2525 1438 2559 [Τῑ
1459 2531 1564 2558 autem
1593 2531 1778 2569 praesentes
1799 2524 1924 2558 litterae
1945 2524 1985 2557 ad

1244 2579 1402 2620 omnium,
1422 2589 1503 2623 quos
1528 2584 1737 2619 concernunt,
1760 2578 1908 2612 notitiam
1933 2577 1981 2611 fa-

1243 2632 1336 2665 cilius
1356 2631 1536 2672 deveniant,
1559 2631 1708 2665 volumus
1726 2631 1798 2664 illas
1815 2630 1855 2664 ad
1878 2630 1984 2664 valvas

1243 2685 1449 2719 basilicarum
1479 2685 1579 2719 saneti
1608 2685 1735 2718 loannis
1762 2683 1983 2718 Lateranensis

2204 0 2227 107 mctffl

2011 287 2061 316 An.
2075 288 2104 316 c.
2125 289 2192 319 160⁶
2224 332 2227 333 7

2078 349 2191 380 Dei-ugano

2010 378 2171 399 contrariorum.

2018 2528 2142 2550 Praesentia
2151 2526 2181 2549 tit·

2000 2557 2058 2576 terne
2074 2555 2180 2582 publicim-
2204 2555 2209 2578 ζ

2000 2580 2180 2603 daesrisotitinto-
2207 2583 2211 2586 ”

1999 2609 2031 2630 cis
2046 2608 2132 2632 nomae.
