<?xml version="1.0" encoding="UTF-8"?>
<!DOCTYPE html PUBLIC "-//W3C//DTD XHTML 1.0 Transitional//EN"
    "http://www.w3.org/TR/xhtml1/DTD/xhtml1-transitional.dtd">
<html xmlns="http://www.w3.org/1999/xhtml" xml:lang="en" lang="en">
 <head>
  <title>
</title>
<meta http-equiv="Content-Type" content="text/html;charset=utf-8" />
  <meta name='ocr-system' content='tesseract 3.04.00' />
  <meta name='ocr-capabilities' content='ocr_page ocr_carea ocr_par ocr_line ocrx_word'/>
</head>
<body>
  <div class='ocr_page' id='page_1' title='image "./bullarumdiplomat11cath_0014.png"; bbox 0 0 2227 3241; ppageno 0'>
   <div class='ocr_carea' id='block_1_1' title="bbox 415 288 2067 2725">
    <p class='ocr_par' dir='ltr' id='par_1_1' title="bbox 422 288 2006 744">
     <span class='ocr_line' id='line_1_1' title="bbox 1114 288 1302 311; baseline 0 0"><span class='ocrx_word' id='word_1_1' title='bbox 1114 298 1154 302; x_wconf 90' lang='lat'><strong>—</strong></span> <span class='ocrx_word' id='word_1_2' title='bbox 1181 288 1234 311; x_wconf 66' lang='lat' dir='ltr'>xil!</span> <span class='ocrx_word' id='word_1_3' title='bbox 1262 297 1302 302; x_wconf 83' lang='lat'><strong>—</strong></span> 
     </span>
     <span class='ocr_line' id='line_1_2' title="bbox 422 338 2003 405; baseline -0.009 -9"><span class='ocrx_word' id='word_1_4' title='bbox 422 355 508 405; x_wconf 78' lang='lat' dir='ltr'>ipso</span> <span class='ocrx_word' id='word_1_5' title='bbox 540 359 646 394; x_wconf 70' lang='lat' dir='ltr'>textu</span> <span class='ocrx_word' id='word_1_6' title='bbox 679 348 943 391; x_wconf 82' lang='lat' dir='ltr'>mutavimus,</span> <span class='ocrx_word' id='word_1_7' title='bbox 986 343 1201 384; x_wconf 84' lang='lat' dir='ltr'>lectionem</span> <span class='ocrx_word' id='word_1_8' title='bbox 1241 339 1569 382; x_wconf 78' lang='lat' dir='ltr'>Mainardianam</span> <span class='ocrx_word' id='word_1_9' title='bbox 1599 338 1775 380; x_wconf 88' lang='lat' dir='ltr'>vicissim</span> <span class='ocrx_word' id='word_1_10' title='bbox 1806 339 1857 380; x_wconf 87' lang='lat' dir='ltr'>ad</span> <span class='ocrx_word' id='word_1_11' title='bbox 1888 352 2003 381; x_wconf 84' lang='lat' dir='ltr'>oram</span> 
     </span>
     <span class='ocr_line' id='line_1_3' title="bbox 424 409 2003 475; baseline -0.008 -13"><span class='ocrx_word' id='word_1_12' title='bbox 424 423 593 475; x_wconf 75' lang='lat' dir='ltr'>paginae</span> <span class='ocrx_word' id='word_1_13' title='bbox 622 421 661 462; x_wconf 90' lang='lat' dir='ltr'>in</span> <span class='ocrx_word' id='word_1_14' title='bbox 692 417 843 460; x_wconf 90' lang='lat' dir='ltr'>notulis</span> <span class='ocrx_word' id='word_1_15' title='bbox 884 427 1046 456; x_wconf 88' lang='lat' dir='ltr'>summa</span> <span class='ocrx_word' id='word_1_16' title='bbox 1082 411 1371 462; x_wconf 87' lang='lat' dir='ltr'>exscripsimus</span> <span class='ocrx_word' id='word_1_17' title='bbox 1412 409 1513 454; x_wconf 84' lang='lat' dir='ltr'>fide,</span> <span class='ocrx_word' id='word_1_18' title='bbox 1546 416 1589 450; x_wconf 86' lang='lat' dir='ltr'>ut</span> <span class='ocrx_word' id='word_1_19' title='bbox 1619 409 1668 450; x_wconf 90' lang='lat' dir='ltr'>de</span> <span class='ocrx_word' id='word_1_20' title='bbox 1697 409 1883 460; x_wconf 80' lang='lat' dir='ltr'>apicibus</span> <span class='ocrx_word' id='word_1_21' title='bbox 1922 409 2003 451; x_wconf 90' lang='lat' dir='ltr'>Ro-</span> 
     </span>
     <span class='ocr_line' id='line_1_4' title="bbox 424 478 2006 535; baseline -0.008 0"><span class='ocrx_word' id='word_1_22' title='bbox 424 506 568 535; x_wconf 83' lang='lat' dir='ltr'>manae</span> <span class='ocrx_word' id='word_1_23' title='bbox 597 488 783 533; x_wconf 78' lang='lat' dir='ltr'>editionis</span> <span class='ocrx_word' id='word_1_24' title='bbox 822 485 876 527; x_wconf 91' lang='lat' dir='ltr'>nil</span> <span class='ocrx_word' id='word_1_25' title='bbox 913 483 1131 530; x_wconf 75' lang='lat' dir='ltr'>decideret,</span> <span class='ocrx_word' id='word_1_26' title='bbox 1164 487 1202 523; x_wconf 91' lang='lat' dir='ltr'>et</span> <span class='ocrx_word' id='word_1_27' title='bbox 1236 480 1363 522; x_wconf 88' lang='lat' dir='ltr'>lector</span> <span class='ocrx_word' id='word_1_28' title='bbox 1403 480 1489 531; x_wconf 88' lang='lat' dir='ltr'>ipse</span> <span class='ocrx_word' id='word_1_29' title='bbox 1524 479 1627 521; x_wconf 89' lang='lat' dir='ltr'>inter</span> <span class='ocrx_word' id='word_1_30' title='bbox 1668 478 1771 521; x_wconf 87' lang='lat' dir='ltr'>duas</span> <span class='ocrx_word' id='word_1_31' title='bbox 1812 479 2006 522; x_wconf 88' lang='lat' dir='ltr'>lectiones</span> 
     </span>
     <span class='ocr_line' id='line_1_5' title="bbox 423 549 2002 607; baseline -0.008 -4"><span class='ocrx_word' id='word_1_32' title='bbox 423 563 542 605; x_wconf 81' lang='lat' dir='ltr'>veluti</span> <span class='ocrx_word' id='word_1_33' title='bbox 575 559 834 604; x_wconf 85' lang='lat' dir='ltr'>constitutus,</span> <span class='ocrx_word' id='word_1_34' title='bbox 869 567 1073 607; x_wconf 78' lang='lat' dir='ltr'>quaenam</span> <span class='ocrx_word' id='word_1_35' title='bbox 1102 551 1267 594; x_wconf 82' lang='lat' dir='ltr'>illarum</span> <span class='ocrx_word' id='word_1_36' title='bbox 1296 551 1493 592; x_wconf 76' lang='lat' dir='ltr'>arrideret</span> <span class='ocrx_word' id='word_1_37' title='bbox 1522 550 1672 601; x_wconf 87' lang='lat' dir='ltr'>magis,</span> <span class='ocrx_word' id='word_1_38' title='bbox 1702 549 1854 592; x_wconf 85' lang='lat' dir='ltr'>arbiter</span> <span class='ocrx_word' id='word_1_39' title='bbox 1889 549 2002 591; x_wconf 92' lang='lat' dir='ltr'>foret.</span> 
     </span>
     <span class='ocr_line' id='line_1_6' title="bbox 423 619 2004 681; baseline -0.008 -7"><span class='ocrx_word' id='word_1_40' title='bbox 423 633 582 681; x_wconf 81' lang='lat' dir='ltr'>Quibus</span> <span class='ocrx_word' id='word_1_41' title='bbox 612 630 734 671; x_wconf 86' lang='lat' dir='ltr'>rebus</span> <span class='ocrx_word' id='word_1_42' title='bbox 764 628 819 669; x_wconf 91' lang='lat' dir='ltr'>sic</span> <span class='ocrx_word' id='word_1_43' title='bbox 850 624 1065 672; x_wconf 87' lang='lat' dir='ltr'>stantibus,</span> <span class='ocrx_word' id='word_1_44' title='bbox 1084 623 1164 664; x_wconf 90' lang='lat' dir='ltr'>iam</span> <span class='ocrx_word' id='word_1_45' title='bbox 1195 635 1300 673; x_wconf 90' lang='lat' dir='ltr'>opus</span> <span class='ocrx_word' id='word_1_46' title='bbox 1329 628 1415 663; x_wconf 83' lang='lat' dir='ltr'>erat</span> <span class='ocrx_word' id='word_1_47' title='bbox 1445 628 1663 672; x_wconf 85' lang='lat' dir='ltr'>utramque</span> <span class='ocrx_word' id='word_1_48' title='bbox 1684 620 1724 661; x_wconf 89' lang='lat' dir='ltr'>in</span> <span class='ocrx_word' id='word_1_49' title='bbox 1746 619 1923 662; x_wconf 87' lang='lat' dir='ltr'>indicem</span> <span class='ocrx_word' id='word_1_50' title='bbox 1945 632 2004 662; x_wconf 82' lang='lat' dir='ltr'>re-</span> 
     </span>
     <span class='ocr_line' id='line_1_7' title="bbox 423 692 1870 744; baseline -0.009 0"><span class='ocrx_word' id='word_1_51' title='bbox 423 706 524 744; x_wconf 70' lang='lat' dir='ltr'>l&#39;crre</span> <span class='ocrx_word' id='word_1_52' title='bbox 553 708 590 742; x_wconf 88' lang='lat' dir='ltr'>et</span> <span class='ocrx_word' id='word_1_53' title='bbox 620 699 787 740; x_wconf 81' lang='lat' dir='ltr'>alteram</span> <span class='ocrx_word' id='word_1_54' title='bbox 819 696 933 738; x_wconf 85' lang='lat' dir='ltr'>alteri</span> <span class='ocrx_word' id='word_1_55' title='bbox 962 700 1108 736; x_wconf 88' lang='lat' dir='ltr'>mutuo</span> <span class='ocrx_word' id='word_1_56' title='bbox 1138 706 1158 734; x_wconf 90' lang='lat' dir='ltr'>e</span> <span class='ocrx_word' id='word_1_57' title='bbox 1188 692 1354 744; x_wconf 83' lang='lat' dir='ltr'>regione</span> <span class='ocrx_word' id='word_1_58' title='bbox 1383 692 1423 733; x_wconf 93' lang='lat' dir='ltr'>in</span> <span class='ocrx_word' id='word_1_59' title='bbox 1453 697 1675 743; x_wconf 88' lang='lat' dir='ltr'>conspectu</span> <span class='ocrx_word' id='word_1_60' title='bbox 1707 704 1870 742; x_wconf 90' lang='lat' dir='ltr'>ponere.</span> 
     </span>
    </p>

    <p class='ocr_par' dir='ltr' id='par_1_2' title="bbox 423 761 2009 1244">
     <span class='ocr_line' id='line_1_8' title="bbox 478 761 2005 816; baseline -0.007 -4"><span class='ocrx_word' id='word_1_61' title='bbox 478 772 578 814; x_wconf 84' lang='lat' dir='ltr'>Dein</span> <span class='ocrx_word' id='word_1_62' title='bbox 608 770 646 811; x_wconf 82' lang='lat' dir='ltr'>id</span> <span class='ocrx_word' id='word_1_63' title='bbox 678 769 797 811; x_wconf 88' lang='lat' dir='ltr'>etiam</span> <span class='ocrx_word' id='word_1_64' title='bbox 828 767 959 808; x_wconf 87' lang='lat' dir='ltr'>facere</span> <span class='ocrx_word' id='word_1_65' title='bbox 988 777 1135 816; x_wconf 79' lang='lat' dir='ltr'>operae</span> <span class='ocrx_word' id='word_1_66' title='bbox 1164 762 1346 814; x_wconf 80' lang='lat' dir='ltr'>precium</span> <span class='ocrx_word' id='word_1_67' title='bbox 1378 762 1463 803; x_wconf 82' lang='lat' dir='ltr'>sore</span> <span class='ocrx_word' id='word_1_68' title='bbox 1486 761 1735 806; x_wconf 87' lang='lat' dir='ltr'>censuimus,</span> <span class='ocrx_word' id='word_1_69' title='bbox 1756 768 1801 803; x_wconf 88' lang='lat' dir='ltr'>ut</span> <span class='ocrx_word' id='word_1_70' title='bbox 1820 767 2005 803; x_wconf 88' lang='lat' dir='ltr'>nostram</span> 
     </span>
     <span class='ocr_line' id='line_1_9' title="bbox 423 831 2006 891; baseline -0.006 -7"><span class='ocrx_word' id='word_1_71' title='bbox 423 843 564 884; x_wconf 83' lang='lat' dir='ltr'>saltem</span> <span class='ocrx_word' id='word_1_72' title='bbox 600 841 641 882; x_wconf 94' lang='lat' dir='ltr'>in</span> <span class='ocrx_word' id='word_1_73' title='bbox 683 835 988 891; x_wconf 83' lang='lat' dir='ltr'>perquirendis,</span> <span class='ocrx_word' id='word_1_74' title='bbox 1019 833 1324 886; x_wconf 87' lang='lat' dir='ltr'>pensandisque</span> <span class='ocrx_word' id='word_1_75' title='bbox 1364 831 1591 874; x_wconf 87' lang='lat' dir='ltr'>Pontificiis</span> <span class='ocrx_word' id='word_1_76' title='bbox 1633 831 2006 875; x_wconf 87' lang='lat' dir='ltr'>Constitutionibus</span> 
     </span>
     <span class='ocr_line' id='line_1_10' title="bbox 423 902 2005 965; baseline -0.005 -13"><span class='ocrx_word' id='word_1_77' title='bbox 423 926 547 965; x_wconf 82' lang='lat' dir='ltr'>quam</span> <span class='ocrx_word' id='word_1_78' title='bbox 588 909 810 952; x_wconf 82' lang='lat' dir='ltr'>maximam</span> <span class='ocrx_word' id='word_1_79' title='bbox 853 905 1125 958; x_wconf 79' lang='lat' dir='ltr'>diligentiam,</span> <span class='ocrx_word' id='word_1_80' title='bbox 1169 903 1438 955; x_wconf 82' lang='lat' dir='ltr'>studiumque</span> <span class='ocrx_word' id='word_1_81' title='bbox 1479 902 1694 945; x_wconf 82' lang='lat' dir='ltr'>assiduum</span> <span class='ocrx_word' id='word_1_82' title='bbox 1732 908 2005 945; x_wconf 84' lang='lat' dir='ltr'>testaremur:</span> 
     </span>
     <span class='ocr_line' id='line_1_11' title="bbox 423 972 2007 1034; baseline -0.006 -9"><span class='ocrx_word' id='word_1_83' title='bbox 423 982 626 1034; x_wconf 68' lang='lat' dir='ltr'>diliqentia</span> <span class='ocrx_word' id='word_1_84' title='bbox 662 980 769 1022; x_wconf 83' lang='lat' dir='ltr'>enini</span> <span class='ocrx_word' id='word_1_85' title='bbox 812 990 995 1019; x_wconf 90' lang='lat' dir='ltr'>amorem</span> <span class='ocrx_word' id='word_1_86' title='bbox 1026 973 1247 1027; x_wconf 87' lang='lat' dir='ltr'>significat,</span> <span class='ocrx_word' id='word_1_87' title='bbox 1277 980 1315 1016; x_wconf 89' lang='lat' dir='ltr'>et</span> <span class='ocrx_word' id='word_1_88' title='bbox 1352 974 1535 1016; x_wconf 88' lang='lat' dir='ltr'>studium</span> <span class='ocrx_word' id='word_1_89' title='bbox 1566 973 1678 1025; x_wconf 89' lang='lat' dir='ltr'>quod</span> <span class='ocrx_word' id='word_1_90' title='bbox 1708 972 1830 1015; x_wconf 83' lang='lat' dir='ltr'>alicui</span> <span class='ocrx_word' id='word_1_91' title='bbox 1860 973 1916 1015; x_wconf 92' lang='lat' dir='ltr'>rei</span> <span class='ocrx_word' id='word_1_92' title='bbox 1944 972 2007 1016; x_wconf 89' lang='lat' dir='ltr'>vel</span> 
     </span>
     <span class='ocr_line' id='line_1_12' title="bbox 426 1043 2006 1106; baseline -0.007 -11"><span class='ocrx_word' id='word_1_93' title='bbox 426 1064 623 1104; x_wconf 78' lang='lat' dir='ltr'>personae</span> <span class='ocrx_word' id='word_1_94' title='bbox 653 1048 904 1102; x_wconf 85' lang='lat' dir='ltr'>impenditur</span> <span class='ocrx_word' id='word_1_95' title='bbox 932 1046 1102 1089; x_wconf 89' lang='lat' dir='ltr'>interius</span> <span class='ocrx_word' id='word_1_96' title='bbox 1138 1044 1264 1086; x_wconf 86' lang='lat' dir='ltr'>animi</span> <span class='ocrx_word' id='word_1_97' title='bbox 1301 1044 1545 1106; x_wconf 59' lang='lat' dir='ltr'>obsequium</span> <span class='ocrx_word' id='word_1_98' title='bbox 1578 1043 1843 1086; x_wconf 85' lang='lat' dir='ltr'>demonstrat.</span> <span class='ocrx_word' id='word_1_99' title='bbox 1866 1043 2006 1096; x_wconf 38' lang='lat' dir='ltr'>‚Porro</span> 
     </span>
     <span class='ocr_line' id='line_1_13' title="bbox 423 1114 2009 1171; baseline -0.006 -6"><span class='ocrx_word' id='word_1_100' title='bbox 423 1136 563 1165; x_wconf 86' lang='lat' dir='ltr'>amore</span> <span class='ocrx_word' id='word_1_101' title='bbox 593 1128 630 1163; x_wconf 89' lang='lat' dir='ltr'>et</span> <span class='ocrx_word' id='word_1_102' title='bbox 659 1119 856 1171; x_wconf 89' lang='lat' dir='ltr'>obsequio</span> <span class='ocrx_word' id='word_1_103' title='bbox 889 1117 1065 1159; x_wconf 79' lang='lat' dir='ltr'>maximo</span> <span class='ocrx_word' id='word_1_104' title='bbox 1095 1115 1365 1158; x_wconf 87' lang='lat' dir='ltr'>Summorum</span> <span class='ocrx_word' id='word_1_105' title='bbox 1396 1115 1647 1157; x_wconf 82' lang='lat' dir='ltr'>Pontificum</span> <span class='ocrx_word' id='word_1_106' title='bbox 1669 1121 1757 1156; x_wconf 84' lang='lat' dir='ltr'>acta</span> <span class='ocrx_word' id='word_1_107' title='bbox 1779 1121 1817 1156; x_wconf 87' lang='lat' dir='ltr'>et</span> <span class='ocrx_word' id='word_1_108' title='bbox 1846 1114 2009 1156; x_wconf 79' lang='lat' dir='ltr'>decreta</span> 
     </span>
     <span class='ocr_line' id='line_1_14' title="bbox 424 1185 1576 1244; baseline -0.008 -8"><span class='ocrx_word' id='word_1_109' title='bbox 424 1208 499 1235; x_wconf 86' lang='lat' dir='ltr'>nos</span> <span class='ocrx_word' id='word_1_110' title='bbox 529 1191 720 1244; x_wconf 84' lang='lat' dir='ltr'>prosequi</span> <span class='ocrx_word' id='word_1_111' title='bbox 755 1189 961 1232; x_wconf 84' lang='lat' dir='ltr'>neminem</span> <span class='ocrx_word' id='word_1_112' title='bbox 1005 1186 1129 1228; x_wconf 89' lang='lat' dir='ltr'>latere</span> <span class='ocrx_word' id='word_1_113' title='bbox 1164 1186 1243 1227; x_wconf 88' lang='lat' dir='ltr'>hoc</span> <span class='ocrx_word' id='word_1_114' title='bbox 1271 1192 1358 1227; x_wconf 90' lang='lat' dir='ltr'>erat</span> <span class='ocrx_word' id='word_1_115' title='bbox 1393 1186 1432 1226; x_wconf 90' lang='lat' dir='ltr'>in</span> <span class='ocrx_word' id='word_1_116' title='bbox 1462 1185 1576 1227; x_wconf 82' lang='lat' dir='ltr'>votis.</span> 
     </span>
    </p>

    <p class='ocr_par' dir='ltr' id='par_1_3' title="bbox 424 1255 2008 1458">
     <span class='ocr_line' id='line_1_15' title="bbox 477 1255 2008 1314; baseline -0.005 -9"><span class='ocrx_word' id='word_1_117' title='bbox 477 1264 651 1314; x_wconf 87' lang='lat' dir='ltr'>Insuper</span> <span class='ocrx_word' id='word_1_118' title='bbox 691 1261 788 1312; x_wconf 90' lang='lat' dir='ltr'>ipsis</span> <span class='ocrx_word' id='word_1_119' title='bbox 819 1272 985 1311; x_wconf 84' lang='lat' dir='ltr'>quoque</span> <span class='ocrx_word' id='word_1_120' title='bbox 1021 1256 1242 1299; x_wconf 84' lang='lat' dir='ltr'>lectoribus</span> <span class='ocrx_word' id='word_1_121' title='bbox 1272 1270 1394 1308; x_wconf 85' lang='lat' dir='ltr'>quani</span> <span class='ocrx_word' id='word_1_122' title='bbox 1430 1269 1576 1307; x_wconf 83' lang='lat' dir='ltr'>magna</span> <span class='ocrx_word' id='word_1_123' title='bbox 1620 1255 1812 1297; x_wconf 80' lang='lat' dir='ltr'>fidelitate</span> <span class='ocrx_word' id='word_1_124' title='bbox 1855 1269 2008 1297; x_wconf 89' lang='lat' dir='ltr'>munus</span> 
     </span>
     <span class='ocr_line' id='line_1_16' title="bbox 424 1324 2008 1384; baseline -0.006 -8"><span class='ocrx_word' id='word_1_125' title='bbox 424 1341 610 1376; x_wconf 85' lang='lat' dir='ltr'>nostrum</span> <span class='ocrx_word' id='word_1_126' title='bbox 650 1345 745 1384; x_wconf 87' lang='lat' dir='ltr'>erga</span> <span class='ocrx_word' id='word_1_127' title='bbox 789 1332 898 1383; x_wconf 87' lang='lat' dir='ltr'>ipsos</span> <span class='ocrx_word' id='word_1_128' title='bbox 936 1327 1162 1380; x_wconf 79' lang='lat' dir='ltr'>adimplere</span> <span class='ocrx_word' id='word_1_129' title='bbox 1202 1341 1397 1369; x_wconf 79' lang='lat' dir='ltr'>curamus</span> <span class='ocrx_word' id='word_1_130' title='bbox 1440 1326 1621 1378; x_wconf 80' lang='lat' dir='ltr'>apertius</span> <span class='ocrx_word' id='word_1_131' title='bbox 1664 1324 1893 1377; x_wconf 83' lang='lat' dir='ltr'>siguificare</span> <span class='ocrx_word' id='word_1_132' title='bbox 1936 1324 2008 1367; x_wconf 87' lang='lat' dir='ltr'>ali-</span> 
     </span>
     <span class='ocr_line' id='line_1_17' title="bbox 427 1402 855 1458; baseline -0.014 -10"><span class='ocrx_word' id='word_1_133' title='bbox 427 1404 593 1458; x_wconf 86' lang='lat' dir='ltr'>quando</span> <span class='ocrx_word' id='word_1_134' title='bbox 623 1402 855 1446; x_wconf 88' lang='lat' dir='ltr'>debuimus.</span> 
     </span>
    </p>

    <p class='ocr_par' dir='ltr' id='par_1_4' title="bbox 415 1465 2011 1808">
     <span class='ocr_line' id='line_1_18' title="bbox 477 1465 2009 1523; baseline -0.007 -6"><span class='ocrx_word' id='word_1_135' title='bbox 477 1476 655 1518; x_wconf 89' lang='lat' dir='ltr'>Demum</span> <span class='ocrx_word' id='word_1_136' title='bbox 685 1480 722 1516; x_wconf 90' lang='lat' dir='ltr'>et</span> <span class='ocrx_word' id='word_1_137' title='bbox 751 1472 917 1515; x_wconf 89' lang='lat' dir='ltr'>illorum</span> <span class='ocrx_word' id='word_1_138' title='bbox 947 1484 1114 1523; x_wconf 88' lang='lat' dir='ltr'>quoque</span> <span class='ocrx_word' id='word_1_139' title='bbox 1143 1469 1422 1512; x_wconf 82' lang='lat' dir='ltr'>commoditati</span> <span class='ocrx_word' id='word_1_140' title='bbox 1453 1468 1684 1520; x_wconf 83' lang='lat' dir='ltr'>prospicere</span> <span class='ocrx_word' id='word_1_141' title='bbox 1703 1466 1911 1508; x_wconf 83' lang='lat' dir='ltr'>voluimus</span> <span class='ocrx_word' id='word_1_142' title='bbox 1939 1465 2009 1507; x_wconf 87' lang='lat' dir='ltr'>ali-</span> 
     </span>
     <span class='ocr_line' id='line_1_19' title="bbox 427 1539 2009 1600; baseline -0.007 -11"><span class='ocrx_word' id='word_1_143' title='bbox 427 1553 639 1600; x_wconf 86' lang='lat' dir='ltr'>quantum,</span> <span class='ocrx_word' id='word_1_144' title='bbox 663 1545 732 1597; x_wconf 85' lang='lat' dir='ltr'>qui</span> <span class='ocrx_word' id='word_1_145' title='bbox 754 1544 974 1587; x_wconf 87' lang='lat' dir='ltr'>editionem</span> <span class='ocrx_word' id='word_1_146' title='bbox 995 1541 1324 1584; x_wconf 84' lang='lat' dir='ltr'>Mainardianam</span> <span class='ocrx_word' id='word_1_147' title='bbox 1345 1553 1438 1582; x_wconf 89' lang='lat' dir='ltr'>acre</span> <span class='ocrx_word' id='word_1_148' title='bbox 1456 1539 1585 1581; x_wconf 84' lang='lat' dir='ltr'>inulto</span> <span class='ocrx_word' id='word_1_149' title='bbox 1617 1544 1898 1590; x_wconf 86' lang='lat' dir='ltr'>comparatam·</span> <span class='ocrx_word' id='word_1_150' title='bbox 1919 1549 2009 1588; x_wconf 92' lang='lat' dir='ltr'>pos-</span> 
     </span>
     <span class='ocr_line' id='line_1_20' title="bbox 415 1607 2009 1676; baseline -0.007 -17"><span class='ocrx_word' id='word_1_151' title='bbox 415 1618 577 1676; x_wconf 60' lang='lat' dir='ltr'>,sident3</span> <span class='ocrx_word' id='word_1_152' title='bbox 599 1630 695 1658; x_wconf 79' lang='lat' dir='ltr'>nam</span> <span class='ocrx_word' id='word_1_153' title='bbox 717 1616 841 1657; x_wconf 89' lang='lat' dir='ltr'>huius</span> <span class='ocrx_word' id='word_1_154' title='bbox 862 1619 1097 1655; x_wconf 87' lang='lat' dir='ltr'>nostrarum</span> <span class='ocrx_word' id='word_1_155' title='bbox 1119 1611 1455 1653; x_wconf 81' lang='lat' dir='ltr'>emendationum</span> <span class='ocrx_word' id='word_1_156' title='bbox 1472 1616 1542 1652; x_wconf 90' lang='lat' dir='ltr'>aut</span> <span class='ocrx_word' id='word_1_157' title='bbox 1562 1610 1766 1651; x_wconf 83' lang='lat' dir='ltr'>variarum</span> <span class='ocrx_word' id='word_1_158' title='bbox 1787 1607 2009 1650; x_wconf 85' lang='lat' dir='ltr'>lectionum</span> 
     </span>
     <span class='ocr_line' id='line_1_21' title="bbox 426 1678 2011 1739; baseline -0.007 -9"><span class='ocrx_word' id='word_1_159' title='bbox 426 1688 577 1730; x_wconf 86' lang='lat' dir='ltr'>Indicis</span> <span class='ocrx_word' id='word_1_160' title='bbox 617 1701 712 1739; x_wconf 88' lang='lat' dir='ltr'>ope,</span> <span class='ocrx_word' id='word_1_161' title='bbox 751 1685 940 1738; x_wconf 89' lang='lat' dir='ltr'>pluribus</span> <span class='ocrx_word' id='word_1_162' title='bbox 981 1684 1151 1725; x_wconf 87' lang='lat' dir='ltr'>sortasse</span> <span class='ocrx_word' id='word_1_163' title='bbox 1189 1688 1381 1734; x_wconf 86' lang='lat' dir='ltr'>poterunt</span> <span class='ocrx_word' id='word_1_164' title='bbox 1421 1681 1581 1723; x_wconf 87' lang='lat' dir='ltr'>mendis</span> <span class='ocrx_word' id='word_1_165' title='bbox 1622 1679 1829 1731; x_wconf 85' lang='lat' dir='ltr'>exemplar</span> <span class='ocrx_word' id='word_1_166' title='bbox 1868 1678 2011 1730; x_wconf 68' lang='lat' dir='ltr'>Magym&#39;</span> 
     </span>
     <span class='ocr_line' id='line_1_22' title="bbox 423 1753 1571 1808; baseline -0.007 -7"><span class='ocrx_word' id='word_1_167' title='bbox 423 1759 602 1801; x_wconf 65' lang='lat' dir='ltr'>Bzillariz&#39;</span> <span class='ocrx_word' id='word_1_168' title='bbox 629 1757 805 1800; x_wconf 73' lang='lat' dir='ltr'>Romani</span> <span class='ocrx_word' id='word_1_169' title='bbox 833 1755 945 1808; x_wconf 84' lang='lat' dir='ltr'>quod</span> <span class='ocrx_word' id='word_1_170' title='bbox 974 1755 1014 1797; x_wconf 91' lang='lat' dir='ltr'>in</span> <span class='ocrx_word' id='word_1_171' title='bbox 1045 1768 1123 1796; x_wconf 87' lang='lat' dir='ltr'>usu</span> <span class='ocrx_word' id='word_1_172' title='bbox 1153 1753 1306 1796; x_wconf 82' lang='lat' dir='ltr'>habent</span> <span class='ocrx_word' id='word_1_173' title='bbox 1334 1765 1571 1804; x_wconf 84' lang='lat' dir='ltr'>expurgare.</span> 
     </span>
    </p>

    <p class='ocr_par' dir='ltr' id='par_1_5' title="bbox 428 1818 2067 2373">
     <span class='ocr_line' id='line_1_23' title="bbox 478 1818 2067 1878; baseline -0.007 -8"><span class='ocrx_word' id='word_1_174' title='bbox 478 1830 531 1871; x_wconf 93' lang='lat' dir='ltr'>At</span> <span class='ocrx_word' id='word_1_175' title='bbox 560 1842 654 1871; x_wconf 91' lang='lat' dir='ltr'>vero</span> <span class='ocrx_word' id='word_1_176' title='bbox 690 1841 765 1870; x_wconf 91' lang='lat' dir='ltr'>nos</span> <span class='ocrx_word' id='word_1_177' title='bbox 800 1827 910 1878; x_wconf 88' lang='lat' dir='ltr'>ipsos</span> <span class='ocrx_word' id='word_1_178' title='bbox 945 1825 1127 1877; x_wconf 86' lang='lat' dir='ltr'>potuisse</span> <span class='ocrx_word' id='word_1_179' title='bbox 1156 1830 1239 1866; x_wconf 85' lang='lat' dir='ltr'>tam</span> <span class='ocrx_word' id='word_1_180' title='bbox 1269 1824 1436 1876; x_wconf 83' lang='lat' dir='ltr'>longam</span> <span class='ocrx_word' id='word_1_181' title='bbox 1466 1835 1739 1875; x_wconf 87' lang='lat' dir='ltr'>asperamque</span> <span class='ocrx_word' id='word_1_182' title='bbox 1776 1820 1883 1861; x_wconf 81' lang='lat' dir='ltr'>viam</span> <span class='ocrx_word' id='word_1_183' title='bbox 1913 1818 2010 1861; x_wconf 88' lang='lat' dir='ltr'>inof-</span> <span class='ocrx_word' id='word_1_184' title='bbox 2064 1822 2067 1825; x_wconf 85' lang='lat'>&#39;</span> 
     </span>
     <span class='ocr_line' id='line_1_24' title="bbox 428 1890 2011 1950; baseline -0.007 -8"><span class='ocrx_word' id='word_1_185' title='bbox 428 1902 539 1943; x_wconf 87' lang='lat' dir='ltr'>fenso</span> <span class='ocrx_word' id='word_1_186' title='bbox 570 1899 738 1941; x_wconf 90' lang='lat' dir='ltr'>omnino</span> <span class='ocrx_word' id='word_1_187' title='bbox 770 1898 872 1950; x_wconf 87' lang='lat' dir='ltr'>pede</span> <span class='ocrx_word' id='word_1_188' title='bbox 903 1897 1122 1938; x_wconf 85' lang='lat' dir='ltr'>decurrere</span> <span class='ocrx_word' id='word_1_189' title='bbox 1151 1895 1330 1948; x_wconf 82' lang='lat' dir='ltr'>sperabit</span> <span class='ocrx_word' id='word_1_190' title='bbox 1358 1908 1500 1943; x_wconf 90' lang='lat' dir='ltr'>nemo,</span> <span class='ocrx_word' id='word_1_191' title='bbox 1530 1893 1690 1946; x_wconf 88' lang='lat' dir='ltr'>ipsique</span> <span class='ocrx_word' id='word_1_192' title='bbox 1718 1890 1888 1933; x_wconf 89' lang='lat' dir='ltr'>minime</span> <span class='ocrx_word' id='word_1_193' title='bbox 1916 1903 2011 1931; x_wconf 85' lang='lat' dir='ltr'>con-</span> 
     </span>
     <span class='ocr_line' id='line_1_25' title="bbox 429 1958 2012 2019; baseline -0.007 -8"><span class='ocrx_word' id='word_1_194' title='bbox 429 1970 662 2017; x_wconf 81' lang='lat' dir='ltr'>tendemus3</span> <span class='ocrx_word' id='word_1_195' title='bbox 693 1982 739 2010; x_wconf 90' lang='lat' dir='ltr'>eo</span> <span class='ocrx_word' id='word_1_196' title='bbox 770 1967 899 2019; x_wconf 84' lang='lat' dir='ltr'>magis</span> <span class='ocrx_word' id='word_1_197' title='bbox 929 1966 1041 2018; x_wconf 85' lang='lat' dir='ltr'>quod</span> <span class='ocrx_word' id='word_1_198' title='bbox 1070 1965 1295 2017; x_wconf 84' lang='lat' dir='ltr'>aliquando</span> <span class='ocrx_word' id='word_1_199' title='bbox 1330 1964 1472 2006; x_wconf 85' lang='lat' dir='ltr'>alienis</span> <span class='ocrx_word' id='word_1_200' title='bbox 1512 1962 1721 2005; x_wconf 86' lang='lat' dir='ltr'>erroribus</span> <span class='ocrx_word' id='word_1_201' title='bbox 1760 1958 2012 2011; x_wconf 81' lang='lat' dir='ltr'>corrigendis</span> 
     </span>
     <span class='ocr_line' id='line_1_26' title="bbox 428 2029 2012 2086; baseline -0.006 -5"><span class='ocrx_word' id='word_1_202' title='bbox 428 2040 598 2085; x_wconf 85' lang='lat' dir='ltr'>intenti,</span> <span class='ocrx_word' id='word_1_203' title='bbox 628 2044 812 2084; x_wconf 85' lang='lat' dir='ltr'>nostros,</span> <span class='ocrx_word' id='word_1_204' title='bbox 844 2044 886 2080; x_wconf 92' lang='lat' dir='ltr'>ut</span> <span class='ocrx_word' id='word_1_205' title='bbox 915 2036 1079 2086; x_wconf 87' lang='lat' dir='ltr'>assolet,</span> <span class='ocrx_word' id='word_1_206' title='bbox 1108 2049 1193 2078; x_wconf 90' lang='lat' dir='ltr'>non</span> <span class='ocrx_word' id='word_1_207' title='bbox 1224 2036 1320 2078; x_wconf 88' lang='lat' dir='ltr'>satis</span> <span class='ocrx_word' id='word_1_208' title='bbox 1350 2035 1610 2077; x_wconf 85' lang='lat' dir='ltr'>cavebamus.</span> <span class='ocrx_word' id='word_1_209' title='bbox 1641 2032 1720 2075; x_wconf 88' lang='lat' dir='ltr'>Sed</span> <span class='ocrx_word' id='word_1_210' title='bbox 1752 2045 1858 2083; x_wconf 85' lang='lat' dir='ltr'>quae</span> <span class='ocrx_word' id='word_1_211' title='bbox 1892 2029 2012 2072; x_wconf 90' lang='lat' dir='ltr'>nobis</span> 
     </span>
     <span class='ocr_line' id='line_1_27' title="bbox 429 2101 2013 2162; baseline -0.006 -10"><span class='ocrx_word' id='word_1_212' title='bbox 429 2125 550 2162; x_wconf 84' lang='lat' dir='ltr'>opere</span> <span class='ocrx_word' id='word_1_213' title='bbox 580 2109 692 2152; x_wconf 88' lang='lat' dir='ltr'>finito</span> <span class='ocrx_word' id='word_1_214' title='bbox 723 2122 936 2151; x_wconf 88' lang='lat' dir='ltr'>occurrere</span> <span class='ocrx_word' id='word_1_215' title='bbox 966 2113 1205 2160; x_wconf 86' lang='lat' dir='ltr'>potuerunt,</span> <span class='ocrx_word' id='word_1_216' title='bbox 1234 2107 1412 2158; x_wconf 87' lang='lat' dir='ltr'>ingenue</span> <span class='ocrx_word' id='word_1_217' title='bbox 1441 2105 1584 2147; x_wconf 80' lang='lat' dir='ltr'>saltem</span> <span class='ocrx_word' id='word_1_218' title='bbox 1614 2104 1665 2145; x_wconf 86' lang='lat' dir='ltr'>ad</span> <span class='ocrx_word' id='word_1_219' title='bbox 1702 2102 1854 2145; x_wconf 84' lang='lat' dir='ltr'>calcem</span> <span class='ocrx_word' id='word_1_220' title='bbox 1888 2101 2013 2144; x_wconf 86' lang='lat' dir='ltr'>huius</span> 
     </span>
     <span class='ocr_line' id='line_1_28' title="bbox 430 2172 2011 2229; baseline -0.005 -9"><span class='ocrx_word' id='word_1_221' title='bbox 430 2180 649 2223; x_wconf 89' lang='lat' dir='ltr'>voluminis</span> <span class='ocrx_word' id='word_1_222' title='bbox 678 2180 816 2222; x_wconf 86' lang='lat' dir='ltr'>lectori</span> <span class='ocrx_word' id='word_1_223' title='bbox 845 2179 1142 2224; x_wconf 88' lang='lat' dir='ltr'>indicabimus,</span> <span class='ocrx_word' id='word_1_224' title='bbox 1171 2192 1224 2220; x_wconf 93' lang='lat' dir='ltr'>ne</span> <span class='ocrx_word' id='word_1_225' title='bbox 1252 2177 1328 2229; x_wconf 89' lang='lat' dir='ltr'>ipsi</span> <span class='ocrx_word' id='word_1_226' title='bbox 1358 2176 1586 2218; x_wconf 86' lang='lat' dir='ltr'>molestiam</span> <span class='ocrx_word' id='word_1_227' title='bbox 1617 2180 1687 2216; x_wconf 88' lang='lat' dir='ltr'>aut</span> <span class='ocrx_word' id='word_1_228' title='bbox 1715 2173 1925 2225; x_wconf 84' lang='lat' dir='ltr'>negotium</span> <span class='ocrx_word' id='word_1_229' title='bbox 1955 2172 2011 2212; x_wconf 80' lang='lat' dir='ltr'>fa-</span> 
     </span>
     <span class='ocr_line' id='line_1_29' title="bbox 431 2244 2013 2311; baseline -0.006 -18"><span class='ocrx_word' id='word_1_230' title='bbox 431 2258 612 2297; x_wconf 81' lang='lat' dir='ltr'>cessant,</span> <span class='ocrx_word' id='word_1_231' title='bbox 642 2251 711 2303; x_wconf 86' lang='lat' dir='ltr'>qui</span> <span class='ocrx_word' id='word_1_232' title='bbox 742 2257 920 2294; x_wconf 87' lang='lat' dir='ltr'>ceterum</span> <span class='ocrx_word' id='word_1_233' title='bbox 950 2256 988 2291; x_wconf 77' lang='lat' dir='ltr'>et</span> <span class='ocrx_word' id='word_1_234' title='bbox 1017 2249 1108 2297; x_wconf 87' lang='lat' dir='ltr'>alia,</span> <span class='ocrx_word' id='word_1_235' title='bbox 1142 2263 1248 2301; x_wconf 84' lang='lat' dir='ltr'>quae</span> <span class='ocrx_word' id='word_1_236' title='bbox 1277 2263 1352 2290; x_wconf 86' lang='lat' dir='ltr'>nos</span> <span class='ocrx_word' id='word_1_237' title='bbox 1381 2249 1518 2290; x_wconf 84' lang='lat' dir='ltr'>forsan</span> <span class='ocrx_word' id='word_1_238' title='bbox 1548 2247 1797 2298; x_wconf 79' lang='lat' dir='ltr'>effugerunt,</span> <span class='ocrx_word' id='word_1_239' title='bbox 1827 2244 1913 2295; x_wconf 89' lang='lat' dir='ltr'>ipse</span> <span class='ocrx_word' id='word_1_240' title='bbox 1942 2256 2013 2311; x_wconf 67' lang='lat' dir='ltr'>pef</span> 
     </span>
     <span class='ocr_line' id='line_1_30' title="bbox 431 2320 1323 2373; baseline -0.003 -9"><span class='ocrx_word' id='word_1_241' title='bbox 431 2337 472 2364; x_wconf 83' lang='lat' dir='ltr'>se</span> <span class='ocrx_word' id='word_1_242' title='bbox 502 2322 703 2373; x_wconf 76' lang='lat' dir='ltr'>corrigere</span> <span class='ocrx_word' id='word_1_243' title='bbox 732 2321 830 2363; x_wconf 84' lang='lat' dir='ltr'>scite</span> <span class='ocrx_word' id='word_1_244' title='bbox 858 2335 905 2362; x_wconf 86' lang='lat' dir='ltr'>ac</span> <span class='ocrx_word' id='word_1_245' title='bbox 934 2320 1131 2362; x_wconf 82' lang='lat' dir='ltr'>benevole</span> <span class='ocrx_word' id='word_1_246' title='bbox 1159 2325 1323 2372; x_wconf 83' lang='lat' dir='ltr'>sataget.</span> 
     </span>
    </p>

    <p class='ocr_par' dir='ltr' id='par_1_6' title="bbox 432 2383 2014 2725">
     <span class='ocr_line' id='line_1_31' title="bbox 483 2383 2014 2441; baseline -0.006 -7"><span class='ocrx_word' id='word_1_247' title='bbox 483 2392 603 2440; x_wconf 81' lang='lat' dir='ltr'>Quod</span> <span class='ocrx_word' id='word_1_248' title='bbox 633 2392 713 2434; x_wconf 90' lang='lat' dir='ltr'>iam</span> <span class='ocrx_word' id='word_1_249' title='bbox 743 2391 783 2433; x_wconf 87' lang='lat' dir='ltr'>in</span> <span class='ocrx_word' id='word_1_250' title='bbox 813 2391 943 2433; x_wconf 89' lang='lat' dir='ltr'>Tomo</span> <span class='ocrx_word' id='word_1_251' title='bbox 974 2390 1095 2432; x_wconf 90' lang='lat' dir='ltr'>Nono</span> <span class='ocrx_word' id='word_1_252' title='bbox 1116 2395 1154 2432; x_wconf 90' lang='lat' dir='ltr'>et</span> <span class='ocrx_word' id='word_1_253' title='bbox 1173 2389 1344 2432; x_wconf 88' lang='lat' dir='ltr'>Decimo</span> <span class='ocrx_word' id='word_1_254' title='bbox 1368 2395 1572 2441; x_wconf 86' lang='lat' dir='ltr'>praestare</span> <span class='ocrx_word' id='word_1_255' title='bbox 1602 2386 1846 2432; x_wconf 64' lang='lat' dir='ltr'>curavimus</span> <span class='ocrx_word' id='word_1_256' title='bbox 1870 2383 2014 2426; x_wconf 89' lang='lat' dir='ltr'>Bullas</span> 
     </span>
     <span class='ocr_line' id='line_1_32' title="bbox 432 2454 2013 2513; baseline -0.006 -9"><span class='ocrx_word' id='word_1_257' title='bbox 432 2476 574 2504; x_wconf 88' lang='lat' dir='ltr'>omnes</span> <span class='ocrx_word' id='word_1_258' title='bbox 604 2462 747 2504; x_wconf 88' lang='lat' dir='ltr'>ordine</span> <span class='ocrx_word' id='word_1_259' title='bbox 777 2461 1065 2513; x_wconf 85' lang='lat' dir='ltr'>chronologico</span> <span class='ocrx_word' id='word_1_260' title='bbox 1094 2461 1410 2510; x_wconf 87' lang='lat' dir='ltr'>accuratissime,</span> <span class='ocrx_word' id='word_1_261' title='bbox 1433 2465 1635 2512; x_wconf 86' lang='lat' dir='ltr'>quantum</span> <span class='ocrx_word' id='word_1_262' title='bbox 1658 2456 1744 2498; x_wconf 87' lang='lat' dir='ltr'>fieri</span> <span class='ocrx_word' id='word_1_263' title='bbox 1774 2455 1916 2507; x_wconf 85' lang='lat' dir='ltr'>potuit,</span> <span class='ocrx_word' id='word_1_264' title='bbox 1938 2454 2013 2496; x_wconf 89' lang='lat' dir='ltr'>dis-</span> 
     </span>
     <span class='ocr_line' id='line_1_33' title="bbox 435 2525 2013 2585; baseline -0.004 -12"><span class='ocrx_word' id='word_1_265' title='bbox 435 2533 664 2584; x_wconf 87' lang='lat' dir='ltr'>posuimus,</span> <span class='ocrx_word' id='word_1_266' title='bbox 695 2532 900 2585; x_wconf 83' lang='lat' dir='ltr'>pluribus,</span> <span class='ocrx_word' id='word_1_267' title='bbox 931 2533 968 2572; x_wconf 92' lang='lat' dir='ltr'>in</span> <span class='ocrx_word' id='word_1_268' title='bbox 1003 2531 1286 2573; x_wconf 85' lang='lat' dir='ltr'>Mainardiana</span> <span class='ocrx_word' id='word_1_269' title='bbox 1316 2531 1493 2573; x_wconf 91' lang='lat' dir='ltr'>editione</span> <span class='ocrx_word' id='word_1_270' title='bbox 1522 2530 1602 2571; x_wconf 90' lang='lat' dir='ltr'>huc</span> <span class='ocrx_word' id='word_1_271' title='bbox 1632 2527 1812 2578; x_wconf 86' lang='lat' dir='ltr'>illucque</span> <span class='ocrx_word' id='word_1_272' title='bbox 1833 2525 2013 2577; x_wconf 84' lang='lat' dir='ltr'>vaganti-</span> 
     </span>
     <span class='ocr_line' id='line_1_34' title="bbox 434 2595 2013 2654; baseline -0.004 -10"><span class='ocrx_word' id='word_1_273' title='bbox 434 2603 523 2648; x_wconf 74' lang='lat' dir='ltr'>bus,</span> <span class='ocrx_word' id='word_1_274' title='bbox 553 2603 591 2644; x_wconf 91' lang='lat' dir='ltr'>in</span> <span class='ocrx_word' id='word_1_275' title='bbox 622 2617 716 2645; x_wconf 88' lang='lat' dir='ltr'>suas</span> <span class='ocrx_word' id='word_1_276' title='bbox 746 2603 861 2644; x_wconf 89' lang='lat' dir='ltr'>sedes</span> <span class='ocrx_word' id='word_1_277' title='bbox 892 2602 1113 2651; x_wconf 84' lang='lat' dir='ltr'>translatis;</span> <span class='ocrx_word' id='word_1_278' title='bbox 1132 2615 1228 2644; x_wconf 89' lang='lat' dir='ltr'>nam</span> <span class='ocrx_word' id='word_1_279' title='bbox 1247 2602 1522 2654; x_wconf 87' lang='lat' dir='ltr'>experimento</span> <span class='ocrx_word' id='word_1_280' title='bbox 1541 2604 1700 2641; x_wconf 87' lang='lat' dir='ltr'>constat</span> <span class='ocrx_word' id='word_1_281' title='bbox 1720 2597 1770 2639; x_wconf 87' lang='lat' dir='ltr'>ad</span> <span class='ocrx_word' id='word_1_282' title='bbox 1792 2595 2013 2639; x_wconf 86' lang='lat' dir='ltr'>Pontificia</span> 
     </span>
     <span class='ocr_line' id='line_1_35' title="bbox 437 2665 2013 2725; baseline -0.003 -12"><span class='ocrx_word' id='word_1_283' title='bbox 437 2673 657 2724; x_wconf 78' lang='lat' dir='ltr'>diplomata</span> <span class='ocrx_word' id='word_1_284' title='bbox 678 2673 937 2716; x_wconf 85' lang='lat' dir='ltr'>commodius</span> <span class='ocrx_word' id='word_1_285' title='bbox 956 2673 996 2714; x_wconf 91' lang='lat' dir='ltr'>in</span> <span class='ocrx_word' id='word_1_286' title='bbox 1013 2673 1199 2715; x_wconf 77' lang='lat' dir='ltr'>Bullario</span> <span class='ocrx_word' id='word_1_287' title='bbox 1220 2665 1496 2725; x_wconf 83' lang='lat' dir='ltr'>perquirenda</span> <span class='ocrx_word' id='word_1_288' title='bbox 1516 2669 1757 2721; x_wconf 86' lang='lat' dir='ltr'>faciliusque</span> <span class='ocrx_word' id='word_1_289' title='bbox 1773 2666 2013 2719; x_wconf 84' lang='lat' dir='ltr'>reperienda</span> 
     </span>
    </p>
   </div>
  </div>
 </body>
</html>
