2227 3241
279 305 328 333 An.
347 307 374 333 c.
398 306 464 334 1604
515 297 574 329 1112

476 353 790 399 proprio‚quibusvis
804 351 1064 396 personis‚etiam
1076 352 1152 386 dicti
1163 354 1214 387 Iu-

477 408 510 440 lii
524 405 780 451 praedecessoris
797 410 828 439 ct
845 416 1067 440 successorum
1081 417 1213 440 suorum

477 462 696 494 Romanorum
712 458 903 506 Pontificum
922 469 981 503 pro
995 464 1139 503 tempore
1151 460 1214 493 exi-

475 513 629 546 stentium
654 511 794 556 antiquis
822 517 853 545 et
882 512 1050 556 descriptis
1079 513 1214 547 familia-

476 566 576 606 ribus,
600 564 760 599 continuis
781 565 1061 607 commensalibus
1086 571 1114 600 el
1136 567 1210 610 qui-

475 618 581 652 busvis
593 618 776 662 praedictae
789 618 879 652 Sedis
893 619 1094 653 etRomanae
1103 620 1214 654 Curiae

475 671 679 713 officialibus,
703 671 797 705 etiam
819 672 926 706 officia
946 683 1002 706 sua
1025 678 1097 706 actu
1123 683 1213 706 exer-

475 725 630 768 centibus,
645 736 681 759 ac
699 725 767 759 aliis
781 725 1038 770 quibuscumque
1056 726 1211 770 personis,

474 779 706 822 cuiuscumque
727 779 823 812 ctiam
845 779 1018 822 dignitatis,
1034 785 1146 821 status,
1163 790 1214 814 or-

474 832 567 874 dinis,
589 832 784 866 conditionis
804 833 853 866 vel
873 834 1129 877 praeminentiae
1151 834 1215 867 exi-

473 886 631 920 stentibus
650 886 757 930 (aliter
768 897 875 931 quarn,
886 893 920 920 ut
932 888 1123 931 praefertur,
1136 898 1215 932 qua-

474 939 625 983 lificatis),
653 939 712 973 sub
742 951 948 985 quacumque
978 941 1080 975 forma
1105 947 1136 975 et
1160 952 1213 975 ex-

473 993 639 1037 pressione
664 994 858 1035 verborum,
889 1000 917 1028 et
943 1006 1016 1028 cum
1049 995 1214 1039 quibusvis

472 1047 569 1081 etiam
591 1048 867 1090 derogatoriarum
885 1048 1110 1091 derogatoriis,
1131 1049 1215 1082 aliis—

473 1111 536 1146 que
556 1101 755 1142 sortioribus,
777 1101 1013 1135 efficacioribus
1030 1108 1061 1136 et
1078 1102 1214 1136 insolitis

473 1154 624 1188 clausulis
641 1154 917 1199 irritantibusque,
934 1161 965 1188 et
978 1155 1048 1188 aliis
1062 1156 1210 1195 decretis,

473 1208 569 1242 etiam
584 1208 799 1253 imperatoris,
812 1219 937 1251 regum,
955 1209 1073 1243 ducum
1092 1215 1121 1243 et
1135 1211 1214 1243 alio-

472 1272 545 1295 rum
565 1261 749 1306 principum
775 1262 1047 1306 contemplatIOne
1062 1290 1070 1304 ,
1093 1263 1140 1296 vel
1169 1263 1215 1296 in-

474 1315 570 1356 tuitu,
595 1314 754 1349 concessis
775 1321 917 1356 catenus,
946 1322 976 1349 et
1004 1316 1213 1360 imposterum

473 1369 708 1410 concedendis,
736 1369 921 1403 nullatenus
956 1370 1210 1414 comprehendi,

473 1434 533 1456 nec
553 1422 804 1467 comprehensos
830 1423 964 1464 censeri,
994 1434 1054 1457 nec
1083 1424 1212 1457 illorum

472 1481 639 1520 praetextu
657 1476 830 1520 acceptari,
847 1482 899 1509 aut
921 1476 960 1509 de
981 1476 1042 1509 illis
1063 1476 1213 1520 cuiquam

473 1529 634 1573 provideri
655 1539 749 1573 posse
766 1540 897 1573 quoquo
911 1530 1019 1570 mod03
1035 1530 1090 1563 sed
1110 1530 1212 1574 ipsun]

473 1589 548 1616 tunc
568 1589 599 1616 et
618 1593 676 1627 pro
701 1588 847 1627 tempore
872 1583 1058 1616 existentem
1089 1584 1212 1628 episco-

472 1646 550 1680 pum
578 1636 845 1680 Herbipolensem
880 1636 919 1670 de
949 1636 1011 1669 illis
1043 1637 1212 1680 providere

473 1690 590 1723 debere
607 1689 765 1733 personis,
783 1696 817 1723 ut
834 1691 1028 1733 praefertur,
1049 1691 1214 1734 qualifica-

475 1743 531 1783 tis,
560 1743 591 1776 in
617 1743 768 1776 omnibus
794 1749 822 1776 et
848 1754 905 1787 per
925 1744 1055 1783 01nnia;
1079 1744 1213 1787 perinde

474 1807 511 1829 ac
539 1796 565 1829 si
593 1796 715 1839 gratiae
740 1797 955 1840 expectativae
980 1797 1134 1840 speciales
1165 1798 1213 1831 vel

473 1850 651 1891 generales,
673 1855 727 1883 aut
744 1850 839 1884 etiam
854 1851 1011 1884 mensales
1025 1851 1213 1884 reservatio-

474 1913 529 1936 nes
544 1930 551 1943 ,
582 1903 755 1947 primariae
786 1913 898 1947 preces
913 1931 920 1944 ,
951 1903 1188 1937 nominationes
1203 1931 1210 1945 ,

473 1957 633 1997 mandata,
655 1958 831 1998 facultates,
853 1957 987 1998 indulta,
1012 1958 1210 2000 collationes,

472 2011 672 2054 provisiones
687 2038 694 2051 ‚
715 2011 926 2045 continendae
948 2017 978 2044 et
1004 2011 1084 2045 aliae
1106 2012 1213 2056 dispo-

472 2064 604 2098 sitiones
621 2064 805 2098 huiusmodi
827 2075 845 2097 a
866 2065 951 2098 dicto
976 2065 1056 2098 lulio
1078 2066 1213 2109 praede-

473 2128 598 2152 cessore
619 2124 649 2151 et
668 2118 748 2152 Sede
768 2118 942 2162 praedicta,
958 2128 994 2151 ac
1008 2118 1210 2161 eiuslegads,

472 2182 509 2205 ac
530 2171 624 2205 etiam
655 2172 694 2205 de
719 2172 818 2205 latere
834 2199 841 2212 ,
865 2172 1048 2205 nullatenus
1070 2182 1214 2206 emanas-

472 2231 552 2266 sent,
566 2236 625 2259 nec
636 2231 840 2269 apparerent,
857 2236 916 2259 nec
928 2236 985 2270 per
995 2236 1213 2270 quascumque

473 2278 597 2312 litteras
612 2278 754 2312 eiusdem
775 2278 865 2312 Sedis
884 2279 930 2311 vel
952 2279 1131 2321 legatorum
1146 2279 1214 2313 eius

473 2332 585 2366 litteris
606 2332 682 2365 dicti
701 2332 771 2366 Iulii
790 2331 965 2365 ullatenus¹
985 2332 1106 2366 censeri
1121 2333 1213 2366 dero-

471 2391 602 2427 gatu1n3
625 2384 706 2418 nec⁹
727 2385 981 2429 acceptationes,
1002 2385 1209 2427 collationes,

472 2439 685 2483 provisiones,
710 2439 918 2472 commendas
939 2444 969 2472 et
989 2439 1115 2482 quasvis
1136 2439 1213 2473 alias

472 2492 698 2536 dispositiones
712 2492 751 2525 de
766 2492 838 2533 illis,
852 2491 947 2525 etiam
963 2491 1128 2536 quibusvis
1142 2503 1213 2536 per-

472 2545 559 2579 sonis
580 2545 687 2588 (aliter
707 2555 815 2588 quam,
833 2550 866 2578 ut
880 2545 1070 2588 praefertur,
1088 2545 1214 2589 qualifi-

472 2598 678 2641 catis),etiam
692 2609 749 2643 per
763 2599 882 2632 dictum
902 2598 1016 2631 lulium
1031 2599 1214 2641 praedeces-

513 2670 520 2695 1
541 2669 611 2696 Edit.
629 2670 712 2697 Main.
730 2669 813 2697 habet
829 2677 913 2696 nec...
929 2669 1096 2697 nullatenus
1110 2670 1150 2705 (n.
1162 2671 1211 2705 τ.).

506 2714 522 2740 2
538 2713 600 2749 Leg.
618 2717 654 2748 el,
668 2721 728 2741 nain
745 2716 838 2750 postea
851 2721 908 2749 seq.
927 2714 1034 2742 nullius
1050 2714 1109 2742 rob.
1124 2714 1212 2749 (nr).

1049 303 1229 330 ItULLARIUM
1255 304 1409 330 ROMANUM

1246 363 1352 387 sorem
1374 359 1405 387 et
1424 353 1539 387 Sedein
1559 354 1769 398 praedictam,
1791 361 1845 389 aut
1864 356 1986 399 legatos

1248 407 1432 440 huiusmodi
1452 417 1512 451 pro
1533 412 1679 451 tempore
1699 408 1797 441 saetas
1816 414 1847 442 et
1869 409 1987 443 facien-

1248 461 1315 501 das,
1339 460 1458 493 nullius
1486 460 1633 502 roboris,
1661 461 1708 494 vel
1738 463 1893 496 momenti
1924 463 1988 497 exi-

1247 518 1342 554 stere,
1356 513 1549 557 nullumque
1560 524 1617 557 per
1630 524 1682 548 eas
1694 514 1742 548 ius
1755 515 1850 549 alicui
1862 516 1984 559 quaeri,

1249 566 1295 599 vel
1319 566 1413 599 etiam
1441 566 1620 600 coloratum
1650 567 1778 601 titulum
1803 568 1988 612 possidendi

1249 618 1345 651 tribui
1365 628 1478 662 posse;
1501 619 1611 663 sicque
1627 630 1685 664 per
1698 629 1920 665 quoscumque
1942 621 1988 655 iu-

1248 671 1335 705 dices
1355 671 1538 705 ordinarios
1559 677 1589 705 et
1607 672 1782 715 delegatos,
1798 673 1892 707 etiam
1914 685 1988 708 cau-

1247 734 1356 757 sarum
1371 724 1482 757 Palatii
1497 724 1665 768 apostolici
1678 725 1841 760 auditores
1852 728 1989 771 (sublata

1248 777 1292 811 eis
1313 784 1344 811 et
1365 788 1478 811 eorum
1494 778 1628 812 cuilibet
1647 779 1757 823 quavis
1777 780 1872 814 aliter
1891 781 1989 815 inter-

1249 831 1397 875 pretandi
1413 831 1588 865 definiendi
1607 837 1637 865 et
1656 832 1820 866 iudicandi
1840 833 1990 868 facultate

1249 890 1277 917 et
1296 884 1500 928 auctoritate)
1519 884 1735 929 interpretari,
1756 886 1882 920 definiri
1896 892 1926 920 et
1939 887 1989 920 iu-

1249 937 1347 970 dicari
1369 938 1504 978 debere;
1527 948 1588 972 nec
1605 948 1670 971 non
1691 938 1820 972 irritum
1841 945 1871 973 et
1892 940 1988 974 inane

1249 991 1406 1035 quidquid
1421 1002 1511 1026 secus
1524 992 1682 1036 superbis
1694 1003 1711 1026 a
1722 1003 1898 1037 quoquam,
1912 1005 1990 1039 qua-

1249 1045 1293 1078 vis
1314 1045 1514 1086 auctoritate,
1536 1045 1630 1079 etiam
1652 1056 1710 1090 per
1729 1046 1850 1080 dictum
1871 1047 1988 1082 lulium

1248 1099 1531 1143 praedecessorem
1553 1106 1584 1133 et
1603 1100 1717 1134 Sedem
1739 1100 1938 1145 praedictam
1959 1107 1990 1136 et

1248 1153 1315 1186 eius
1333 1154 1454 1195 legatos
1475 1153 1570 1187 etiam
1592 1154 1631 1187 de
1652 1154 1762 1197 latere,
1783 1164 1820 1188 ac
1839 1155 1986 1197 nuncios,

1248 1206 1387 1240 scienter
1400 1207 1447 1240 vel
1467 1207 1666 1250 ignoranter,
1688 1208 1875 1252 contigisset
1888 1215 1990 1244 atten-

1250 1260 1326 1300 tari·‚
1343 1271 1379 1294 ac
1399 1261 1476 1294 alias
1493 1267 1590 1305 prout
1604 1261 1636 1294 in
1654 1262 1797 1296 eiusdem
1815 1262 1887 1296 Iulii
1897 1273 1990 1308 prae-

1249 1313 1426 1347 decessoris
1451 1314 1565 1348 litteris
1597 1314 1629 1347 in
1660 1315 1765 1348 forma
1796 1315 1903 1350 Brevis
1928 1316 1988 1350 sub

1249 1366 1321 1399 data
1342 1367 1392 1400 die
1417 1378 1457 1401 xx
1482 1367 1561 1400 iunii
1586 1378 1685 1402 nativ
1709 1368 1915 1412 pontificatus
1939 1370 1989 1403 sui

1248 1430 1332 1453 anno
1353 1420 1477 1464 quinto,
1502 1421 1640 1465 desuper
1660 1421 1835 1465 expeditis,
1861 1422 1988 1466 plenius

1249 1474 1433 1507 continetur
1446 1473 1465 1507 ¹.

1293 1528 1309 1569 ξ
1329 1526 1359 1559 2.
1383 1527 1460 1560 Cum
1486 1533 1605 1567 autem,
1629 1527 1710 1561 sieut
1733 1538 1792 1572 pro
1817 1534 1908 1572 parte
1934 1531 1987 1562 tua

1248 1579 1341 1613 nobis
1361 1590 1465 1624 nuper
1485 1580 1665 1624 expositum
1690 1581 1770 1621 t'uit,
1794 1591 1831 1614 ex
1851 1581 1987 1625 collegio

1248 1643 1266 1666 a
1284 1639 1313 1666 te
1326 1633 1457 1667 fundato
1479 1633 1570 1667 multi
1589 1633 1769 1676 theologiae
1790 1635 1939 1668 doctores
1955 1635 1987 1668 in

1249 1686 1316 1720 dies
1338 1687 1508 1730 prodeant,
1531 1687 1717 1731 paucissimi
1737 1697 1812 1721 vero
1831 1687 1911 1721 iuris
1930 1699 1985 1722 ea-

1248 1739 1354 1772 nonici
1375 1740 1469 1783 periti
1485 1740 1516 1772 in
1535 1740 1601 1773 istis
1614 1740 1759 1784 partibus
1773 1741 1986 1785 reperiantur,

1248 1803 1386 1836 quorum
1403 1798 1509 1826 tamen
1522 1803 1621 1837 opera
1635 1793 1778 1827 ecclesiis
1787 1793 1912 1828 videtur
1923 1804 1988 1828 non

1249 1846 1346 1879 modo
1366 1846 1465 1886 utilis,
1489 1847 1544 1880 sed
1570 1847 1664 1880 etiam
1686 1847 1877 1889 necessaria,
1902 1849 1988 1892 quod

1248 1907 1281 1934 tu
1302 1901 1334 1934 in
1355 1901 1488 1934 ecclesia
1510 1903 1562 1934 tua
1582 1900 1784 1945 potissimum
1814 1901 1986 1946 experiris;

1248 1960 1420 1999 propterea
1434 1982 1441 1995 ,
1465 1960 1499 1988 ut
1519 1954 1663 1988 subditos
1681 1954 1835 1988 ecclesiae
1855 1959 1929 1989 tuae
1948 1956 1988 1990 ad

1249 2008 1327 2042 iuris
1348 2008 1495 2042 canonici
1526 2008 1669 2041 studium
1698 2007 1835 2041 invitare
1866 2009 1985 2053 possis,

1249 2061 1338 2105 cupis
1369 2061 1572 2105 supradictos
1598 2061 1806 2095 canonicatus
1832 2067 1863 2095 et
1889 2072 1984 2106 prae-

1249 2115 1380 2156 bendas,
1401 2125 1465 2148 non
1483 2115 1587 2148 solum
1607 2114 1710 2148 tribus
1729 2124 1838 2148 sacrae
1859 2114 1985 2149 theolo-

1248 2168 1330 2211 giae,
1347 2168 1403 2201 sed
1421 2168 1516 2201 etiam
1531 2167 1664 2202 totidem
1680 2167 1826 2201 canonici
1841 2167 1918 2202 iuris
1931 2168 1988 2202 do-

1249 2224 1413 2265 ctoribus,
1438 2229 1535 2268 prout
1560 2223 1661 2266 magis
1690 2222 1839 2267 expedire
1864 2223 1987 2257 iudica-

1247 2277 1340 2318 veris,
1361 2277 1462 2311 libere
1482 2278 1630 2311 conferre
1650 2287 1753 2321 posse.
1775 2276 1878 2316 Quare
1894 2276 1988 2310 nobis

1248 2331 1414 2365 humiliter
1431 2331 1605 2376 supplicari
1624 2330 1737 2371 fecisti,
1757 2335 1793 2364 ut
1809 2341 1906 2375 super
1925 2331 1988 2365 hoc

1250 2385 1305 2418 tibi
1333 2385 1501 2427 indulgere
1528 2385 1567 2418 de
1592 2384 1789 2427 benignitate
1811 2385 1987 2429 apostolica

1248 2438 1467 2481 dignaremur.

1293 2493 1307 2536 ξ
1325 2492 1355 2525 3.
1372 2492 1435 2526 Nos
1448 2492 1546 2535 igitur
1557 2491 1797 2536 praedictarum
1811 2491 1882 2526 Iulii
1895 2502 1987 2536 prae-

1249 2545 1427 2579 decessoris
1448 2546 1615 2579 literarum
1645 2551 1789 2579 tenorem
1807 2573 1814 2586 ,
1842 2556 1879 2579 ac
1903 2545 1927 2578 si
1949 2545 1988 2579 de

1247 2598 1345 2632 verbo
1355 2599 1395 2633 ad
1404 2599 1536 2632 verbum
1549 2598 1753 2639 insereretur,
1764 2598 1986 2642 praesentibus

1282 2670 1295 2696 ’1
1321 2669 1474 2698 Praedictas
1493 2669 1585 2697 literas
1605 2669 1663 2697 lulii
1682 2669 1719 2696 111
1744 2669 1770 2696 in
1791 2670 1868 2696 Bull.
1887 2677 1920 2696 ne
1939 2677 1984 2697 re-

1248 2713 1339 2750 quiras
1353 2714 1391 2749 (n.
1407 2715 1454 2747 τ.).

1995 307 2043 334 Αη.
2061 307 2089 335 C.
2111 308 2177 337 1504

2180 1367 2213 1561 &seem-m
2187 1027 2217 1358 usqua-„-.⁴‚>2‚„«».‚;-„·.„-,
2199 950 2213 961 ,-

2013 1541 2140 1570 Episcopus
2148 1547 2201 1573 pon-⁴

2002 1569 2027 1588 tit
2041 1569 2129 1590 concedi
2137 1569 2207 1590 sib'w

2003 1596 2025 1614 ut
2043 1600 2079 1616 eos
2094 1595 2152 1616 conse
2207 1618 2209 1622 ,

2003 1623 2068 1647 queat
2077 1621 2162 1643 etiaind
2186 1618 2202 1634 “

2003 1648 2097 1669 oloribus
2136 1649 2155 1670 iu
2202 1671 2207 1673 ,

2003 1675 2107 1696 canonici.
2190 1675 2198 1683 ¹

2176 1766 2195 1841 g
2209 1793 2210 1822 t

2028 2497 2129 2519 Concedit
2137 2476 2178 2519 ci&
2190 2491 2194 2528 ξ

2001 2530 2067 2546 men-e.
2158 2535 2168 2555 ἰ
2189 2530 2192 2559 l
