2227 3241
263 303 311 329 An.
331 302 357 330 C.
382 302 448 330 1606

278 793 392 817 perag-alin
400 798 447 813 cen·

264 822 382 840 nannum.

494 294 557 328 :328

461 352 644 391 sententias,
660 361 809 384 censuras
830 356 858 383 et
872 360 992 395 poenas
1011 350 1199 384 ecclcsiasti-

462 416 524 445 cas,
548 405 676 447 aliaque
701 409 883 447 opportuna
904 404 982 437 iuris
1007 410 1035 437 et
1057 404 1128 437 sacti
1150 415 1198 437 re-

463 457 589 497 media',
609 457 825 500 appellatione
851 457 1039 501 postposita,
1063 468 1195 501 compe-

462 510 593 550 scendo,
616 520 741 543 necnon
755 537 762 551 ,
785 510 935 552 legitimis
954 520 1051 554 super
1071 510 1120 543 liis
1145 510 1198 542 lia-

460 563 574 596 bendis
591 562 722 596 servatis
746 563 970 606 processibus,
996 573 1145 596 censuras
1170 569 1200 596 et

461 627 583 660 poenas
603 616 698 660 ipsas,
719 616 814 649 etiam
841 616 961 650 iteratis
986 616 1118 657 vicibus,
1146 627 1199 658 ag-

462 670 636 711 gravando,
653 669 800 703 invocato
818 669 913 703 etiam
928 670 967 703 ad
988 669 1060 710 boc,
1080 669 1104 702 si
1119 680 1200 713 opus

463 722 570 763 suerit,
593 721 710 755 auxilio
730 722 853 755 brachii
874 722 1057 756 saecularis.

509 775 566 817 §9-
578 776 647 809 Non
662 775 864 809 obstantibus
878 776 1069 809 recolendae
1081 785 1200 808 memo-

463 828 530 862 riae
551 828 705 861 Bonifacii
721 828 825 872 Papae
844 828 921 869 VIll,
941 827 1091 862 similiter
1109 838 1199 872 prae-

465 880 641 914 decessoris
665 881 779 921 nostri,
803 891 866 924 qua
886 886 1016 914 cavetur
1040 891 1199 924 expresse,

464 943 504 967 ne
522 932 594 977 quis
614 939 702 967 extra
718 943 808 967 suani
830 933 990 967 civitatem
1013 934 1059 966 vel
1077 934 1202 967 dioece-

464 986 536 1027 sim,
555 986 616 1020 nisi
632 987 663 1019 in
682 986 776 1020 certis
797 992 871 1020 tunc
892 986 1047 1031 expressis
1067 986 1202 1028 casibus,

464 1045 494 1073 et
514 1039 545 1072 in
565 1039 627 1073 illis
645 1040 728 1073 ultra
747 1049 844 1073 unam
863 1039 1000 1073 diaetam
1014 1050 1032 1072 a
1045 1039 1110 1073 fine
1127 1050 1202 1073 suac

464 1092 621 1127 dioecesis
649 1093 688 1126 ad
715 1093 869 1127 iudicium
898 1099 1059 1134 evocetur,
1082 1103 1138 1126 seu
1163 1104 1202 1126 ne

464 1147 587 1180 iud1ces
611 1157 629 1180 a
653 1145 817 1191 praedicta
842 1147 923 1180 Sede
948 1146 1091 1191 deputati
1117 1152 1204 1180 extra

465 1199 625 1233 civitatem
643 1200 691 1233 vel
712 1199 897 1241 dioecesim,
918 1200 950 1233 in
971 1200 1088 1244 quibus
1105 1200 1204 1244 depu-

466 1253 521 1287 tati
543 1254 680 1296 suerint,
704 1260 817 1293 contra
843 1265 1065 1299 quoscumque
1092 1265 1204 1299 proce-

467 1309 553 1350 dere,
573 1314 628 1342 aut
645 1309 696 1342 alii
717 1309 764 1343 vel
781 1309 851 1342 aliis
872 1309 954 1343 vices
971 1320 1043 1343 suas
1058 1309 1204 1343 commit-

468 1368 534 1396 tere
553 1363 704 1403 audeant,
728 1363 775 1396 vel
793 1368 1016 1406 praesumant,
1038 1368 1069 1396 et
1082 1362 1115 1396 in
1129 1373 1205 1396 con-

467 1417 541 1451 cilio
561 1417 704 1460 generali
725 1416 809 1450 edita
822 1417 861 1450 de
875 1416 1010 1458 duabus,
1028 1417 1205 1451 dummodo

467 1471 550 1504 ultra
570 1475 632 1503 tres
653 1470 774 1503 diaetas
787 1470 902 1514 aliquis
916 1471 1106 1504 auctoritate
1118 1481 1208 1515 prac-

466 1523 603 1557 sentium
614 1524 654 1557 ad
664 1523 817 1557 iudicium
828 1533 892 1556 non
902 1524 1060 1565 trahatur,
1071 1523 1207 1568 aliisque

467 1577 631 1622 quibusvis
648 1577 842 1621 apostolicis,
866 1587 925 1610 nec
946 1588 1010 1611 non
1029 1578 1060 1610 in
1081 1577 1207 1621 provin-

469 1631 603 1665 cialibus
628 1637 659 1665 et
681 1631 888 1676 synodalibus
913 1631 1059 1665 conciliis
1089 1631 1203 1673 editis,

469 1684 673 1727 generalibus
694 1684 742 1718 vcl
768 1684 979 1728 specialibus,
1008 1684 1208 1718 constitutio-

468 1738 563 1772 nibus
577 1743 607 1772 et
621 1737 891 1779 ordinationibus,
908 1749 945 1771 ac
958 1738 1053 1771 etiam
1068 1738 1207 1772 aliorum

470 1791 738 1825 monasteriorum
753 1819 760 1832 ‚
793 1791 1001 1826 ecclesiarum
1018 1820 1025 1833 ,
1052 1792 1207 1826 Ordinum

470 1845 595 1879 statutis
621 1851 652 1878 et
675 1845 975 1887 consuetudinibus,
996 1846 1092 1879 etiam
1118 1846 1206 1880 iura-

471 1903 591 1939 mento,
609 1898 854 1932 confirmatione
870 1899 1057 1943 apostolica,
1071 1900 1119 1933 vel
1137 1910 1211 1944 qua-

471 1951 516 1985 vis
536 1951 688 1985 firmitate
708 1952 770 1985 alia
792 1952 962 1993 roboratis,
975 1952 1211 1995 stabilimentis,

471 2005 581 2039 usibus
599 2012 635 2039 etr
648 2006 782 2047 naturis,
806 2005 980 2049 privilegiis
1000 2017 1141 2050 quoque,
1162 2007 1211 2040 in-

472 2059 570 2093 dultis
587 2070 624 2092 ae
637 2059 750 2093 litteris
767 2058 965 2103 apostolicis,
980 2059 1042 2093 illis
1055 2060 1102 2094 vel
1116 2060 1211 2093 alicui

472 2123 599 2153 eorum,
624 2119 656 2146 et
674 2112 862 2156 praesertim
889 2112 992 2146 cidem
1011 2113 1211 2147 Cisterciensi

472 2165 584 2200 Ordini
603 2176 639 2199 ac
659 2166 767 2199 abbati
786 2165 970 2199 monasterii
991 2166 1142 2208 Cistercii,
1161 2177 1213 2200 su—

472 2219 655 2264 perioribus
673 2225 704 2253 et
731 2219 890 2263 personis,
911 2229 970 2263 per
991 2230 1213 2264 quoscumque

474 2273 635 2307 Romanos
656 2272 827 2306 Pontifices
846 2272 967 2316 pariter
987 2273 1213 2317 praedecesso-

473 2335 524 2359 res
540 2331 667 2360 nostros
677 2331 708 2359 et
720 2326 834 2360 Sedem
846 2326 1055 2370 praedictam,
1072 2327 1130 2360 sub
1145 2326 1214 2371 qui-

474 2381 674 2425 buscumque
685 2380 856 2414 verborum
869 2379 1035 2414 tenoribus
1045 2386 1076 2414 et
1089 2380 1211 2422 formis,

476 2446 512 2469 ac
533 2444 605 2469 eum
632 2434 797 2479 quibusvis
822 2433 972 2468 clausulis
997 2440 1027 2468 et
1052 2434 1212 2475 decretis,

476 2486 571 2520 etiam
593 2491 684 2519 motu
707 2484 814 2526 simili,
835 2490 867 2518 et
894 2495 930 2518 ex
959 2486 1044 2519 certa
1068 2484 1212 2526 scientia,

476 2550 513 2574 ac
532 2540 572 2574 de
588 2539 784 2584 apostolicae
805 2538 979 2583 potentatis
999 2538 1212 2582 plenitudine,

477 2593 572 2628 etiam
598 2593 705 2627 forsan
735 2592 1025 2633 consistorialiter,
1056 2597 1111 2626 aut
1138 2591 1215 2626 alias

477 2646 733 2690 quomodolibet,
760 2645 793 2678 in
817 2655 936 2688 genere
959 2645 1007 2678 vel
1032 2645 1064 2678 in
1088 2645 1213 2688 speeie,

478 2699 648 2742 concessis,
673 2709 709 2733 ac
736 2698 831 2733 etiam
861 2698 983 2732 iteratis
1008 2698 1129 2732 vIcibus
1153 2708 1212 2743 ap-

1032 303 1213 327 nt'LmnttYM
1238 302 1390 327 ROMANUI

1232 351 1374 394 probatis
1388 355 1415 383 et
1435 350 1603 384 innovatis.
1627 351 1747 390 Quibus
1772 352 1922 386 omnibus
1939 358 1970 386 et

1232 403 1388 446 singulis,
1412 403 1537 436 etiamsi
1561 414 1621 447 pro
1646 403 1775 437 illorum
1801 404 1968 439 sufficienti

1233 456 1443 499 derogatione
1463 456 1502 489 de
1516 456 1578 489 illis
1594 467 1772 501 eorumque
1791 457 1863 491 totis
1883 463 1971 492 teno-

1234 509 1321 542 ribus
1341 508 1499 553 specialis,
1519 509 1681 553 specifica,
1708 520 1857 554 expressa
1873 516 1906 544 et
1925 510 1972 544 in-

1233 561 1384 602 dividua,
1408 572 1445 595 ac
1476 562 1515 595 de
1543 562 1641 596 verbo
1671 563 1711 596 ad
1736 563 1881 605 verbum,
1908 573 1973 597 non

1234 620 1340 647 autem
1362 625 1420 658 per
1439 615 1599 648 clausulas
1619 616 1786 658 generales
1803 615 1889 649 idem
1914 615 1974 649 irn-

1235 673 1409 711 portantes,
1427 667 1547 701 mentio
1560 679 1616 701 seu
1630 668 1760 712 quaevis
1773 668 1834 702 alia
1847 679 1975 713 expres-

1234 720 1281 753 sio
1306 720 1476 760 habenda,
1504 726 1559 753 aut
1587 720 1696 765 aliqua
1724 720 1787 754 alia
1818 720 1975 765 exquisita

1236 774 1339 807 forma
1360 774 1400 806 ad
1421 773 1482 807 hoc
1502 773 1658 807 servanda
1686 774 1789 816 soret,
1810 773 1872 807 illis
1896 773 1975 808 alias

1236 826 1266 859 in
1284 837 1342 860 suo
1355 826 1474 860 robore
1483 826 1714 870 permansuris,
1728 826 1789 860 hae
1801 826 1869 861 vice
1882 826 1975 860 dum-

1237 884 1321 913 taxat
1345 879 1529 923 specialiter
1549 885 1580 912 et
1599 889 1748 923 expresse
1768 879 1972 922 derogamus,

1236 943 1272 965 ac
1292 932 1412 965 nemini
1427 932 1458 965 in
1475 931 1710 976 praeiudicium
1723 932 1975 976 praemissorum

1236 985 1406 1028 suffragari
1427 995 1521 1030 posse
1541 991 1595 1019 aut
1619 985 1738 1019 debere
1758 985 1973 1020 decernimus:

1237 1048 1362 1072 necnon
1401 1038 1552 1072 omnihus
1589 1038 1651 1072 illis
1666 1066 1673 1080 ,
1703 1049 1787 1082 quae
1819 1037 1924 1072 Sixtus
1947 1043 1979 1072 et

1237 1092 1382 1125 Clemens
1402 1092 1669 1136 praedecessores
1692 1091 1848 1136 praedicti
1872 1091 1905 1125 in
1929 1091 1978 1125 di-

1238 1144 1295 1178 ctis
1323 1145 1389 1178 suis
1414 1145 1528 1179 litteris
1554 1145 1725 1179 voluerunt
1741 1155 1807 1179 non
1835 1145 1976 1187 obstare,

1238 1198 1409 1231 contrariis
1422 1198 1692 1243 quibuscumque,
1703 1203 1757 1232 aut
1766 1197 1791 1231 si
1806 1197 1979 1243 aliquibus,

1238 1251 1456 1285 communiter
1471 1252 1518 1285 vel
1540 1251 1677 1293 divisim,
1701 1263 1719 1285 a
1738 1251 1822 1286 dieta
1841 1251 1882 1285 sit
1898 1251 1979 1285 Sede

1239 1304 1400 1338 indultum
1418 1306 1506 1349 quod
1524 1305 1684 1346 interdici,
1698 1304 1849 1349 suspendi
1864 1305 1910 1339 vel
1927 1315 1980 1339 ex-

1239 1358 1472 1393 communicari
1483 1369 1547 1392 non
1562 1359 1685 1403 possint
1699 1369 1756 1403 per
1769 1359 1890 1392 litteras
1903 1369 1980 1403 apo-

1239 1411 1367 1446 stolicas
1387 1423 1452 1446 non
1473 1413 1626 1447 facientes
1646 1413 1773 1457 plenam
1796 1418 1826 1446 et
1845 1423 1977 1457 expres-

1240 1476 1318 1509 sam,
1332 1467 1422 1500 aede
1446 1467 1542 1500 verbo
1563 1468 1603 1501 ad
1623 1467 1768 1508 verbum,
1792 1468 1831 1501 de
1855 1467 1980 1501 indulto

1240 1518 1426 1553 huiusmodi
1441 1520 1650 1553 mentionem.

1286 1573 1300 1616 ξ
1319 1572 1369 1606 10.
1386 1574 1423 1607 Et
1443 1573 1518 1618 quia
1538 1574 1668 1608 difficile
1692 1575 1774 1608 soret
1792 1580 1979 1619 praesentes

1242 1627 1362 1661 litteras
1380 1627 1580 1670 originaliter
1601 1629 1639 1661 ad
1666 1628 1775 1661 omnia
1801 1634 1832 1662 et
1854 1628 1981 1672 singula

1242 1681 1323 1721 loca,
1347 1681 1379 1714 in
1399 1681 1515 1725 quibus
1533 1692 1613 1725 opus
1633 1687 1725 1721 esset,
1745 1681 1873 1722 deferri,
1896 1682 1982 1716 volu-

1244 1744 1314 1767 rnus
1343 1739 1373 1767 et
1400 1734 1566 1778 praedicta
1589 1735 1780 1768 auctoritate
1805 1735 1984 1779 apostolica

1243 1787 1447 1822 decernimus
1464 1788 1550 1831 quod
1561 1789 1747 1822 earumdem
1768 1789 1983 1832 praesentium

1245 1840 1465 1884 transumptis,
1489 1840 1584 1873 etiam
1605 1841 1781 1884 impressis,
1805 1851 1903 1875 manu
1927 1841 1985 1875 ali-

1245 1894 1335 1928 cuius
1354 1894 1472 1927 notarii
1485 1893 1606 1937 publici
1620 1894 1820 1938 subscriptis,
1837 1901 1868 1928 et
1880 1894 1985 1938 sigillo

1245 1947 1380 1981 alicuius
1393 1957 1550 1991 personae
1563 1947 1595 1980 in
1607 1947 1761 1991 dignitate
1772 1948 1985 1982 ecclesiastica

1246 2003 1448 2041 constitutae,
1472 2005 1527 2034 aut
1544 2011 1641 2034 manu
1662 2001 1840 2045 superioris
1853 2011 1986 2044 genera-

1247 2055 1295 2095 lis,
1312 2060 1343 2088 et
1362 2053 1467 2097 sigillo
1481 2054 1624 2087 eiusdem
1645 2054 1907 2098 Congregationis
1920 2065 1987 2088 mu-

1246 2108 1341 2148 nitis,
1370 2108 1482 2141 eadem
1508 2118 1640 2151 prorsus
1667 2107 1747 2141 fides
1774 2107 1984 2149 adhibeatur,

1247 2172 1331 2206 quae
1355 2161 1566 2204 originalibus
1595 2161 1671 2205 ipsis
1702 2161 1933 2203 adhiberetur,
1959 2161 1986 2195 si

1247 2216 1351 2249 forent
1370 2214 1531 2248 exhibitae
1550 2215 1598 2248 vel
1619 2220 1774 2248 ostensae.

1292 2269 1376 2303 Nulli
1388 2278 1466 2312 ergo
1475 2267 1607 2302 omnino
1618 2267 1786 2302 hominum
1797 2266 1891 2302 liceat
1904 2268 1987 2303 hane

1248 2324 1411 2369 paginam,
1426 2327 1482 2356 etc.
1499 2322 1529 2356 Si
1550 2322 1622 2366 quis
1635 2326 1742 2355 autem
1754 2321 1816 2355 hoc
1830 2326 1986 2356 attentare

1249 2375 1524 2422 praesumpserit,
1548 2374 1804 2418 indignationem
1831 2374 1984 2420 omnipo-

1250 2429 1346 2464 tentis
1365 2429 1432 2470 Dei,
1453 2433 1509 2462 etc.

1293 2484 1408 2518 Datum
1428 2483 1548 2516 Romae
1568 2481 1653 2526 apud
1667 2487 1813 2515 sanctum
1827 2483 1984 2523 Marcum,

1249 2546 1335 2571 anno
1352 2535 1585 2570 lucarnationis
1606 2534 1792 2569 Dominicae
1815 2534 1988 2569 millesimo

1250 2588 1483 2624 sexcentesimo
1507 2594 1606 2629 sexto,
1629 2599 1648 2621 v
1668 2587 1738 2621 idus
1759 2587 1839 2630 iulii,
1859 2586 1989 2632 pontifi-

1251 2649 1338 2679 catus
1362 2643 1464 2678 nostri
1489 2652 1574 2677 anno
1595 2652 1628 2677 11.

1286 2705 1344 2734 Dat.
1365 2705 1408 2734 die
1430 2706 1458 2733 11
1480 2704 1539 2733 iulii
1557 2705 1645 2739 1606,
1667 2703 1761 2740 pontis.
1777 2711 1822 2732 an.
1839 2709 1866 2731 ιι.

2013 1582 2175 1614 Decet-nisque*
2190 1609 2192 1614 Ι

1995 1612 2131 1636 transumptis
2142 1634 2149 1640 f
2167 1614 2171 1617 *
2183 1633 2186 1640 v

1995 1643 2040 1658 runi
2063 1636 2131 1658 littera

1995 1665 2056 1690 plena
2064 1642 2186 1694 [illesam-i

1996 1691 2079 1712 beatur.

2034 2276 2118 2300 Sanctio
2123 2278 2176 2304 ⁵1⁷⁶·-
2182 2257 2188 2266 k
2192 2259 2199 2265 ¹⁷

1999 2305 2060 2327 nans.
2199 2307 2203 2326 ἵ
