2227 3241
232 319 280 347 An.
302 318 328 347 c.
354 318 421 348 1610
466 309 530 344 640

250 1266 362 1295 Derogatm
372 1270 419 1285 con·

237 1294 354 1313 uariorum.

430 365 600 399 visitandas
619 364 794 406 designent.
815 362 884 397 Non
904 361 1098 396 intendimus
1114 372 1165 395 au-

430 426 491 452 tem
517 429 574 462 per
598 423 781 462 praesentes
801 426 897 460 super
916 415 1021 460 aliqua
1041 414 1165 458 irregu-

430 472 565 511 laritate,
593 470 722 514 publica
744 470 790 502 vel
812 470 947 515 occulta,
971 470 1056 509 nota,
1081 468 1166 502 defe-

430 530 492 565 ctu,
511 522 720 567 incapacitate
737 532 792 555 seu
812 521 1020 562 inhabilitate,
1035 531 1166 565 quoquo

431 576 527 609 modo
545 577 719 615 contracta,
743 575 940 618 dispensare,
960 574 1007 607 vel
1026 573 1165 618 aliquam

430 629 611 662 facultatem
634 628 775 661 tribuere
796 627 1012 671 dispensandi,
1036 637 1091 660 seu
1112 626 1167 659 ha-

430 681 608 721 bilitandi¹‚
630 681 707 713 etin
731 680 901 724 pristinum
927 684 1042 713 statum
1070 679 1164 712 resti-

431 734 551 774 tuendi,
569 733 662 767 etiam
686 733 717 766 in
736 733 806 766 foro
824 732 1048 773 conscientiae;
1063 742 1168 776 neque

431 787 527 820 etiam
551 787 607 828 iis,
637 787 691 831 qui
717 797 735 820 a
759 786 851 820 nobis
877 793 907 820 et
931 797 949 819 a
973 786 1053 820 Sede
1078 786 1165 829 Apo-

431 840 540 873 stolica
563 841 610 873 vel
632 840 671 872 ab
698 839 805 883 aliquo
826 839 971 884 praelato
988 849 1044 872 seu
1065 838 1169 872 iudice

433 892 647 926 ecclesiastico
680 891 970 932 excommunicati,
999 890 1166 935 suspensi,

434 945 604 987 interdicti,
625 956 678 979 seu
700 945 778 978 alias
798 945 828 977 in
850 954 1001 978 censuras
1022 943 1169 977 incidisse

433 999 584 1032 declarati
609 999 656 1032 vel
683 998 810 1042 publice
832 997 1016 1031 denunciati
1038 996 1166 1038 fuerint,

433 1051 492 1084 ulsi
511 1051 591 1084 infra
607 1057 731 1096 tempus
749 1050 971 1085 celebrationis
984 1050 1169 1084 huiusmodi

434 1104 563 1138 jubilaei
589 1105 821 1146 satisfecerint,
849 1112 903 1138 aut.
928 1115 999 1138 cum
1026 1104 1171 1148 partibus

435 1158 783 1199 concordaverint,ullo
796 1158 892 1192 modo
903 1157 1069 1201 suffragari
1080 1168 1171 1202 posse

435 1217 490 1244 aut
509 1211 636 1245 debere.

480 1266 496 1307 ξ
519 1265 546 1297 7.
571 1265 639 1298 Non
666 1265 867 1299 obstantibus
892 1264 1172 1298 constitutionibus

436 1324 465 1352 et
486 1319 744 1353 ordinationibus
764 1319 958 1363 apostolicis,
982 1317 1171 1363 praesertim

436 1376 466 1408 in
493 1375 610 1419 quibus
636 1375 767 1408 facultas
792 1374 998 1415 absolvendi,
1023 1374 1053 1407 in
1079 1373 1173 1407 certis

437 1435 512 1462 tunc
532 1428 688 1472 expressis
709 1428 844 1469 casibus,
865 1428 906 1461 ita
926 1428 1071 1462 Romano
1091 1428 1173 1461 Pon-

436 1483 512 1517 tifici
537 1494 595 1527 pro
621 1489 767 1528 tempore
787 1482 930 1516 existenti
956 1481 1170 1523 1=eservatur²‚

436 1544 471 1571 ut
494 1548 552 1571 nec
578 1537 672 1571 etiam
694 1536 814 1570 similes
835 1537 881 1570 vel
904 1535 1073 1570 dissimiles
1093 1536 1174 1570 iubi-

437 1591 518 1632 laei,
543 1591 813 1633 indulgentiarum
839 1601 876 1624 ac
901 1591 1086 1623 facultatum
1113 1590 1172 1623 ltu-

438 1644 574 1678 iusmodi
608 1644 851 1684 concessiones,
880 1643 940 1676 nisi
966 1644 1004 1677 de
1029 1643 1091 1676 illis
1116 1654 1170 1676 ex<

436 1707 545 1742 pressa
583 1696 702 1730 mentio
736 1702 791 1730 aut
827 1696 973 1740 specialis
1007 1697 1174 1739 derogatio

438 1750 504 1791 siat,
526 1751 673 1794 cuiquam
693 1750 860 1792 suffragari
881 1755 1015 1793 queant,
1032 1759 1090 1782 nec
1111 1759 1175 1782 non

440 1804 549 1847 regula
577 1806 683 1837 nostru
715 1804 754 1837 de
783 1814 846 1836 non
879 1802 1092 1837 concedendis
1122 1802 1172 1835 in-

439 1858 611 1901 dulgentiis
636 1858 674 1891 ad
701 1857 816 1898 instar,
841 1862 869 1890 et
896 1867 1176 1900 quorumcumque

439 1912 593 1946 Ordinum
621 1916 652 1945 et
676 1910 968 1954 Congregatiouum
990 1910 1054 1943 sive
1078 1910 1170 1943 Insti-

441 1971 582 1998 tutorum
604 1964 821 2007 regularium,
846 1963 1038 2004 iuramento,
1060 1962 1176 1997 confir-

441 2018 580 2052 matione
605 2017 799 2062 apostolica,
820 2017 867 2050 vel
889 2016 1000 2060 quavis
1024 2016 1177 2050 firmitate

441 2071 501 2104 alia
531 2071 712 2111 roboratis,
747 2070 872 2104 statutis
906 2075 934 2103 et
965 2069 1173 2103 cousuetudi-

441 2125 555 2165 nibus‚
584 2124 757 2168 privilegiis
785 2133 937 2167 quoque,
965 2123 1118 2163 indultis,
1148 2127 1177 2156 et

442 2179 552 2213 litteris
578 2179 778 2223 apostolicis,
807 2178 924 2211 eisdem
950 2177 1122 2211 Ordinibus
1148 2182 1178 2210 et

441 2231 749 2275 Congregationibus
786 2237 880 2275 atque
912 2230 1063 2264 institutis
1093 2241 1174 2275 quo-

443 2286 619 2331 modolibet
639 2284 808 2325 concessis,
832 2284 1017 2329 approbatis
1037 2290 1068 2317 et
1088 2284 1179 2317 inno-

443 2341 536 2374 vatis:
553 2339 669 2384 quibus
687 2338 836 2373 omnibus
853 2344 883 2371 et
900 2338 1042 2381 singulis,
1055 2338 1178 2372 etiamsi

443 2393 564 2427 ‹ieittis
585 2403 763 2436 eorumque
785 2391 857 2425 totis
879 2391 1043 2426 tenoribus
1063 2391 1180 2436 specia-

443 2447 492 2488 lis,
513 2446 661 2491 specifica
679 2451 709 2478 et
726 2445 899 2485 individua,
917 2455 980 2478 uon
999 2451 1104 2478 autem
1123 2455 1181 2489 per

483 2546 489 2569 t
513 2544 554 2570 Sic
565 2543 710 2570 emendare
726 2542 889 2574 censuimus,
903 2550 949 2577 pro
965 2550 996 2569 eo
1012 2541 1082 2578 quod
1098 2542 1181 2569 habet

445 2587 508 2614 edit.
525 2587 603 2614 Main.
626 2595 694 2623 quae
714 2587 794 2621 legit:
812 2588 853 2613 vel
873 2587 1000 2621 aliquam
1015 2588 1178 2621 facultatem

446 2633 582 2666 tribuere,
599 2632 774 2666 dispensari,
789 2640 839 2658 seu
853 2631 1014 2665 habitum-i,
1032 2634 1058 2658 el
1074 2631 1104 2658 in
1119 2631 1181 2665 pri-

445 2676 553 2703 stinum
569 2679 674 2704 statum
692 2676 861 2704 restituendi
875 2677 912 2710 (u.
929 2677 977 2709 τ.).

482 2721 497 2746 2
517 2719 586 2748 Edit.
610 2721 691 2748 Main.
714 2721 777 2756 legit
794 2720 946 2749 reservatis
959 2721 995 2754 (n.
1014 2720 1061 2754 ιι).

1002 315 1098 341 nt'ttA
1104 314 1180 340 ntmt
1206 314 1358 341 noatANUM

1946 315 1996 345 An.
2013 316 2042 344 C.
2064 315 2132 346 ¹610

1198 362 1356 396 clausulas
1387 362 1553 405 generales
1582 362 1666 396 idem
1699 363 1931 407 importantes,

1199 415 1319 449 mentio
1344 421 1397 449 aut
1419 415 1579 460 expressio
1600 416 1747 450 habenda
1767 417 1814 450 vel
1836 427 1934 461 quae-

1199 468 1243 501 vis
1263 467 1324 500 alia
1345 468 1501 512 exquisita
1522 468 1626 502 forma
1643 468 1683 502 ad
1701 468 1762 502 hoc
1781 469 1936 504 servanda

1201 521 1299 561 foret,
1324 520 1451 554 illorum
1479 526 1606 554 tenores
1630 521 1851 565 praesentibus
1876 532 1934 566 pro

1200 572 1397 607 sufficienter
1420 573 1576 618 expressis
1601 584 1637 607 ac
1661 575 1796 607 formam
1824 584 1934 607 eorum

1201 625 1349 659 traditam
1375 636 1433 670 pro
1458 628 1582 660 servata
1603 626 1767 668 hahentes,
1792 626 1850 660 hac
1870 627 1937 661 vice

1201 679 1382 724 specialiter
1406 679 1596 725 nominatim
1619 685 1649 713 et
1670 690 1815 724 expresse
1835 679 1875 713 ad
1896 681 1938 714 ef-

1202 733 1316 778 fectum
1342 733 1560 778 praesentium
1586 733 1768 778 specialiter
1797 733 1934 776 deroga-

1186 797 1288 828 mus,
1316 787 1513 830 caeterisque
1539 787 1705 821 contrariis
1731 786 1938 832 quibuscum-

1202 851 1274 884 que.

1247 892 1310 936 ἓὸ.
1334 894 1373 928 Ut
1393 899 1499 927 autem
1525 899 1710 938 praesentes
1734 899 1863 928 nostrae
1886 893 1938 928 lit·
1989 910 2138 937 mammo.
2180 931 2182 934 ,

1204 952 1312 988 lewe>
1345 957 1426 991 quae
1459 947 1498 981 ad
1530 947 1656 990 singula
1685 947 1754 981 loca
1781 946 1939 981 dictorum
1953 943 1998 959 '¹¹¹¹'
2012 937 2071 958 ⁵³⁰⁵·

1204 1009 1376 1042 regnorum
1409 1005 1437 1033 et
1469 1000 1707 1044 provinciarum
1734 999 1851 1034 deferri
1875 1009 1940 1034 non

1203 1057 1359 1096 possunt,
1389 1052 1428 1086 ad
1453 1052 1597 1086 omnium
1625 1052 1882 1086 christifidelium
1908 1052 1940 1086 in

1205 1105 1324 1139 eisdem
1355 1105 1462 1148 regnis
1487 1111 1517 1138 et
1541 1105 1713 1150 provinciis
1738 1105 1939 1140 existentium

1205 1158 1351 1192 notitiam
1372 1158 1494 1192 facilius
1515 1158 1701 1192 deveniant:
1723 1159 1885 1200 volumus,
1908 1165 1943 1193 ut

1205 1211 1392 1246 earumdem
1417 1211 1634 1256 praesentium
1660 1212 1868 1256 transumptis
1893 1212 1941 1246 vel

1206 1264 1368 1308 exemplis,
1389 1264 1484 1298 etiam
1503 1264 1676 1309 impressis,
1697 1273 1792 1298 manu
1809 1264 1942 1299 alicuius

1206 1318 1321 1351 notarii
1343 1318 1464 1362 publici
1485 1318 1683 1362 subscriptis,
1701 1324 1731 1351 et
1751 1318 1855 1361 sigillo
1874 1329 1944 1362 per-

1206 1382 1303 1405 sonae
1330 1371 1360 1404 iu
1387 1371 1540 1414 dignitate
1574 1370 1787 1405 ecclesiastica
1819 1371 1940 1405 consti-

1207 1431 1293 1459 tutae
1319 1425 1462 1466 munitis,
1490 1426 1601 1459 eadem
1627 1435 1758 1469 prorsus
1783 1425 1862 1459 fides
1886 1417 1943 1458 ha-

1207 1479 1330 1520 beatur,
1348 1489 1430 1523 quae
1447 1479 1522 1523 ipsis
1538 1478 1740 1523 presentibus
1756 1478 1941 1519 haberetur,

1207 1533 1231 1566 si
1255 1533 1361 1566 forent
1381 1533 1540 1566 exhibitae
1561 1533 1608 1566 vel
1629 1539 1785 1566 ostensae.

1251 1587 1364 1620 Datum
1382 1587 1520 1628 Tusculi,
1541 1587 1599 1620 sub
1620 1587 1740 1620 annulo
1762 1585 1942 1626 Piscatoris‚

1208 1640 1258 1674 die
1276 1651 1333 1674 xnt
1351 1640 1491 1674 octobris
1508 1651 1603 1680 uncx,
1622 1639 1827 1684 pontificatus
1845 1638 1943 1673 nostri

1209 1704 1292 1727 anno
1314 1705 1353 1728 vi.

1245 1756 1301 1784 Dat.
1320 1756 1362 1784 die
1384 1756 1412 1784 13
1428 1756 1546 1784 octobris
1566 1756 1640 1788 tcto,
1659 1755 1751 1791 pontif.
1766 1764 1834 1783 anuo
1845 1762 1878 1782 Vt.

1519 1916 1629 1951 CLXll.

1212 2015 1421 2057 Confirmatio
1455 2014 1639 2047 litterarum
1666 2013 1837 2049 Clementis
1867 2013 1950 2048 VIII

1254 2078 1349 2112 super
1374 2067 1558 2101 reductione
1584 2068 1728 2110 fratrum
1756 2066 1857 2100 Tertii
1882 2065 1945 2101 Or-

1255 2121 1343 2154 dinis
1367 2121 1472 2154 scmctz'
1488 2120 1657 2154 Franciscz·
1673 2121 1768 2164 reym'
1787 2119 1948 2153 Franciae

1254 2175 1312 2207 sub
1337 2174 1513 2207 obedientia*
1537 2174 1686 2207 mz'nistri
1704 2173 1865 2218 qen-eralis
1882 2173 1948 2216 fra-

1257 2233 1343 2261 trum
1367 2228 1405 2260 de
1423 2227 1648 2268 observantia,
1668 2231 1696 2260 e!
1721 2227 1758 2260 cle
1782 2226 1874 2260 modo
1891 2226 1949 2260 eli-

1255 2282 1352 2325 flendi
1365 2281 1600 2325 provincialem
1609 2279 1627 2313 ¹.

1451 2397 1562 2424 Paulus
1584 2397 1662 2431 Papa
1676 2396 1707 2429 V,

1334 2451 1375 2479 Ad
1395 2455 1570 2487 perpetuam
1589 2450 1634 2478 rei
1654 2449 1835 2478 memoriam.

1258 2541 1342 2574 Alias
1363 2539 1462 2572 felicis
1478 2537 1709 2572 recordationis
1727 2537 1874 2572 Clemens
1893 2536 1949 2570 Pa·
1965 2553 2087 2607 mgffigg
2102 2550 2149 2600 {¹2¹¹
2202 2526 2220 2577 ,’

1214 2605 1252 2638 pa
1274 2593 1337 2627 Vlll
1363 2593 1591 2637 praedecessor
1611 2596 1728 2631 noster,
1748 2591 1857 2624 volens
1874 2601 1949 2634 pro·
1967 2610 2019 2628 [rum
2028 2605 2094 2628 Terin
2108 2604 2146 2626 0...

1250 2720 1259 2746 1
1281 2718 1317 2745 Ex
1331 2717 1437 2753 Regest.
1455 2717 1482 2744 in
1497 2715 1597 2744 Secret.
1615 2714 1694 2742 Brev.

1213 2657 1308 2691 spero
1340 2646 1432 2679 statui
1465 2651 1494 2679 et
1521 2644 1603 2678 felici
1635 2643 1782 2687 regimini
1816 2643 1949 2676 fratrum
1966 2631 2150 2686 {lffifidssessssffiss
2224 2679 2227 2684 Ι
