2227 3241
282 275 374 303 An.C.
401 275 466 304 1605

303 1454 462 1480 sturni-ariique

512 265 576 299 ⁶220

1062 271 1245 296 BULLARIUM
1265 271 1419 296 ROMANUM

478 329 583 357 sentes
600 321 834 356 committimus
855 325 886 354 et
907 320 1110 360 mandamus,
1134 330 1210 363 qua·
1253 319 1374 358 Quibus
1398 317 1549 351 omnibus
1575 322 1605 350 et
1625 317 1771 359 singulis,
1799 317 1924 351 etiamsi
1949 318 1988 352 de

480 383 571 410 tenus
592 375 652 419 ipsi
677 375 725 408 vel
751 374 826 415 duo,
855 378 910 407 aut
925 383 1008 406 unus
1029 383 1140 406 eorum
1162 383 1219 416 per
1254 372 1314 405 illis
1335 381 1514 414 eorumque
1536 370 1607 403 totis
1627 370 1793 404 tenoribus
1817 371 1963 415 specialis
1978 399 1985 413 ,

478 438 522 468 se,
546 427 593 460 vel
612 426 722 467 alium,
746 436 801 459 seu
817 425 907 467 alios,
924 430 1110 470 praesentes
1134 424 1217 457 litte·
1234 446 1236 475 ι
1253 425 1422 468 specifica,
1450 433 1598 468 expressa
1623 429 1654 457 et
1677 423 1861 465 individua,
1889 434 1926 458 ac
1950 424 1990 458 de

478 492 529 513 ras
559 486 588 513 et
612 480 643 512 in
661 479 706 514 eis
732 484 882 513 contenta
903 489 1139 522 quaecumque,
1163 478 1216 511 ubi
1234 478 1236 531 1
1253 479 1350 511 verbo
1364 478 1402 511 ad
1418 478 1562 518 verbum,
1585 487 1649 510 non
1667 482 1773 511 autem
1787 487 1845 521 per
1865 477 1991 511 clausu-

478 539 509 566 et
521 533 651 576 quando
663 543 744 577 opus
758 532 905 573 sue1·it,et
917 531 1043 576 quoties
1054 542 1113 575 pro
1127 537 1217 575 parte

479 586 555 619 dicti
582 587 721 630 Philippi
743 587 827 629 regis
847 591 878 620 et
902 596 962 630 pro
984 591 1129 630 tempore
1155 585 1219 618 exi-

478 640 590 673 stentis
611 640 894 681 administratoris,
915 650 951 674 ac
972 639 1109 673 aliorum
1127 648 1219 682 prae-

478 693 651 734 dictorum,
668 704 723 727 seu
744 693 878 727 alieuius
890 704 1012 734 eorum,
1033 692 1152 726 suerint
1171 703 1219 726 re-

478 747 598 790 quisiti,
622 746 810 780 solemniter
829 746 1041 790 publicantes,
1065 746 1174 790 eisque
1188 746 1217 778 in

478 800 660 843 praemissis
678 799 815 833 efficacis
841 799 1035 833 defensionis
1058 799 1219 843 praesidio

478 853 671 895 assistentes,
686 853 804 886 saciant
817 853 1009 887 auctoritate
1026 855 1135 887 nostra
1149 852 1219 885 illos

479 912 509 939 et
529 917 641 940 eorum
662 906 841 950 quemlibet
855 907 1043 940 eorumdem
1064 906 1219 951 praemis-

479 970 589 993 sorum
608 960 723 994 effectu
745 961 923 1005 respective
946 960 1079 1005 pacifice
1106 960 1167 993 frui
1190 965 1220 993 et

478 1014 632 1055 gaudere,
652 1011 717 1047 no‘n
738 1014 961 1058 permittentes
982 1025 1036 1047 eos
1050 1014 1188 1057 desuper
1202 1024 1219 1046 a

479 1078 644 1111 quoquam
655 1068 766 1111 quavis
775 1068 963 1101 auctoritate
974 1067 1219 1112 quomodolibet

480 1121 621 1154 indebite
648 1121 824 1155 molestari:
852 1120 1103 1155 contradictores
1124 1131 1219 1164 qnos-

480 1185 619 1218 cumque
637 1185 694 1218 per
712 1185 863 1208 censuras
884 1180 914 1207 et
931 1185 1052 1218 poenas
1070 1173 1220 1207 ecclesia-

479 1227 590 1268 sticas,
619 1227 746 1271 aliaque
771 1233 956 1271 opportuna
987 1227 1065 1260 iuris
1091 1233 1121 1260 et
1146 1228 1218 1260 sacti

480 1280 634 1322 remedia,
663 1280 880 1325 appellatione
905 1280 1102 1325 postposita,
1131 1291 1220 1314 com-

480 1335 654 1378 pescendo,
672 1335 820 1368 invocato
839 1335 935 1368 etiam
950 1335 989 1367 ad
1007 1334 1080 1375 hoc,
1101 1335 1125 1368 si
1140 1345 1220 1378 opus

481 1388 586 1429 suerit,
611 1388 729 1422 auxilio
750 1389 873 1422 brachii
900 1388 1083 1422 saecularis.

525 1443 541 1483 ξ
568 1441 614 1474 10.
644 1442 713 1475 Non
744 1441 946 1475 obstantibus
971 1441 1156 1485 praemissis
1185 1452 1221 1474 ac

482 1494 581 1528 felicis
601 1494 836 1528 reeordationis
854 1494 1005 1528 Bonitacii
1026 1495 1130 1538 Papae
1150 1495 1221 1535 Vlll,

459 1548 740 1591 praedecessoris
762 1548 875 1589 nostri,
897 1548 935 1582 de
957 1551 1075 1589 uninet
1096 1548 1127 1580 in
1146 1558 1222 1581 con-

480 1601 554 1635 eilio
568 1601 709 1644 generali
721 1601 805 1635 edita
820 1602 859 1635 de
874 1601 998 1634 duabus
1012 1601 1116 1642 dietis,
1130 1601 1222 1634 dum-

480 1655 579 1688 modo
600 1655 685 1688 ultra
699 1660 763 1689 tres
781 1655 882 1688 dietas
897 1655 1013 1698 aliquis
1031 1654 1222 1688 auctoritate

479 1708 702 1751 praesentium
729 1709 768 1742 ad
794 1708 949 1741 iudicium
972 1718 1037 1741 non
1064 1708 1218 1747 trahatur,

447 1779 449 1781 ·
479 1761 616 1805 aliisque
636 1762 833 1805 apostolicis,
855 1772 891 1795 ac
908 1762 939 1794 in
962 1762 1197 1795 universalibus
1214 1789 1219 1801 ,

480 1815 730 1858 provincialibus
744 1820 775 1848 et
792 1815 1000 1859 synodalibus
1014 1814 1147 1848 concilis
1157 1814 1223 1847 edi-

482 1867 530 1908 tis,
555 1868 758 1910 generalibus
783 1869 829 1902 vel
854 1868 1046 1912 specialibus
1068 1867 1223 1901 constitu-

482 1921 622 1955 tionibus
635 1922 930 1965 etordinationibus
944 1922 1138 1966 apostoliciS,
1151 1932 1224 1955 nec-

482 1985 548 2008 non
563 1975 750 2009 militiarum
761 1976 1014 2020 praedictarnm,
1031 1980 1061 2009 et
1075 1985 1224 2019 quarum-

481 2038 620 2072 cumque
645 2029 875 2070 ecclesiarum,
904 2029 999 2062 etiam
1028 2029 1220 2068 iuramento,

483 2081 731 2116 confirmatione
756 2083 945 2127 apostolica,
969 2083 1015 2116 vel
1038 2081 1147 2126 quavis
1168 2082 1223 2114 tir·
1259 2116 1261 2119 ,

485 2135 596 2169 mitate
615 2136 677 2169 alia
702 2137 875 2177 roboratis,
896 2136 1021 2169 statutis
1039 2142 1066 2169 et
1089 2146 1223 2169 consue-

486 2189 661 2230 tudinibus,
681 2189 857 2233 privilegiis
875 2199 1016 2234 quoque,
1041 2189 1172 2222 indultis
1194 2194 1221 2222 et

484 2242 597 2276 litteris
617 2242 802 2287 apostolicis
819 2243 924 2276 eidem
939 2242 1075 2285 collegio
1091 2243 1224 2287 eiusque

483 2296 618 2338 rectori,
645 2297 887 2339 collegialibus,
913 2297 1048 2340 aliisque
1078 2297 1223 2341 personis

483 2350 542 2382 sub
568 2350 829 2393 quibuscumque
856 2350 1022 2383 tenoribus
1047 2356 1077 2383 et
1103 2350 1223 2391 formis,

483 2413 519 2435 ac
540 2414 612 2436 cum
634 2402 800 2447 quibusvis
821 2402 916 2436 etiam
944 2403 1221 2445 derogatoriarum

484 2457 696 2499 derogatoriis
719 2484 726 2497 ,
759 2456 894 2500 aliisque
926 2456 1163 2490 efficacioribus
1195 2462 1221 2489 et

485 2509 619 2543 insolitis
637 2510 798 2551 clausulis,
820 2509 1085 2554 irritantibusque
1106 2515 1136 2543 et
1156 2510 1224 2543 aliis

485 2563 631 2604 decretis,
655 2563 687 2596 in
707 2573 825 2607 genere
845 2563 894 2596 vel
915 2563 947 2596 in
967 2563 1084 2607 specie,
1098 2573 1134 2596 ac
1148 2563 1225 2596 alias

487 2616 519 2649 in
537 2617 735 2650 contrarium
763 2617 1017 2662 praemissorum
1043 2616 1224 2661 quomodo-

487 2669 563 2703 libet
580 2671 749 2718 concessis,
764 2671 961 2706 contii-matis
979 2676 1007 2706 et
1023 2671 1219 2715 approbatis.

1254 532 1299 565 las
1319 531 1485 574 generales
1506 531 1590 564 idem
1609 530 1820 574 importantes
1835 558 1842 572 ,
1868 531 1990 565 mentio

1253 595 1308 618 seu
1334 584 1464 628 quaevis
1489 583 1550 617 alia
1570 584 1732 628 expressio
1760 583 1910 618 habenda
1936 590 1991 618 aut

1254 638 1362 682 aliqua
1386 638 1447 671 alia
1472 637 1629 681 exquisita
1654 638 1758 671 forma
1783 638 1822 671 ad
1842 637 1905 671 hoc
1923 648 1991 671 ser-

1254 692 1356 725 vanda
1379 692 1471 732 soret,
1494 697 1622 725 tenores
1635 691 1832 733 huiusmodi,
1849 701 1886 727 ao
1905 691 1931 725 si
1952 692 1992 725 de

1254 745 1351 779 verbo
1372 745 1412 778 ad
1432 746 1564 778 verbum
1585 741 1819 787 insererentur,
1841 755 1992 790 praesen-

1256 799 1339 833 tibus
1356 810 1415 843 pro
1430 799 1582 844 espressis
1603 799 1769 841 habentes,
1784 799 1846 833 illis
1863 799 1942 833 alias
1959 799 1992 832 in

1254 863 1311 886 suo
1332 853 1449 887 robore
1474 853 1706 897 permansuri&
1730 853 1790 886 hac
1813 853 1880 886 vice
1901 853 1994 887 dum·

1255 911 1338 939 taxat
1359 906 1472 939 harum
1492 906 1573 940 serie
1593 906 1774 950 specialiter
1794 912 1825 939 et
1845 916 1992 950 expresse

1254 960 1458 1003 derogamus,
1476 960 1644 994 contrariis
1657 960 1927 1004 quibuscumque,
1939 966 1994 994 aut

1254 1013 1279 1046 si
1300 1013 1473 1057 praedictis
1490 1014 1538 1047 vel
1559 1014 1724 1058 quibusvis
1744 1013 1825 1055 aliis,
1849 1024 1994 1047 commu-

1254 1066 1337 1099 niter
1358 1068 1405 1100 vel
1426 1067 1563 1107 divisim,
1584 1067 1623 1100 ab
1644 1067 1758 1101 eadem
1779 1067 1820 1101 sit
1839 1067 1920 1101 Sede
1946 1067 1994 1101 in-

1255 1120 1393 1160 dultum,
1414 1121 1500 1164 quod
1520 1120 1680 1162 interdici,
1704 1121 1857 1164 suspendi
1876 1121 1924 1154 vel
1941 1131 1994 1154 ex-

1255 1174 1487 1207 con'nnunicari
1503 1184 1566 1207 non
1579 1174 1701 1218 possint
1714 1185 1770 1218 per
1784 1174 1906 1208 litteras
1919 1184 1995 1218 apo-

1255 1227 1383 1260 stolicas
1406 1238 1470 1260 non
1492 1227 1644 1261 facientes
1664 1227 1791 1271 plenam
1811 1233 1842 1261 et
1860 1238 1990 1272 expres-

1255 1291 1337 1321 sam,
1363 1292 1398 1314 ac
1420 1281 1458 1314 (le
1479 1281 1577 1314 verbo
1598 1281 1636 1314 ad
1658 1281 1790 1314 verbum
1809 1281 1848 1315 de
1866 1281 1993 1315 indulto

1256 1333 1444 1367 huiusmodi
1466 1333 1675 1367 mentionem.

1298 1387 1412 1420 Datum
1443 1387 1563 1420 Romae
1592 1387 1678 1431 apud
1710 1388 1740 1421 S.
1769 1388 1910 1421 Marcum
1933 1387 1994 1421 sub

1256 1439 1375 1473 annulo
1392 1440 1563 1473 piscatoris
1581 1440 1631 1474 die
1651 1451 1729 1474 xxm
1749 1441 1875 1484 augusti
1895 1451 1990 1482 MDCV,

1257 1493 1462 1536 pontificatus
1482 1494 1584 1527 nostri
1606 1504 1690 1527 anno
1712 1493 1750 1527 1¹.

1293 1556 1348 1584 Dat.
1371 1557 1413 1584 die
1434 1557 1468 1584 ⁰23
1487 1557 1595 1593 augusti
1614 1558 1701 1592 1605,
1724 1558 1817 1594 pontif.
1833 1567 1877 1586 an.
1895 1565 1913 1586 1.

1578 1718 1671 1752 V1112.

1260 1814 1449 1848 Commissio
1467 1816 1586 1848 num-io
1606 1815 1780 1858 apostolico
1793 1815 1882 1859 apud
1900 1815 1996 1850 Polo-

1304 1868 1376 1901 πῖαρ
1399 1879 1507 1912 reqem
1531 1872 1567 1901 ut
1585 1879 1771 1912 processum
1791 1869 1937 1912 conficiat
1959 1869 1997 1902 in

1303 1931 1403 1953 miesco
1426 1925 1567 1954 vertente
1591 1922 1678 1954 inter
1700 1932 1808 1965 reyem
1832 1926 1862 1955 et
1884 1931 1998 1956 morza-

1302 1974 1376 2007 clzos
1385 1975 1578 2007 monasterii
1592 1974 1617 2008 T
1617 1974 1759 2008 inecensi
1762 1986 1776 2008 s
1784 1974 1919 2009 Ordinis
1926 1985 1998 2008 san-

1302 2028 1346 2059 cti
1370 2027 1538 2060 Benedicti
1561 2038 1658 2071 super
1678 2028 1804 2062 abbatis
1832 2028 1994 2068 electione,

1302 2084 1330 2113 et
1350 2080 1392 2113 ad
1413 2080 1567 2114 Sanctam
1585 2081 1698 2115 Sedent
1715 2081 1862 2115 remittat
1873 2081 1894 2114 ³.

1257 2161 1426 2188 Venerabili
1441 2162 1530 2189 fratri
1556 2161 1677 2189 claudio
1696 2161 1836 2196 episcopo
1856 2161 1997 2197 Bagienni

1293 2209 1396 2234 nostro
1413 2210 1444 2234 et
1460 2207 1642 2241 apostolicae
1658 2207 1742 2234 Sedis
1762 2207 1841 2241 apud
1857 2207 1998 2234 charissi-

1297 2279 1302 2303 l
1330 2278 1416 2305 Prima
1444 2278 1487 2304 die
1515 2277 1654 2313 sequentis
1683 2277 1844 2314 septembris
1863 2277 1908 2304 hic
1926 2277 1998 2306 idem

1259 2322 1381 2349 Pontifex
1403 2322 1544 2357 privilegia
1563 2323 1653 2350 onmia
1673 2331 1687 2350 a
1707 2324 1762 2350 suis
1781 2322 1998 2350 antecessoribus

1257 2375 1387 2393 concessa
1395 2366 1520 2402 hospitali
1531 2367 1556 2394 S.
1572 2367 1678 2394 loannis
1694 2367 1928 2402 Hierosolymitani
1940 2370 1999 2394 rata

1259 2411 1353 2438 habuit
1379 2412 1427 2438 sud
1456 2411 1654 2439 Constitutione
1678 2411 1719 2438 cui
1745 2411 1850 2438 initium
1866 2412 1999 2440 Pastoris

1258 2457 1384 2489 aeterni,
1411 2459 1438 2483 et
1458 2464 1527 2492 quae
1547 2456 1598 2491 legi
1618 2459 1706 2491 potest
1725 2455 1751 2483 in
1772 2464 1885 2492 corpore
1910 2455 1998 2492 diplo-

1259 2501 1355 2527 matico
1375 2501 1460 2527 sancti
1481 2500 1560 2527 liuius
1576 2500 1701 2527 Militaris
1716 2500 1833 2527 Ordinis.

1292 2545 1308 2571 2
1325 2544 1398 2571 llanc
1414 2545 1533 2577 constit„
1550 2552 1619 2581 quae
1634 2545 1661 2571 in
1677 2544 1742 2572 edit.
1758 2544 1837 2572 Main.
1855 2553 1882 2571 ix
1906 2552 1999 2573 nume-

1259 2593 1344 2624 ratur,
1361 2597 1410 2616 nos
1424 2589 1484 2616 Vlll
1495 2589 1679 2623 inscribimus,
1692 2589 1765 2625 quia,
1791 2597 1860 2625 quae
1871 2595 1916 2616 vul
1929 2592 1996 2624 erat,

1257 2633 1363 2661 ratione
1383 2641 1442 2660 mox
1462 2633 1618 2669 aperienda,
1640 2633 1828 2669 postponimus
1847 2634 1884 2667 (n.
1900 2633 1948 2667 Τ.).

1294 2677 1310 2703 3
1330 2678 1366 2705 Ex
1384 2678 1490 2712 Regost.
1507 2678 1533 2704 in
1549 2677 1650 2705 Secret.
1668 2677 1746 2704 Brev.

2002 270 2054 299 An.
2065 269 2096 298 c.
2119 245 2219 316 teosii
