2227 3241
30 268 88 296 ’Am
103 267 134 296 C.
152 266 220 295 1606

49 491 144 522 clausula
157 497 221 518 prae-

36 521 149 542 servativa.

69 1080 166 1102 etausuta
185 1087 217 1102 su-

35 1107 94 1135 Mate,
108 1110 149 1130 etc.

70 1561 168 1584 etausuta
179 1563 219 1584 de-

34 1590 147 1615 tentoria.

75 2523 221 2552 'transumpto-

39 2550 85 2572 ῊΙΙι
98 2551 147 2574 nde·

873 266 994 290 PAULUS
1020 267 1038 290 V
1063 267 1113 290 1³1³.

234 315 311 349 dare
326 315 462 355 valeant,
486 314 675 348 auctoritate
697 319 727 347 et
748 321 858 348 tenore
878 325 973 357 prae-

234 367 338 408 dietis,
355 367 516 401 licentiam
531 374 560 402 et
573 368 757 402 facultatem
769 368 977 401 concedimus

235 426 265 454 et
282 421 498 464 indulgemus.

280 473 370 517 513.
400 475 614 508 Decernentes
646 481 831 519 praesentes
856 475 977 508 litteras

235 528 326 562 nullo
353 540 496 573 unquam
523 536 669 573 ternpore
694 530 732 562 de
757 528 977 574 subreptionis

234 582 282 615 vel
311 582 522 627 obreptionis,
546 589 600 616 aut
628 583 784 616 nullitatis
809 583 897 623 vitio,
921 593 977 615 seu

234 635 423 669 intentionis
443 642 573 670 nostrae
593 637 641 669 vel
667 636 729 669 alio
748 635 900 680 quopiam
922 636 977 669 de-

234 688 328 731 fectu⁷
349 689 461 733 quavis
486 689 525 722 de
550 692 645 723 causat
671 696 702 724 et
730 689 899 723 occasione
928 688 976 722 vel

231 748 409 787 praetextu,
434 744 541 777 notari
555 744 603 778 vel
618 744 814 788 impugnari,
832 744 973 786 infringi,

232 797 398 841 suspendi,
421 797 554 831 limitari
575 799 624 832 vel
649 798 828 839 retractari,
850 804 904 832 aut
927 809 977 831 re-

231 850 340 884 vocari
361 851 524 885 ullatenus
550 862 656 896 posse,
679 853 734 886 sed
752 863 881 897 semper
899 852 975 886 vali-

232 903 287 937 das
308 909 339 937 et
359 904 505 939 efficaces
527 906 672 948 existere,
697 917 838 950 suosque
863 907 975 950 plena-

230 957 296 992 rios
317 963 348 992 et
372 958 516 1003 integros
541 960 673 994 effeetus
697 961 806 994 sortiri
831 966 863 994 et
887 960 972 994 obti-

232 1023 321 1055 nere,

276 1069 293 1111 ἓ
308 1068 360 1102 14.
377 1069 494 1114 Sicque
505 1075 535 1103 et
550 1080 613 1103 non
629 1070 722 1103 aliter
734 1080 792 1114 per
803 1080 975 1114 quoscum-

232 1133 296 1166 que
306 1122 428 1157 iudices
442 1124 625 1158 ordinarios
639 1131 668 1158 et
683 1125 858 1167 delegatos,
880 1124 974 1157 etiam

231 1186 400 1209 causarum
412 1177 523 1210 Palatii
535 1178 708 1222 Apostolici
722 1178 884 1211 auditores
893 1178 978 1221 (sub-

231 1229 294 1263 lata
320 1230 365 1264 eis
390 1237 419 1264 et
445 1241 557 1265 eorum
589 1231 722 1265 cuilibet
747 1232 859 1275 quavis
885 1231 978 1264 aliter

231 1283 396 1317 iudicandi
411 1291 439 1318 et
459 1285 692 1329 interpretandi
708 1286 858 1318 facultate
877 1291 906 1318 ct
922 1297 977 1318 au-

233 1337 397 1381 ctoritate)
416 1338 551 1372 iudicari
579 1345 609 1372 et
629 1339 756 1372 definiri
784 1339 912 1380 debere,
941 1350 977 1372 ac

234 1390 360 1425 irritum
376 1398 406 1425 et
426 1393 521 1427 inane
539 1393 694 1437 quicquid
708 1405 798 1427 secus
815 1404 912 1437 super
929 1393 977 1425 his

233 1456 251 1479 a
271 1456 448 1490 quoquam,
472 1447 583 1491 quavis
607 1447 809 1487 auctoritate,
838 1447 978 1480 scienter

234 1500 280 1533 vel
302 1500 501 1543 ignoranter,
526 1501 698 1543 contigerit
716 1500 877 1533 attentari.

280 1556 295 1596 ξ
316 1553 369 1587 15.
392 1555 462 1589 Non
480 1555 682 1588 obstantibus
703 1554 815 1588 litteris
832 1554 976 1597 Gregorii

235 1614 267 1642 et
287 1607 459 1642 Clementis
483 1609 771 1653 praedecessorum
796 1609 977 1653 praedicto-

234 1672 306 1696 rum
332 1668 362 1696 et
387 1663 553 1707 quibusvis
578 1663 648 1696 aliis
673 1663 972 1707 prohibitionilius,

233 1726 359 1750 necnon
373 1716 656 1750 constitutionibus
668 1723 699 1750 et
717 1716 976 1750 ordinationibus
992 1726 994 1746 ὲ

992 1766 994 1798 J
1012 1767 1276 1810 C01igie‹··ationis
1294 1777 1351 1810 pet
1365 1766 1518 1800 dilectum
1534 1765 1629 1798 ctiam
1650 1765 1755 1798 filium

992 1821 1169 1854 'Isidorum
1203 1821 1378 1861 Venetum,
1408 1820 1539 1853 fratrem
1573 1825 1603 1852 et
1634 1829 1753 1863 procu-

232 1770 429 1814 apostolicis‚
453 1781 489 1804 ac
508 1770 583 1803 dicti
597 1770 730 1804 Ordinis
751 1776 780 1803 et
797 1770 976 1813 Congrega

233 1823 327 1857 tionis
344 1824 556 1865 Iesuatorum,
578 1824 671 1857 etiam
688 1824 881 1866 iuramento,
901 1835 977 1857 con-

231 1877 415 1912 firmatione
430 1879 618 1923 apostolica,
633 1879 681 1912 vel
700 1878 810 1922 quavis
824 1878 976 1912 firmitate

231 1931 293 1965 alia
307 1932 477 1973 roboratis,
490 1932 616 1966 statutis
629 1938 660 1966 et
676 1932 975 1973 consuctudinibus,

231 1985 407 2030 privilegiis
422 1997 565 2030 quoque,
584 1986 716 2020 indultis
730 1993 758 2020 et
773 1986 888 2020 litteris
903 1997 976 2031 apo·
993 2015 994 2023 ,

231 2041 352 2075 stolicis
366 2042 398 2075 in
416 2042 614 2075 contrarium
633 2041 884 2086 praemissorum
901 2053 977 2086 quo-

233 2094 411 2128 modolibet
437 2095 608 2136 concessis,
637 2095 838 2128 confirmatis
863 2102 892 2128 ct
919 2101 994 2138 :tp-t

992 2147 994 2186 ξ
1011 2156 1118 2178 sacros
1140 2144 1269 2178 ordines
1287 2149 1552 2188 promoveantur,
1570 2143 1623 2188 qui
1638 2143 1755 2186 grada-

231 2148 387 2192 probatis.
416 2148 538 2189 Quibus
571 2149 722 2182 omnibus
752 2155 782 2182 et
816 2149 972 2191 singulis,

233 2212 344 2236 eorum
362 2208 488 2236 tenores
508 2202 734 2246 praesentibus
747 2212 805 2246 pro
820 2202 976 2246 expressis
992 2218 994 2221 v

833 2255 892 2288 bac
907 2255 976 2288 vice
992 2284 994 2295 ἱ

233 2309 398 2343 dumtaxat
418 2315 449 2343 ct
477 2310 515 2343 ad
549 2309 696 2343 effectum
723 2304 993 2353 praemissorun‘i]

992 2360 1177 2394 *humiliter
1197 2360 1373 2404 supplitzari
1390 2361 1545 2399 lecerunt,
1563 2365 1596 2392 ut
1615 2359 1644 2391 in
1666 2368 1757 2402 piac-

233 2255 319 2289 etad
341 2256 475 2299 verbum
497 2255 626 2290 insertis
641 2256 807 2296 babentes,

233 2362 414 2407 specialiter
435 2370 465 2397 et
486 2374 634 2408 expresse
651 2374 687 2396 ac
709 2362 861 2396 latissime
880 2363 976 2396 doro-

234 2418 566 2462 gamus‚caeterisque
584 2417 755 2451 contrariis
772 2417 977 2460 quibuscum-

235 2480 308 2514 que.
938 2484 941 2487 ·

280 2523 366 2566 gio.
390 2525 544 2558 Volumus
569 2529 675 2558 autern
704 2530 737 2557 ut
758 2516 974 2567 praesentium
993 2557 994 2564 χ

239 2579 457 2623 transumptis,
481 2580 578 2613 etiarn
600 2578 776 2622 impressis,
799 2588 895 2610 manu
921 2578 995 2619 ali-¹

238 2630 328 2665 cuius
345 2632 460 2673 notarii
473 2631 594 2676 publici
612 2631 800 2675 subscriptis
821 2636 851 2663 et
873 2630 977 2673 sigillo

238 2684 371 2721 alicuius
384 2696 541 2730 personae
556 2686 584 2720 in
600 2686 754 2730 dignitate
764 2684 977 2718 ecclesiastica

993 1924 994 1928 ’
1013 1929 1117 1969 tionis,

1660 254 1725 288 0275
1772 265 1861 291 auc.
1885 264 1953 292 1606

994 314 1189 347 ‘contitutae
1211 314 1353 354 munitis,
1378 314 1490 347 eadem
1516 323 1648 357 prorsus
1673 313 1753 346 fides

1012 367 1204 400 adhibeatur
1218 367 1348 411 ubique,
1366 379 1448 411 quae
1466 368 1689 411 praesentibus
1702 367 1755 400 ad-

993 417 995 453 l
1012 420 1190 462 biberetur,
1203 422 1227 454 si
1246 422 1348 455 forent
1363 422 1522 456 exhibitae
1535 422 1583 456 vel
1597 427 1753 455 ostensae.

1056 474 1169 507 Datum
1183 475 1304 508 Romae
1318 476 1402 519 apud
1417 476 1446 509 S.
1465 476 1606 514 Petrum,
1627 475 1686 509 sub
1699 485 1755 507 an-

1013 527 1088 560 nulo
1111 528 1281 561 piscatoris
1295 529 1346 562 die
1363 539 1441 563 xvlu
1466 529 1621 562 februarii
1642 539 1753 571 nncvt,

1011 581 1218 625 pontificatus
1235 582 1336 616 nostri
1358 593 1442 617 anno
1464 593 1483 616 1.

1047 661 1105 688 Dat.
1123 661 1167 689 die
1187 664 1217 689 18
1232 662 1363 690 februarii
1382 663 1458 696 1606,
1477 663 1570 699 pontif.
1585 669 1680 690 annot.

1010 796 1168 840 Sequitur
1188 796 1367 831 declaratio
1390 799 1614 841 praeinsertae
1634 799 1753 832 consti-

1058 851 1195 885 tutionis
1208 850 1227 884 ¹,

1247 960 1357 987 Paulus
1377 959 1455 994 Papa
1474 961 1513 992 V,

1132 1015 1167 1041 ad
1187 1016 1361 1048 perpetuam
1381 1014 1426 1042 rei
1448 1013 1628 1042 memoriam.

1056 1121 1146 1155 Sedis
1167 1121 1369 1165 Apostolicae
1391 1121 1595 1165 providentia
1615 1121 1755 1154 circum·
1796 1135 1918 1156 Exordium.

1011 1182 1118 1219 specta
1132 1176 1328 1219 quandoque
1344 1175 1526 1217 religiosam
1551 1175 1646 1208 vitam
1662 1185 1756 1217 agen—

1014 1230 1097 1262 tibus
1119 1240 1155 1262 ea
1177 1229 1325 1263 concedit
1346 1234 1376 1262 et
1405 1229 1567 1271 indulget,
1594 1239 1675 1273 quae
1704 1239 1755 1261 re-

1012 1283 1177 1325 gutaribus
1201 1294 1313 1317 eorum
1347 1283 1498 1316 institutis
1528 1283 1622 1316 vetita
1650 1289 1751 1323 erant,

1011 1343 1108 1381 prout
1129 1344 1255 1371 maturo
1270 1337 1410 1381 desuper
1422 1337 1532 1370 babito
1554 1337 1688 1370 consilio
1703 1348 1757 1369 eo-

1012 1402 1081 1423 rum
1105 1391 1286 1424 animarum
1313 1391 1408 1424 saluti
1438 1397 1469 1424 et
1496 1390 1663 1433 religionis
1683 1401 1757 1434 pro-

1011 1445 1174 1488 pagationi
1196 1445 1228 1477 in
1248 1444 1385 1478 Domino
1407 1444 1527 1477 iudicat
1547 1444 1707 1487 expedire.

1058 1500 1073 1540 ξ
1096 1498 1125 1532 l
1147 1499 1229 1532 Sane
1251 1509 1323 1531 cum
1346 1498 1423 1531 alias
1441 1498 1554 1531 fratres
1574 1498 1660 1540 Cous
1664 1507 1717 1539 re
1716 1508 1755 1530 a·
1820 1510 1956 1531 Constitutio-

1013 1552 1119 1590 tionis
1140 1559 1199 1586 etc
1226 1551 1415 1597 (Omitti'lm
1435 1551 1610 1584 narraturi
1629 1561 1757 1595 piaece-
1771 1543 1817 1585 {¹512
1827 1544 1889 1585 {amu
1888 1538 1955 1584 ‘2¹1⁰‘

1011 1606 1116 1638 clentis
1137 1605 1282 1649 Bullae).

1057 1661 1072 1702 ξ
1094 1659 1124 1693 Q.
1146 1660 1221 1693 (um
1238 1665 1356 1699 autem
1377 1659 1460 1693 sicut
1477 1659 1583 1692 dilecti
1605 1658 1663 1691 filii
1684 1658 1756 1691 xisi-
1797 1672 1821 1692 Et
1837 1672 1862 1692 ad
1878 1672 1957 1698 smpit-

1013 1719 1130 1746 tatores
1145 1719 1174 1746 et
1188 1713 1242 1746 alii
1263 1713 1459 1756 superiores,
1477 1723 1512 1745 ac
1526 1713 1638 1745 nattes
1652 1712 1755 1745 dictae
1768 1702 1957 1753 “sinauomswn

1013 1880 1152 1908 ratorem
1179 1874 1363 1917 generalem
1397 1874 1541 1907 eiusdem
1567 1873 1754 1916 Congrega-

1142 1929 1236 1962 nobis
1253 1939 1356 1973 nuper
1379 1928 1495 1972 exponi
1518 1928 1674 1968 fecerunt,
1698 1938 1757 1971 pro

1016 1983 1112 2016 divini
1137 1983 1241 2017 cultus
1262 1983 1293 2015 in
1316 1983 1383 2027 ipsit
1404 1982 1659 2025 Congregatione
1680 1992 1758 2024 aug-

1013 2043 1120 2070 mento
1136 2036 1273 2069 maxime
1287 2036 1447 2079 expediat,
1462 2041 1496 2069 ut
1511 2036 1609 2079 aliqui
1621 2047 1658 2069 ex
1672 2035 1758 2068 illius

1012 2091 1164 2124 fratribus
1185 2091 1224 2124 ad
1245 2091 1498 2124 subdiaconatus
1520 2096 1552 2123 ct
1569 2090 1757 2123 diaconatus

1013 2198 1066 2231 tini
1090 2200 1120 2232 in
1143 2199 1250 2231 locum
1277 2198 1521 2231 demortuorum
1548 2197 1753 2241 presbytero-

1012 2263 1082 2286 rum
1104 2252 1211 2285 statim
1233 2251 1452 2285 sufficiantur:
1479 2251 1551 2284 idco
1577 2250 1756 2284 visitatores

1011 2312 1041 2339 ct.
1067 2306 1260 2350 superiores,
1284 2317 1320 2339 ac
1346 2306 1458 2338 fratres
1484 2304 1639 2349 praedicti
1665 2303 1757 2337 nobis

1012 2414 1115 2448 missis
1130 2414 1302 2475 proxnffleie
1315 2414 1352 2447 de
1366 2413 1460 2455 benis
1455 2413 1562 2445 nitate
1581 2411 1751 2456 apostolic:
1749 2424 1753 2443 t

992 2468 1062 2511 ittig
1062 2479 1086 2500 n
1091 2479 1230 2502 a··.icmnt

1057 2521 1117 2564 §13
1136 2522 1240 2563 Nosig
1240 2528 1309 2555 itur
1322 2521 1560 2565 praednttarnm
1576 2519 1752 2552 litterarum
1791 2530 1954 2551 {iiim-tutans

1050 2604 1057 2628 1
1082 2603 1230 2638 Sequentes
1254 2601 1452 2628 declarationes
1472 2600 1499 2626 in
1526 2599 1576 2626 boc
1600 2600 1658 2626 loco
1682 2600 1752 2625 rese.-

1012 2650 1107 2673 runtur
1122 2655 1175 2673 non
1192 2646 1296 2673 ratione
1314 2645 1453 2680 temporis,
1470 2652 1530 2671 nam
1548 2644 1682 2679 posterius
1697 2643 1752 2671 edi·

1014 2697 1053 2718 ta:-
1075 2692 1194 2723 suerunt,
1217 2691 1261 2717 sed
1284 2691 1388 2717 ratione
1410 2689 1538 2717 materiae
1557 2689 1595 2723 (n.
1620 2690 1666 2722 T.).
