2227 3241
47 260 95 286 An.
107 258 136 285 C.
159 258 229 285 1608

78 1960 224 1982 Praesentium

39 1986 164 2013 publicatio,

879 260 999 283 PAULvs

246 306 314 345 bus,
343 306 438 338 etiam
461 307 737 348 consistorialiter,
763 308 822 339 sub
848 307 982 351 quibus-

245 369 385 402 cumque
417 360 583 393 tenoribus
618 366 648 393 et
678 361 811 400 formis,
846 365 877 394 et
913 371 984 393 cum

244 412 411 455 quibusvis
432 412 528 445 etiam
548 413 827 455 derogatoriarum
851 414 986 456 deroga-

246 464 335 498 toriis
363 465 500 509 aliisque
531 465 768 499 efficacioribus
800 472 830 500 et
851 466 986 500 insolitis

244 518 406 560 clausulis,
421 519 698 563 irritantibusque,
711 525 741 553 et
755 520 824 553 aliis
839 520 986 559 decretis,

244 572 274 604 in
301 583 419 614 genere
447 573 495 606 vel
518 573 549 606 in
570 573 730 617 specie,et
749 574 826 607 alias
847 584 985 618 quomo—

243 627 365 661 dolibet
385 627 479 661 etiam
501 639 560 672 per
580 639 638 662 nos
663 629 832 670 concessis,
861 640 982 673 appro-

242 680 345 720 batis,
380 686 411 714 et
435 681 604 715 innovatis.
633 682 753 721 Quibus
778 682 929 715 omnibus
954 689 985 716 et

241 733 386 777 singulis,
415 734 539 768 etiamsi
568 746 626 779 pro
653 735 782 768 illorum
812 735 981 769 sufficienti

242 787 451 830 derogatione
477 788 516 821 de
541 788 603 821 illis
635 799 815 832 eorumque
842 789 913 821 totis
939 794 983 822 te-

241 840 376 873 noribus
400 841 558 884 specialis,
581 841 742 885 specifica,
763 841 928 875 individua
953 847 984 875 et

241 903 390 936 expressa
406 894 444 927 de
462 894 560 927 verbo
574 895 612 927 ad
633 895 776 935 verbum,
794 905 858 928 non
875 901 981 928 autem

242 956 301 989 per
321 946 482 980 clausulas
502 948 668 989 generales
694 948 779 980 idem
805 947 983 991 importan-

242 1004 308 1037 tes,
341 1000 462 1033 mentio
483 1011 539 1033 seu
568 1000 698 1044 quaevis
728 1001 791 1033 alia
820 1001 982 1044 expressio

240 1051 389 1086 habenda
413 1059 468 1086 aut
493 1053 601 1097 aliqua
623 1053 781 1097 exquisita
813 1054 917 1087 forma
942 1054 982 1087 ad

240 1105 302 1138 hoc
330 1106 488 1139 servanda
513 1106 614 1147 foret,
638 1112 766 1140 tenores
797 1106 981 1140 huiusmodi

240 1158 465 1202 praesentibus
479 1169 539 1203 pro
557 1159 754 1193 sufficienter
771 1160 928 1204 expressis
953 1167 983 1194 et

240 1213 279 1245 ad
303 1212 437 1246 verbum
464 1212 592 1246 insertis
617 1213 794 1254 habentes,
819 1213 881 1246 illis
906 1214 1000 1247 alias¹

240 1265 270 1298 in
286 1275 343 1298 suo
357 1266 475 1299 robore
489 1267 721 1310 permansuris,
736 1266 796 1300 hac
809 1267 876 1300 vice
890 1267 983 1300 dum-

241 1325 325 1353 taxat
345 1320 528 1364 specialiter
555 1326 586 1354 et
607 1331 753 1364 expresse
774 1322 978 1364 derogamus,

241 1380 271 1407 et
292 1374 490 1418 quibuslibet
514 1375 583 1409 aliis
609 1376 806 1419 privilegiis,
835 1378 978 1420 indultis,

241 1433 271 1461 et
293 1427 406 1461 litteris
420 1429 615 1472 apostolicis,
634 1431 839 1472 generalibus
850 1433 896 1465 vel
909 1443 981 1476 spe-

240 1482 398 1523 cialibus,
422 1493 704 1527 quorumcumque
732 1490 880 1518 tenorum
903 1487 981 1520 exis-

240 1541 317 1576 tant,
334 1546 391 1579 per
409 1546 491 1580 quae
504 1537 727 1580 praesentibus
751 1548 815 1571 non
834 1549 982 1583 expressa

239 1591 286 1623 vel
310 1590 449 1623 totaliter
477 1601 541 1624 non
570 1591 688 1624 inserta
713 1592 845 1626 effectus
870 1604 980 1627 earum

240 1644 392 1688 impediri
410 1645 512 1677 valeat
537 1646 784 1688 quomodolibet
802 1648 848 1680 vel
874 1648 981 1681 differ-

239 1698 277 1739 ri,
300 1698 340 1731 de
360 1697 477 1742 quibus
497 1709 701 1743 quorumque
719 1700 792 1734 totis
815 1702 981 1736 tenoribus
998 1711 999 1714 ’

239 1751 399 1795 specifica,
429 1751 608 1793 individua,
637 1758 668 1786 et
693 1764 852 1797 expressa,
880 1766 916 1789 ac
942 1757 999 1789 dc>

239 1805 337 1838 verbo
363 1806 402 1839 ad
429 1805 559 1838 verbum
586 1806 735 1841 habenda
754 1809 836 1841 'esset
861 1810 980 1843 mentio

239 1859 398 1903 specialis,
426 1859 626 1904 caeterisque
651 1862 820 1896 contrariis
842 1863 977 1906 quibus-

240 1923 390 1956 cumque.
996 1920 998 1933 '

284 1967 301 2008 g
321 1965 373 1999 10.
395 1967 434 2000 Ut
454 1973 560 2012 autem
576 1974 761 2011 praesentes
781 1974 911 2003 nostrae
930 1970 998 2003 lit-›

240 2022 325 2050 terae
345 2017 384 2050 ad
411 2018 555 2051 omnium
582 2019 729 2053 notitiam
756 2020 976 2062 deducantur,

238 2081 275 2104 ac
296 2081 418 2111 omnes,
439 2082 576 2116 quorum
596 2072 727 2106 interest
752 2079 807 2106 aut
827 2074 979 2108 interesse

238 2125 367 2168 poterit,
384 2126 535 2166 afficiant,
550 2137 609 2160 nec
627 2137 738 2160 earum
754 2128 876 2171 possint
894 2129 980 2171 igno-

239 2177 376 2210 rantiam
389 2177 549 2221 allegari¹‚
566 2180 714 2213 volumus
734 2185 765 2213 et
789 2182 979 2215 mandamus

239 2232 309 2265 illas
320 2232 348 2264 in
361 2232 808 2277 CancettariaeA1›ostolicae²‚
819 2240 849 2268 et
863 2235 893 2268 in
911 2236 979 2269 acie

238 2286 341 2330 campi
371 2287 483 2319 Florae
504 2286 601 2328 affigi,
626 2293 657 2319 et
682 2287 724 2320 ibi
751 2288 860 2321 relicta
886 2289 978 2333 copia

237 2339 425 2382 aliquandiu
450 2340 598 2379 detineri,
626 2340 748 2384 sicque,
769 2342 809 2374 ad
828 2341 976 2375 effectum
994 2349 995 2387 ζ

237 2392 422 2427 incurrendi
443 2403 556 2427 omnes
587 2399 618 2427 et
637 2394 779 2435 singutas
798 2405 919 2438 poenas
945 2396 976 2429 in

236 2457 274 2480 eo
292 2452 469 2487 contentas,
493 2447 627 2491 perinde
653 2458 689 2480 ac
714 2449 738 2480 si
765 2450 994 2492 personaliteri

236 2499 401 2533 intimatae
422 2500 565 2541 fuissent,
593 2511 705 2534 omnes
725 2502 864 2535 afficere.

272 2581 281 2606 1
307 2581 353 2607 Vel
375 2580 417 2607 liic
433 2581 492 2616 lege
507 2581 644 2616 atteqare,
662 2585 708 2608 aut
723 2582 802 2616 paulo
819 2586 898 2610 antea
910 2592 976 2618 pos-

235 2624 273 2652 sit
293 2625 464 2659 ignorantia
481 2626 518 2660 (n.
535 2626 584 2659 τ.).

272 2669 287 2696 2
304 2669 400 2704 Aptius
415 2670 466 2704 leg.
485 2670 510 2696 in
522 2670 708 2698 Cancettaria
720 2671 974 2707 Apostolicdtnxr.).

322 2722 400 2750 Bull.
420 2723 502 2752 Rom.
522 2739 556 2744 —
574 2724 632 2752 Vol.
653 2724 704 2752 XI.
883 2725 918 2753 60

1021 262 1039 283 v
1064 262 1112 284 pr.
1674 251 1739 284 473
1785 261 1876 287 Ans..
1902 260 1967 287 1608

1064 310 1080 348 ξ
1108 309 1158 341 ll.
1191 310 1344 343 Volumus
1380 310 1474 343 etiam
1490 338 1497 351 ,
1532 309 1619 354 quod
1653 320 1765 342 earum
1818 322 1880 342 ruas
1896 323 1966 343 danda

1021 362 1184 405 exemplis,
1207 363 1302 395 etlam
1325 363 1499 406 impressis,
1521 373 1557 396 ac
1573 362 1689 396 notarii
1707 373 1767 406 pu·
1782 351 1925 376 ²³²⁸⁵⁰¹n¹³¹'³'

1021 413 1094 447 blici
1118 416 1437 460 manusubscriptis,
1454 422 1484 450 et
1501 416 1636 450 alicuius
1657 427 1766 460 perso-

1019 477 1079 500 nae
1099 467 1131 500 in
1150 468 1306 510 dignitate
1333 469 1549 502 ecclesiastiea
1575 469 1766 502 constitutae

1019 521 1125 563 sigillo
1146 522 1288 564 signatis,
1311 523 1405 566 plena
1419 528 1449 556 et
1474 523 1654 557 indubitata
1674 523 1766 566 fides,

1021 584 1121 618 eaque
1141 585 1274 618 prorsus
1295 576 1489 609 adhibeatur
1519 576 1550 609 in
1584 576 1702 610 iudicio
1735 582 1767 610 et

1020 634 1120 668 extra,
1144 639 1226 672 quae
1251 629 1474 672 praesentibus
1495 629 1716 671 adhiberetur,
1738 630 1763 664 si

1019 681 1125 714 forent
1139 681 1310 722 exhibitae,
1334 682 1381 715 vel
1403 690 1559 716 ostensae.

1063 736 1079 777 ξ
1101 735 1152 768 102.
1170 735 1274 780 thue
1296 741 1359 769 tam
1381 735 1456 780 ipsis
1473 736 1607 770 notariis
1636 742 1666 770 et
1685 737 1763 770 scri-

1018 787 1180 828 bentibus,
1205 793 1362 832 quantum
1381 794 1492 832 petere
1512 789 1649 831 valeant,
1663 800 1759 834 quam

1018 841 1164 884 partibus
1195 842 1418 885 litigantibus,
1446 848 1601 886 quantum
1636 843 1761 877 solvere

1018 894 1167 936 debeant,
1184 894 1302 937 iugiter
1316 895 1505 936 innotescat,
1519 900 1553 929 ut
1572 895 1689 938 singuli
1703 906 1761 929 no-

1019 947 1088 980 tarii
1110 948 1265 991 praedicti
1287 948 1405 982 dictam
1428 954 1531 982 taxam
1546 949 1592 982 Pii
1614 949 1651 982 IV
1664 960 1760 993 prae-

1017 1000 1194 1034 decessoris
1209 1006 1239 1034 et
1255 1001 1338 1034 banc
1351 1007 1495 1034 nostram
1510 1002 1760 1035 declarationem

1017 1053 1206 1096 impressam
1235 1054 1371 1087 tabellae
1392 1055 1517 1087 affixam
1539 1055 1571 1087 in
1592 1065 1651 1088 suo
1671 1055 1760 1099 quis-

1017 1117 1079 1150 que
1099 1107 1205 1140 officio
1227 1107 1258 1140 in
1281 1108 1352 1141 loco
1373 1108 1516 1152 publico,
1540 1118 1604 1152 quo
1629 1108 1668 1141 ab
1689 1119 1760 1141 om-

1017 1159 1111 1193 nibus
1137 1160 1273 1204 inspici,
1302 1160 1363 1203 legi
1394 1166 1425 1194 et
1450 1161 1583 1204 intelligi
1609 1161 1756 1205 possint,

1019 1213 1152 1246 omnino
1173 1218 1312 1247 teneant.

1061 1266 1175 1299 Datum
1205 1267 1325 1300 Romae
1353 1268 1437 1311 apud
1468 1268 1497 1301 S.
1527 1268 1677 1309 Petrum,
1700 1269 1759 1302 sub

1017 1321 1137 1354 annulo
1163 1321 1334 1355 Piscatoris
1363 1322 1414 1355 die
1444 1315 1453 1356 i
1481 1323 1586 1356 martii
1617 1334 1760 1364 uncvnl,

1017 1376 1222 1419 pontificatus
1247 1377 1347 1410 nostri
1373 1388 1457 1410 anno
1479 1387 1523 1411 iu.

1054 1438 1110 1465 Dat.
1128 1438 1170 1465 die
1188 1440 1197 1465 1
1218 1440 1305 1466 martii
1321 1440 1399 1470 1608,
1416 1440 1508 1474 [τοηῑίΙῖ
1526 1449 1570 1467 an.
1588 1448 1623 1468 111.

1818 733 1875 754 ‘saxa
1888 734 1920 755 Pii
1937 735 1963 755 lV

1777 762 1799 780 et
1813 766 1914 786 praesens
1925 761 1963 780 de-

1777 787 1865 808 claratio
1882 788 1901 808 in
1918 788 1963 809 ofli-

1776 813 1814 835 ciis
1829 814 1928 835 tenenda.

1335 1600 1436 1634 xcix.

1018 1697 1108 1737 Quod
1127 1707 1256 1730 sacrum
1276 1709 1368 1742 opus,
1393 1699 1550 1741 agnusdei
1570 1700 1603 1732 in
1626 1701 1699 1733 certi
1714 1701 1758 1733 si-

1058 1751 1195 1794 ynstndi,
1208 1756 1236 1784 et
1247 1752 1387 1794 fractum
1399 1753 1589 1793 renovandi,
1604 1758 1758 1797 perpetuo

1059 1808 1174 1849 spectet
1187 1805 1229 1837 ad
1243 1806 1414 1838 monachos
1430 1805 1603 1839 dumtaxat
1622 1807 1758 1851 Conyre-

1058 1858 1201 1901 qatiom‘s
1232 1858 1340 1891 beatae
1369 1859 1497 1892 Martae
1527 1860 1696 1893 Fuliensz's
1721 1861 1758 1893 in

1063 1911 1144 1945 Urbe
1159 1912 1379 1946 Ct'stercz'ensis
1391 1912 1526 1946 Ordinis
1539 1914 1646 1947 sancti
1660 1914 1758 1948 Bene-

1059 1965 1149 1998 dicti.

1254 2047 1365 2074 Paulus
1386 2048 1465 2082 Papa
1484 2049 1516 2082 V,

1138 2102 1173 2128 ad
1194 2104 1370 2136 perpetuam
1390 2103 1434 2130 rei
1455 2103 1634 2130 memoriam.

1058 2182 1238 2215 Romanum
1261 2182 1353 2216 decet
1378 2183 1567 2217 Pontificem
1590 2184 1619 2217 in
1642 2195 1755 2229 suprc-
1797 2195 1938 2217 Prooemium.

1015 2245 1066 2268 mo
1087 2235 1176 2268 Sedis
1197 2236 1398 2279 Apostolicae
1419 2237 1499 2270 solio
1521 2237 1627 2284 div-ina
1649 2238 1755 2282 dispo-

1012 2289 1128 2322 sitione
1153 2290 1385 2331 constitutum,
1414 2291 1452 2323 ad
1479 2301 1515 2324 ea
1538 2301 1670 2324 munera
1686 2319 1693 2332 ,
1722 2292 1753 2325 in

1013 2343 1129 2386 quibus
1149 2354 1240 2376 sacra
1260 2350 1290 2377 et
1311 2350 1419 2377 sancta
1445 2355 1479 2377 ex
1503 2345 1679 2378 catholicae
1704 2356 1754 2379 re-

1013 2397 1139 2439 ligionis
1160 2397 1222 2430 ritu
1245 2398 1410 2431 tractanda
1431 2405 1515 2438 sunt,
1539 2399 1623 2432 viros
1644 2410 1680 2432 ex
1699 2400 1754 2433 de-

1012 2451 1095 2483 lectu
1108 2451 1262 2494 peculiari
1281 2453 1357 2484 cura
1379 2457 1408 2484 et
1425 2451 1642 2485 sollicitudine
1668 2463 1755 2486 assu-

992 2515 994 2524 *
1013 2515 1108 2545 mere,
1123 2505 1177 2548 qui
1193 2514 1295 2548 aeque
1309 2505 1389 2538 vitae
1405 2504 1596 2547 integritate,
1614 2506 1755 2548 ornatu¹,

1011 2569 1047 2591 ac
1067 2569 1124 2591 usu
1147 2564 1178 2591 et
1195 2558 1311 2602 peritia
1325 2558 1482 2601 praediti,
1508 2558 1539 2591 in
1566 2560 1754 2594 muneribus

1011 2611 1196 2645 huiusmodi
1222 2612 1297 2644 hinc
1323 2622 1394 2644 cum
1430 2611 1568 2645 utilitate
1604 2619 1633 2646 et
1669 2613 1750 2654 tide,

1048 2676 1055 2700 1
1077 2673 1182 2701 Mallem
1197 2674 1250 2708 legi
1267 2674 1436 2708 inmaritata
1452 2674 1550 2701 ornati
1561 2676 1600 2709 (n.
1617 2676 1663 2708 Τ.).
