2227 3241
25 284 71 312 An.
89 281 117 310 C.
138 280 204 309 1605

79 2258 205 2287 supplicatio

31 2283 106 2311 cyrinei
121 2288 142 2307 οΙ.
155 2286 206 2307 Has·

31 2311 119 2334 cimbalis
127 2318 164 2339 pro
171 2313 205 2334 de-

30 2339 133 2363 putatione
154 2339 206 2360 iudi·

31 2365 207 2413 famum?

124 2398 141 2413 ic
153 2398 189 2413 ico
200 2404 205 2408 -

32 2417 84 2443 tegit.

857 274 977 298 perrs

216 337 362 367 suorum,
379 336 415 359 ac
436 324 513 358 alias
535 324 629 358 certis
650 323 719 357 aliis
731 322 829 357 modo
850 327 880 356 et
894 323 958 355 sor-

217 382 267 414 ma
287 379 437 413 similiter
468 385 542 412 tunc
573 377 749 422 expressis,
783 375 959 421 apostolica

216 433 406 466 auctoritate
420 437 576 476 perpetuo
591 431 750 464 ereximus
770 435 801 463 et
820 428 958 462 institui-

216 497 309 527 mus,
330 486 441 530 illique
466 485 512 518 sic
543 489 650 518 erecto
675 489 706 516 et
731 483 875 516 instituto
899 492 959 526 pro

216 542 358 582 congrua
390 538 474 571 illius
508 539 582 571 dote
607 537 738 571 domum
764 547 819 570 seu
845 537 959 569 domos

216 592 424 632 huiusmodi,
457 602 492 624 ac
518 590 676 634 quaedam
708 591 779 624 loca
803 589 958 622 Montium

215 656 279 679 non
292 644 482 678 vacabilium
501 645 540 677 ad
553 655 626 677 eum
641 643 738 677 finem
761 649 792 677 et
809 643 958 676 effectum

216 707 281 734 tum
303 705 419 744 empta,
448 705 514 732 tum
541 699 722 741 resignata,
756 697 977 742 dispositionii

216 752 475 788 testamentariae
489 752 633 786 eiusdem
647 751 834 796 Hieronymi
853 751 958 785 cardi-

214 807 295 842 nalis
314 806 526 847 inhaerendo,
551 805 801 850 applicavimus,
833 815 955 849 appro-
975 845 977 850 ,

215 860 401 905 priavimus,
427 865 457 893 et
481 859 614 903 insuper
639 859 744 903 ipsum
771 858 976 905 collegium,¹

215 913 364 958 illiusque
384 919 554 954 rectorem,
578 913 786 957 professores,
808 913 954 952 lectores,
975 906 977 911 ’

214 972 453 1013 praeceptores,
477 966 652 1007 scholares,
681 965 877 1009 collegiales,
905 973 976 999 oe*

215 1031 380 1062 conomos,
395 1020 558 1062 officiales,
576 1020 738 1054 ministros
752 1025 954 1064 etpersonas,

214 1085 340 1110 necnon
358 1085 408 1109 res
423 1081 453 1109 et
470 1075 555 1108 bona
573 1085 798 1119 quaecumque
816 1075 855 1107 ab
870 1074 958 1108 omni
975 1080 976 1083 ’

215 1135 245 1163 et
265 1138 469 1173 quacumque
487 1127 591 1162 dictae
604 1128 699 1161 Urbis
717 1127 954 1170 gubernatoris,

215 1182 383 1223 senatoris,
408 1186 684 1222 conservatorum,
707 1188 954 1222 reservatorum,
974 1202 976 1218 i

215 1246 252 1269 ac
272 1235 304 1268 in
325 1235 437 1269 eadem
459 1235 544 1268 Urbe
570 1241 601 1268 et
626 1234 712 1268 illius
738 1234 886 1268 districtu
912 1234 976 1266 vi-'

216 1289 294 1323 carii
325 1289 426 1322 nostri
460 1289 490 1322 in
525 1288 746 1333 spiritualibus
776 1288 976 1331 generalis„

215 1353 341 1377 necnon
359 1342 467 1376 curiae
480 1353 650 1375 causarum
665 1342 817 1376 Gamerae
832 1348 958 1375 nostrae

215 1398 419 1442 Apostolicae
440 1396 598 1440 generalis
624 1396 799 1437 auditoris,
824 1396 976 1444 dilecto-¹

214 1461 285 1484 rum
306 1450 460 1491 filiorum,
479 1455 804 1494 etquorumeumque
830 1455 957 1482 nostro-
974 1445 976 1454 ⁴

216 1515 287 1538 rum
308 1510 339 1538 et
351 1504 441 1538 Sedis
457 1504 641 1548 praedictae
663 1504 702 1536 de
720 1504 819 1536 latere
836 1502 959 1546 legato·
975 1497 977 1506 '

216 1569 286 1592 rum
310 1564 342 1592 et
365 1558 625 1601 vicelegatorum,
652 1568 688 1590 ac
714 1557 900 1601 quarumvis
920 1567 955 1589 a-

216 1612 331 1646 liarum
354 1622 566 1656 personarum
589 1611 701 1655 quavis
723 1611 914 1644 auctoritate
930 1616 960 1644 et

217 1666 370 1709 dignitate
396 1666 491 1699 etiam
514 1665 728 1698 cardinalatus
750 1665 872 1698 bonore
899 1665 978 1718 sul-¹

215 1720 359 1764 gentium
382 1719 573 1760 visitatione,
591 1718 794 1752 correctione
815 1724 846 1752 et
868 1718 961 1752 iuris-

216 1773 354 1807 dictione
367 1778 523 1817 perpetuo
537 1773 725 1813 exemimus,
748 1783 784 1806 ac
802 1773 860 1805 sub
875 1772 959 1805 beati

216 1827 340 1861 Petriet
354 1827 457 1860 dictae
472 1826 562 1860 Sedis
583 1837 709 1859 necnon
724 1826 859 1859 Romani
878 1826 960 1859 Pon-

216 1880 311 1914 tificis
324 1891 383 1924 pro
404 1885 552 1924 tempore
575 1880 738 1914 existentis
759 1880 959 1924 protectione

217 1940 248 1968 et
265 1934 442 1968 inviolabili
469 1934 713 1968 conservatione
738 1934 956 1978 suscepimus,

216 1987 385 2032 eidemque
414 1987 486 2021 Sedi
524 1987 709 2021 immediate
741 1988 956 2029 subiecimus,

216 2047 310 2085 prout
333 2041 363 2074 in
389 2041 503 2074 litteris
524 2041 710 2084 apostolicis
735 2042 884 2085 desuper,
901 2042 959 2075 sub

217 2094 326 2128 datum
349 2094 495 2128 videlicet
508 2094 725 2128 sextodecimo
741 2094 892 2129 kalendas
906 2095 959 2128 de-

218 2149 355 2182 cembris
375 2148 581 2193 pontificatus
602 2149 701 2182 nostri
720 2159 804 2182 anno
823 2159 842 2191 1,
864 2160 959 2193 expe-

220 2202 293 2236 ditis
307 2202 433 2246 plenius
452 2202 646 2235 continetur.

264 2255 350 2298 325.
374 2255 452 2289 Cum
480 2261 608 2297 autem,
633 2255 713 2289 sicut
738 2256 831 2290 nobis
857 2267 961 2300 nuper

221 2309 334 2352 exponi
365 2309 508 2343 fecerunt
538 2309 686 2353 Cyriacus
723 2315 751 2342 et
781 2310 959 2343 Hasdrubal

221 2361 386 2404 praedicti,
408 2361 605 2406 experientia
627 2368 656 2395 et
680 2373 739 2395 usu
757 2369 959 2407 compertum

221 2415 259 2448 sit
279 2415 396 2449 similia
415 2417 562 2459 collegia,
587 2422 622 2449 ut
640 2416 829 2460 plurimum,
852 2407 979 2461 litigiis*

221 2474 251 2502 et
275 2470 499 2503 controversiis
516 2469 720 2503 iudicialibus
745 2471 898 2510 exerceri,
916 2477 957 2512 et,

222 2522 278 2556 nisi
309 2524 352 2557 eis
381 2525 534 2568 speciales
564 2524 685 2557 iudices
711 2525 956 2566 constituantur,

221 2576 336 2619 passim
359 2577 421 2611 buc
442 2584 472 2611 et
491 2578 566 2611 illuc
587 2588 695 2611 coram
712 2579 844 2611 diversis
860 2578 959 2611 tribu-

222 2629 346 2663 nalibus
367 2641 483 2673 magno
497 2641 609 2665 eorum
632 2632 838 2665 incommodo
853 2638 879 2665 et
896 2631 959 2665 dis-

222 2682 338 2727 pendio
360 2684 462 2726 trabi,
489 2685 687 2729 provideque
708 2685 747 2719 ad
765 2685 826 2719 boc
848 2685 958 2719 incon-

1002 275 1020 296 x·
1044 274 1094 299 pp,
1640 263 1704 298 2:39

992 321 1123 355 veniens
1145 332 1162 355 a
1182 322 1269 356 dicto
1285 322 1422 366 collegio
1440 322 1686 367 propellendum
1707 329 1737 356 et

994 376 1061 409 eius
1082 376 1378 420 opportunitatibus
1392 378 1452 411 hac
1470 377 1502 410 in
1514 383 1605 422 parte
1623 387 1738 411 consu-

994 430 1093 463 lentes
1107 429 1181 462 dicti
1196 437 1390 474 exponentes
1404 431 1581 475 plurimum
1607 430 1738 475 cupiant

993 483 1188 527 peculiarem
1212 483 1316 516 eidem
1343 484 1480 527 collegio
1506 484 1657 526 iudicem,
1678 495 1735 518 co-

995 546 1063 569 ram
1090 546 1154 580 quo
1183 536 1310 569 trahere
1342 543 1372 570 et
1402 537 1483 570 trahi
1508 538 1736 571 tantummodo

994 590 1128 635 possint,
1145 601 1204 634 per
1216 601 1274 624 nos
1288 597 1316 623 et
1329 590 1443 625 Sedem
1459 592 1627 635 praedicto
1640 593 1738 626 modo

995 650 1025 678 et
1043 644 1146 677 forma
1167 643 1380 688 infrascriptis
1405 645 1555 678 constitui
1582 651 1612 679 et
1637 646 1738 690 depu-

996 697 1067 738 tari;
1081 697 1174 731 nobis
1192 703 1364 741 propterca
1381 697 1548 732 humiliter
1561 699 1737 743 supplicari

994 752 1138 785 fecerunt
1159 758 1355 796 exponentes
1375 752 1552 796 praedicti,
1579 760 1737 798 quatenus

994 805 1025 838 in
1041 805 1225 849 praemissis
1243 811 1425 849 opportune
1440 806 1609 850 providere
1623 807 1661 840 de
1682 807 1737 840 be-

993 858 1150 902 nignitate
1171 859 1347 902 apostolica
1369 859 1587 902 dignaremur.

1040 915 1056 955 ξ
1077 911 1130 945 02ss.
1154 913 1217 946 Nos
1238 912 1337 956 igitur
1356 914 1536 947 testamenti
1559 925 1595 947 ac
1614 914 1736 949 littera-

994 977 1064 1000 rum
1081 966 1267 1000 huiusmodi
1281 972 1426 1000 tenorem
1440 968 1664 1012 praesentibus
1677 979 1737 1013 pro

994 1020 1149 1065 expressis
1170 1020 1335 1061 habentes,
1353 1020 1521 1066 dictosque
1542 1028 1738 1066 exponentes

994 1074 1140 1118 specialis
1154 1074 1275 1117 gratiae
1294 1075 1400 1108 favore
1417 1075 1569 1119 prosequi
1584 1076 1738 1118 volentes,

993 1139 1120 1161 necnon
1142 1138 1196 1161 eos
1221 1134 1250 1161 et
1276 1138 1389 1161 eorum
1417 1129 1594 1173 quemlibet
1623 1140 1641 1163 a
1666 1131 1738 1175 qui-

994 1182 1100 1215 busvis
1124 1182 1488 1225 excommunicationis,
1520 1184 1739 1228 suspensionis

994 1241 1024 1270 et
1047 1235 1222 1277 interdicti,
1253 1235 1388 1280 aliisque
1414 1237 1635 1271 ecclesiasticis
1660 1248 1735 1272 sen-

995 1289 1112 1330 tentiis,
1137 1289 1279 1322 censuris
1301 1295 1331 1322 et
1350 1290 1475 1333 poenis,
1497 1300 1514 1323 a
1533 1290 1602 1324 iure
1623 1292 1670 1324 vel
1683 1291 1738 1325 *ab

994 1343 1136 1383 bomine,
1161 1343 1271 1386 quavis
1290 1343 1459 1376 occasione
1477 1344 1524 1377 vel
1540 1347 1635 1378 causa
1653 1345 1735 1386 latis,

993 1396 1017 1429 si
1032 1396 1150 1440 quibus
1164 1396 1409 1440 quomodolibet
1429 1397 1572 1431 innodati
1587 1398 1736 1441 existunt,

994 1450 1033 1483 ad
1059 1449 1206 1483 effectum
1232 1450 1451 1493 praesentium
1472 1451 1632 1484 dumtaxat
1657 1463 1736 1485 con-

994 1503 1207 1547 sequendum,
1236 1504 1350 1537 barum
1378 1504 1459 1538 serie
1483 1505 1684 1539 absolventes
1710 1512 1740 1540 ct

994 1557 1158 1590 absolutos
1177 1557 1244 1590 sore
1263 1563 1439 1599 censentes,
1458 1558 1643 1592 huiusmodi
1665 1571 1740 1604 sup-

996 1611 1221 1654 plicationibus
1242 1611 1386 1645 inclinati
1406 1613 1608 1656 praedictum
1632 1619 1659 1647 et
1681 1624 1739 1658 pro

997 1670 1141 1709 tempore
1157 1665 1341 1699 existentem
1360 1666 1463 1700 dictae
1476 1667 1570 1700 Urbis
1584 1667 1739 1701 vicarium

996 1718 1026 1751 in
1048 1719 1231 1762 specialem,
1255 1725 1461 1764 perpetuum,
1493 1721 1738 1755 irrevocabilem

997 1772 1135 1806 iudicem
1168 1773 1314 1806 omnium
1338 1779 1366 1806 et
1392 1774 1592 1817 singularum
1615 1775 1736 1815 litium,

996 1836 1164 1859 causarum
1179 1832 1207 1859 et
1223 1827 1491 1869 differentiarum,
1508 1834 1572 1861 tan]
1595 1828 1738 1874 civilium

995 1890 1090 1924 quam
1119 1881 1369 1924 (praeterquam
1396 1891 1477 1924 quae
1503 1881 1599 1915 fidem
1626 1881 1738 1915 ortho-

996 1934 1109 1967 doxam
1124 1935 1337 1977 concernunt)
1353 1935 1569 1968 criminalium
1582 1942 1611 1969 ct
1626 1936 1739 1970 mixta-

995 1998 1078 2027 rum,
1103 1987 1197 2021 etiam
1218 1999 1341 2029 earum,
1359 1988 1389 2021 in
1411 1989 1528 2032 quibus
1550 1990 1738 2034 exequutive

995 2043 1027 2075 in
1052 2042 1114 2075 vim
1141 2042 1366 2085 obligationis,
1399 2043 1428 2075 in
1457 2043 1559 2076 forma
1586 2044 1738 2078 Gamerae

994 2096 1178 2141 praedictae
1201 2096 1375 2138 factae,agi
1396 2096 1578 2139 eontigerit,
1604 2103 1666 2130 tam
1690 2098 1737 2130 in-

997 2156 1043 2184 ter
1057 2150 1176 2183 dictum
1196 2150 1379 2192 collegium,
1402 2150 1552 2195 illiusque
1567 2157 1736 2194 rectorem,

995 2209 1234 2247 praeceptores,
1259 2203 1440 2245 magistros,
1464 2204 1639 2245 scholares,
1664 2205 1736 2237 osti-

996 2257 1102 2298 ciales,
1127 2257 1290 2291 ministros
1316 2263 1342 2291 et
1370 2257 1447 2291 alias
1468 2268 1622 2302 personas
1645 2269 1738 2302 quas-

996 2322 1135 2355 cumque
1171 2322 1257 2344 nunc
1298 2317 1329 2345 et
1364 2311 1458 2345 etiam
1496 2322 1555 2355 pro
1593 2317 1738 2356 tempore

996 2365 1187 2405 existentes,
1210 2376 1308 2409 quam
1331 2365 1414 2398 inter
1439 2366 1568 2398 cosdem
1591 2371 1621 2398 ct
1641 2366 1737 2398 studii

995 2419 1154 2461 generalis
1172 2419 1275 2452 dictae
1296 2419 1388 2452 Urbis
1410 2425 1581 2459 rectorem,
1597 2430 1631 2452 ac
1644 2430 1738 2463 quas-

996 2482 1134 2516 cumque
1156 2472 1233 2506 alias
1258 2482 1432 2516 personas,
1467 2478 1529 2505 tam
1556 2472 1737 2506 saeculares

995 2535 1091 2568 quam
1110 2525 1351 2566 ecclesiasticas,
1374 2525 1607 2569 cuiuscumque
1621 2531 1733 2565 status,

994 2579 1123 2619 gradus,
1149 2579 1283 2617 ordinis,
1306 2579 1470 2619 dignitatis
1492 2585 1520 2612 et
1543 2579 1736 2612 conditionis

993 2641 1030 2664 ac
1048 2632 1324 2675 praeeminentiae
1343 2631 1523 2669 existentes,
1547 2632 1736 2666 universita-

994 2690 1048 2729 tes,
1070 2685 1247 2727 societates,
1272 2685 1555 2728 congregationes,
1582 2685 1735 2729 collegia,

1750 274 1799 301 An.
1817 274 1845 302 C.
1869 274 1936 302 1605

1783 925 1897 955 Dteputatio
1909 931 1938 953 *1¹·

1751 956 1804 972 earu
1824 957 1894 977 papas
1918 957 1938 972 in

1752 978 1852 1002 iudicem,
