2227 3241
50 222 114 250 Ἀπι.
132 221 161 249 C.
182 220 251 249 1606

94 1675 221 1702 Ulisyppnno
230 1681 251 1696 e·

67 1705 126 1723 tacta
149 1703 251 1727 parochia

68 1731 89 1749 nt
102 1728 196 1755 hopttalo
211 1729 252 1750 lta·

904 218 1025 243 PAULUS
1050 220 1069 242 v
1092 220 1142 244 PP.
1686 208 1751 243 379
1797 217 1847 245 An.
1864 217 1892 245 C.
1916 217 1984 245 1606

263 268 358 312 plene
375 273 407 301 et
423 267 623 301 sufficienter
642 267 799 311 expressis
832 272 863 300 et
882 267 922 299 ad
940 277 1007 300 ver-

264 321 342 355 bum
363 321 491 355 insertis
510 321 676 361 habentes,
700 320 762 354 illis
787 320 866 354 alias
891 320 923 352 in
949 329 1008 353 suo

263 375 381 409 robore
405 374 634 419 permansum,
658 373 718 407 hac
745 373 812 415 vice
843 373 1009 406 dumtaxat

262 428 447 472 specialiter
466 434 497 462 et
516 437 663 471 expresse
680 427 884 470 derogamus,
906 432 1010 459 caete-

263 482 373 526 risque
393 481 566 515 contrariis
585 481 855 525 quibuscumque.

306 535 421 568 Datum
446 534 568 567 Romae
594 534 679 577 apud
706 539 850 567 sanctam
876 533 1006 566 Mariam

263 587 416 622 Maiorem
441 587 500 621 sub
525 587 646 621 annulo
670 586 841 620 Piscatoris
872 586 923 619 die
952 596 1007 620 vni

263 640 331 674 iulii
349 650 456 675 rtncxv
469 667 476 681 ‚
503 640 710 684 pontificatus
730 639 831 673 nostri
856 649 941 673 anno
962 650 1004 673 xi.

298 702 359 744 Dat.
376 701 420 730 die
438 702 456 730 8
470 702 526 730 iulii
544 702 622 737 1615,
639 702 732 739 pontif.
749 710 792 730 an.
810 710 845 729 xi.

589 889 678 924 va.

266 1015 430 1050 Concessio
451 1014 494 1049 ad
510 1014 603 1049 Sedis
623 1014 830 1058 Apostolicsie
851 1014 1024 1057 hempta-t

308 1069 410 1102 citum
426 1069 717 1102 emolumentorum
736 1079 774 1101 esc
791 1068 1006 1112 dispensatio·
1022 1060 1024 1092 ἶ

307 1122 407 1154 uibus
419 1121 721 1155 matrimonialibus
734 1122 1006 1165 prorem'rntiztm,
1023 1118 1025 1151 ff

307 1174 351 1207 ad
369 1185 532 1209 summam
559 1175 814 1219 quinqeutorum
841 1180 1008 1208 scutorum

307 1237 495 1260 annuorum
515 1227 772 1268 ascendentium,
788 1239 846 1271 pro
871 1229 1007 1260 ‚subven-
1024 1231 1025 1235 ’

309 1282 394 1314 tione
415 1281 589 1325 hospitalis
601 1291 783 1325 pauperum
799 1282 1005 1323 infirmiorum
1024 1278 1026 1292 ³

308 1337 336 1366 et
358 1335 607 1377 pereyrt'norum
628 1334 789 1368 Italorum
819 1334 1009 1377 Ulyoebonae

308 1388 584 1421 commorantium
596 1387 616 1420 ¹.

511 1503 622 1530 Paulus
639 1503 716 1537 Papa
732 1504 764 1535 V,

409 1558 446 1585 ad
466 1557 598 1585 futuram
618 1557 664 1585 rei
683 1557 866 1585 memoriam.

311 1656 406 1698 Alias,
429 1657 509 1691 sicut
528 1657 722 1701 accepimus,
741 1657 840 1690 felicis
860 1657 1009 1691 recorda-

267 1711 363 1745 tionis
377 1710 534 1745 Clementi
556 1711 660 1754 Papae
685 1710 749 1743 Vlll
768 1711 1008 1754 praedecessori

266 1769 377 1797 nostro
398 1763 604 1807 (venerabilis
628 1762 734 1796 fratris
757 1763 845 1796 Fabii
866 1763 1006 1807 patriar-

267 1817 346 1851 chae
357 1816 653 1861 Hierosolymitani‚
665 1821 740 1849 tunc
752 1816 782 1848 in
794 1816 1009 1858 portugalliae

266 1877 298 1904 et
318 1870 543 1913 Alganbiorum
571 1869 677 1912 regnis
704 1869 882 1913 spoliorum
906 1875 932 1902 et
956 1869 1007 1902 iu-

266 1924 352 1957 rium
366 1924 519 1958 Gamerae
532 1922 734 1967 Apostolicae
752 1922 934 1956 debitorum
949 1923 1011 1956 col-
1026 1921 1028 1933 ¹

267 1977 395 2012 lectoris
407 1983 437 2011 et
453 1976 618 2019 vicelegati
632 1976 810 2020 apostolici⁷
821 1987 857 2009 ac
870 1976 1010 2010 nationis
1026 1998 1028 2023 t

266 2029 394 2064 Italicae
409 2030 441 2063 in
453 2030 579 2063 civitate
597 2029 803 2063 Ulixbonensi
822 2030 1008 2072 degentium

266 2084 468 2127 nominibus)
483 2083 637 2127 exposito,
651 2083 736 2126 quod
750 2083 871 2116 dudum
888 2084 1011 2126 impen-

267 2137 309 2171 sis
329 2137 428 2181 ipsius
449 2136 587 2170 nationis
605 2137 635 2169 in
652 2136 717 2180 ipsa
731 2136 857 2170 civitate
878 2137 1010 2170 ccclesia

267 2190 327 2223 sub
345 2190 546 2223 invocatione
560 2190 672 2223 beatae
689 2189 806 2222 Mariae
821 2190 859 2223 de
874 2190 1010 2223 Laureto

267 2253 286 2276 a
307 2243 524 2277 fundamentis
551 2243 704 2276 fabricata
737 2243 880 2275 extiterat
899 2270 905 2283 ‚
928 2248 957 2276 et
979 2243 1010 2275 in

268 2297 336 2341 ipsa
357 2296 513 2336 ecclesia,
537 2297 627 2330 cuius
653 2296 775 2329 fabrica
800 2296 889 2328 valdo.
918 2306 1008 2329 sum-

267 2355 383 2395 ptuosa
411 2356 477 2390 est,
505 2349 612 2383 divina
637 2349 742 2383 officia
774 2350 924 2382 decenter
955 2360 1012 2393 per

268 2403 444 2446 Religiosos
459 2403 577 2437 ibidem
591 2403 742 2445 degentes
757 2408 787 2435 et
801 2402 914 2435 missac
932 2413 1012 2446 quo-

269 2456 346 2490 tidie
377 2457 626 2491 celebrabantur
640 2483 647 2496 ,
679 2462 709 2489 et
743 2456 856 2489 diebus
894 2455 1012 2489 festivis

268 2509 405 2544 solemni
426 2510 490 2544 ritu
511 2510 688 2551 decantari,
709 2515 741 2543 et
757 2509 843 2543 verbi
862 2509 916 2542 Dei
936 2519 1011 2542 con-

309 2627 319 2653 1
338 2625 375 2654 Ex
388 2625 495 2662 Regett.
513 2627 540 2654 in
555 2626 656 2654 secret.
675 2626 755 2654 Brev.

1041 267 1149 300 ciones
1165 267 1278 300 haberi
1302 267 1469 307 solebant;
1493 272 1661 310 praeterea
1679 267 1712 300 in
1731 269 1784 299 ea-

1042 320 1113 353 dem
1134 321 1269 354 ecclesia
1289 321 1469 354 animarum
1493 331 1571 354 cura
1595 320 1690 353 unius
1709 321 1785 354 satis

1042 374 1168 416 amplae
1188 373 1361 417 parochiae
1386 385 1443 417 per
1468 374 1601 407 idoneos
1626 374 1785 417 parochos

1042 427 1262 467 exercebatur,
1283 438 1385 470 eaque
1406 438 1482 460 cura
1504 428 1625 460 dudum
1646 427 1704 471 ipsi
1727 438 1782 461 ec-

1042 479 1158 512 clesiae
1178 481 1299 524 absque
1317 481 1425 524 aliquo
1443 482 1663 514 emolumento
1684 480 1711 514 a'
1730 492 1786 514 na-

1042 532 1137 565 tionis
1150 533 1278 566 Italicae
1290 534 1437 577 pcrsonis
1450 535 1610 578 applicata
1625 535 1738 574 fuerat,
1755 539 1786 567 et

1043 585 1085 618 ita
1105 596 1263 629 expensae
1289 597 1402 620 omnes
1427 593 1489 620 tam
1517 588 1556 620 ad
1581 598 1690 620 curam
1711 587 1782 619 ani-

1043 649 1170 672 marum
1200 650 1297 683 quam
1323 641 1362 673 ad
1388 640 1449 673 alia
1474 641 1654 673 necessaria
1682 640 1782 684 pcrti—

1041 698 1153 726 nentes
1170 703 1244 726 aere
1257 693 1501 737 particularium
1521 693 1624 727 dictae
1645 693 1785 726 nationis

1041 747 1170 788 collato,
1188 747 1309 791 absque
1327 748 1392 781 ulla
1412 758 1543 792 prorsus
1564 748 1781 792 parochiano-

1041 810 1113 833 rum
1135 801 1393 842 contributione,
1415 801 1536 835 fiebant
1551 813 1557 837 2

1085 855 1101 896 ξ
1117 853 1146 886 2.
1164 854 1200 887 Et
1214 854 1244 887 in
1260 855 1370 888 eadem
1387 855 1587 899 expositione
1600 855 1782 897 subiuncto‚
1820 868 1986 890 earttmaitsau-

1798 896 1890 916 atrianos
1927 897 1985 916 dicto

1040 908 1127 951 quod
1148 908 1235 949 (cum
1251 907 1262 925 ²
1280 908 1352 941 licet
1374 908 1497 941 dudum
1520 909 1667 941 homines
1688 919 1781 953 prae—
1798 922 1899 952 hospitati
1917 924 1985 949 appli-

1797 951 1830 968 cat
1848 953 1986 975 quingentum

1041 961 1145 994 dictae
1175 962 1315 995 nationis
1348 963 1433 1006 apud
1463 962 1580 995 dictam
1610 963 1866 996 ecclesiamamffl
1886 979 1945 1006 sonci
1963 982 1987 996 μ

1040 1025 1140 1047 unum
1155 1014 1314 1058 hospitale
1331 1026 1390 1059 pro
1410 1016 1545 1049 infirmis
1559 1022 1589 1049 et
1602 1017 1781 1060 peregrinis
1794 1001 1989 1051 2353}¹il2?.‘51'.i{'.¹1'1¹i?l¹?ss

1041 1067 1185 1101 eiusdem
1218 1068 1357 1101 nationis
1389 1074 1535 1101 extruere
1567 1069 1779 1111 cogitassent,

1041 1120 1264 1161 nihilominus,
1294 1132 1331 1154 eo
1357 1122 1444 1165 quia,
1465 1134 1482 1154 a
1504 1123 1668 1155 nonnullis
1693 1122 1784 1155 annis

1041 1174 1132 1214 citra,
1154 1175 1386 1208 commercium
1404 1175 1568 1208 lndiarum
1584 1175 1614 1208 in
1630 1175 1715 1209 dicto
1737 1186 1786 1208 re-

1041 1239 1104 1271 gno
1123 1229 1213 1261 valde
1236 1230 1407 1269 defecerat,
1425 1235 1455 1261 et.
1468 1229 1579 1262 eadem
1596 1231 1689 1262 causa
1703 1229 1786 1262 ltali-

1043 1293 1153 1315 corum
1174 1289 1390 1316 mercatorum
1414 1293 1569 1315 numerus
1584 1282 1783 1319 imminutus,

1044 1335 1168 1379 ipsique
1188 1342 1383 1369 mercatores
1405 1341 1609 1369 remanentes
1630 1335 1787 1368 facultati-

1025 1419 1026 1428 *
1044 1389 1101 1422 bus
1122 1389 1280 1421 extenuati
1303 1394 1403 1429 erant,
1424 1399 1505 1431 opus
1530 1388 1592 1421 hoc
1617 1388 1786 1422 differeba-

1045 1442 1139 1483 tur3)
1158 1442 1293 1475 dilectus
1313 1442 1398 1475 filius
1423 1442 1541 1475 nobilis
1565 1442 1612 1474 vir
1639 1442 1788 1475 Albertus

1042 1495 1198 1528 archidux
1211 1495 1357 1528 Austriae
1372 1501 1447 1528 tunc
1461 1495 1546 1528 tituli
1563 1501 1693 1528 sanctae
1708 1495 1788 1529 Cru-

1043 1548 1087 1581 cis
1108 1548 1140 1580 in
1161 1548 1361 1581 Hierusalem
1379 1548 1547 1592 presbyter
1567 1547 1741 1581 cardinalis
1759 1554 1787 1581 et

1043 1601 1133 1635 Sedis
1154 1601 1357 1645 Apostolicae
1371 1601 1403 1634 in
1418 1601 1503 1635 dicto
1521 1611 1621 1643 regno
1637 1602 1675 1634 de
1689 1601 1788 1634 latere

1043 1655 1166 1698 legatus
1180 1655 1344 1699 (precihus
1359 1662 1434 1689 tunc
1454 1655 1617 1689 existentis
1638 1655 1789 1688 collecto-

1044 1709 1087 1742 ris
1108 1709 1226 1742 iurium
1249 1715 1277 1743 et
1306 1709 1486 1753 spoliorum
1513 1708 1666 1743 Gamerae
1687 1719 1784 1753 prae-

1044 1763 1148 1796 dictae
1169 1764 1199 1796 in
1219 1763 1313 1796 dictis
1332 1764 1440 1805 regnis
1460 1763 1643 1796 debitorum
1672 1773 1709 1797 ac
1731 1774 1788 1796 na-

1045 1816 1140 1849 tionis
1160 1816 1346 1860 praedictae
1366 1816 1539 1858 adductus)
1561 1816 1734 1856 concessit,
1753 1822 1785 1848 ut

1044 1880 1080 1901 ex
1107 1869 1404 1913 dispensationibus
1433 1869 1726 1902 matrimonialibus
1755 1868 1786 1901 in

1045 1923 1111 1966 ipsa
1131 1923 1292 1965 legatione
1313 1923 1456 1967 expediri
1474 1923 1586 1962 solitis,
1604 1923 1688 1956 ultra
1700 1933 1788 1955 emo-

1046 1977 1187 2010 lumenta
1207 1976 1383 2017 ordinaria,
1405 1977 1476 2009 loco
1498 1986 1634 2020 operum
1651 1986 1786 2009 manua-

1046 2030 1122 2062 lium
1151 2029 1183 2062 in
1215 2029 1332 2073 quibus
1364 2029 1561 2072 quandoque
1588 2029 1785 2062 contrahen-

1046 2089 1091 2116 tes
1111 2083 1322 2116 condemnari
1346 2083 1504 2123 solebant,
1528 2082 1622 2115 alicui
1642 2082 1695 2126 pio
1717 2083 1787 2115 loro

1046 2136 1310 2179 praestandorum
1324 2163 1331 2175 ‚
1355 2135 1415 2179 ipsi
1433 2135 1659 2169 contrahentes
1680 2146 1789 2179 quam-

1045 2192 1117 2222 ‹latu
1147 2190 1383 2234 eleemosynam
1417 2191 1578 2223 solverent
1607 2189 1786 2229 (nimirum

1046 2253 1103 2285 pro
1117 2243 1410 2286 dispensationibus
1425 2242 1597 2276 ordinariis
1612 2243 1722 2275 decem
1738 2252 1787 2274 rc-

1045 2296 1138 2339 galia‚
1153 2302 1193 2338 cl,
1207 2297 1338 2340 quando
1350 2297 1381 2329 in
1394 2297 1512 2341 duplici
1528 2297 1629 2339 gradu
1645 2302 1788 2339 peteren-

1083 2406 1090 2429 t
1117 2403 1265 2439 Praeposit.
1283 2413 1299 2430 α
1317 2412 1364 2431 nos
1379 2403 1502 2430 addimus
1517 2405 1556 2435 (n.
1574 2404 1621 2437 T.).

1080 2448 1096 2474 ⁰2
1117 2447 1278 2475 Particulam
1298 2457 1364 2475 cum
1383 2456 1432 2475 nos
1447 2447 1601 2474 censuimus
1616 2446 1786 2481 addendani;

1045 2501 1078 2518 an
1094 2492 1163 2527 iure,
1182 2493 1222 2520 vel
1238 2493 1345 2525 iniuria,
1362 2493 1463 2519 iudicet
1478 2493 1597 2528 prudens
1621 2492 1702 2519 totius
1723 2501 1786 2527 syn-

1046 2537 1114 2564 taxis
1129 2538 1266 2573 inspector
1280 2538 1320 2572 (n.
1332 2537 1381 2571 τ.).

1028 2597 1031 2622 5
1080 2582 1096 2608 3
1117 2581 1153 2609 Ex
1173 2583 1235 2610 nota
1250 2582 1420 2618 praecedenti
1441 2582 1529 2617 aptius
1545 2582 1663 2617 legerem
1688 2581 1787 2616 disser-

1047 2629 1126 2655 retur
1144 2630 1184 2661 (n.
1203 2629 1250 2660 τ.).
