2227 3241
897 248 991 271 INDEX
1017 246 1214 272 nrnmcsm'n

1704 235 1767 270 719

382 295 549 329 Societatis
578 294 651 329 Iesu
675 296 769 329 etiam
800 294 1038 330 Colimbriensis
1071 293 1219 330 CLXXII.
1245 293 1425 328 Mandatum
1451 294 1601 338 episeopo
1626 293 1812 336 cenetensi,

383 359 423 383 ex
454 348 553 383 altera
585 346 754 392 partibus,
783 357 839 391 per
867 357 964 392 quam
998 358 1036 383 ex

381 400 561 436 redditibus
586 400 690 434 dictae
710 401 928 434 universitatis
952 402 1034 435 assi-

382 457 521 498 gnantur
542 454 654 498 viginti
675 452 773 487 millia
793 456 956 487 scutorum
982 463 1056 498 pro,

381 506 599 541 restaurandis
609 506 727 540 scholis
737 505 955 550 dicticollegii,
965 507 1037 540 662.
1054 528 1056 542 ;

294 559 412 594 CLXX.
429 559 574 594 Monetur
598 559 777 604 patriarcha
802 559 1038 603 Maronitarum,

384 616 419 647 ut
448 614 629 648 immutatos
661 623 679 647 a
707 623 764 647 suo
790 612 1057 656 praedecessore,

383 667 462 700 ritus
486 667 642 708 restituat,
657 669 688 700 et
702 666 903 714 anathemate
921 665 1040 699 feriun-

385 723 443 761 tur,
465 721 519 764 qui
542 719 710 753 Maronitas
731 720 889 753 antistites
914 720 945 752 in
963 728 1040 753 suae

383 772 612 808 iurisdictionis
641 773 796 806 exercitio
827 771 1039 816 perturbant,

384 827 459 860 664.

295 879 424 915 CLXXI.
444 881 488 914 De
510 878 721 922 abbatiarum,
744 881 952 923 prioratuum,
969 879 1042 913 alia·

384 942 517 978 rumque
527 933 693 967 domorum
704 933 966 977 Congregationis
976 943 1041 966 mo-

384 987 556 1021 nachorum
568 986 680 1020 beatae
690 986 806 1020 Mariae
815 986 928 1020 Montis
936 985 1041 1030 Virgi—

383 1042 434 1075 nis
443 1041 574 1076 Ordinis
582 1041 682 1074 saneti
693 1040 856 1074 Benedicti
868 1041 1040 1077 erectione;
1058 1075 1059 1079 ,

383 1094 598 1139 abbatumque
623 1097 654 1128 et
678 1094 830 1136 priorum,
848 1103 883 1127 ac
908 1086 1060 1127 aliorum?¹

385 1150 431 1182 eis
445 1148 735 1192 praeficiendorum
761 1147 927 1189 electione,
946 1156 1040 1181 voea-

385 1203 462 1236 lium
480 1203 511 1236 in
529 1201 679 1247 capitulis
697 1202 933 1245 praefinitionc;
953 1203 1041 1236 novi-

385 1258 578 1302 tiorumque,
597 1265 836 1298 conversorum,
859 1261 889 1291 et
907 1256 1041 1291 aliorum

385 1311 495 1348 habitu
509 1316 605 1358 atque
620 1312 787 1355 regimine,
802 1311 875 1345 666.

1053 388 1057 414 l

1160 357 1196 381 ac
1222 349 1290 382 elus
1315 349 1345 381 in
1371 346 1591 391 spiritualibus
1612 347 1732 380 vicario
1756 356 1813 391 ge-

1161 400 1271 443 nerali,
1289 410 1348 434 nee
1374 410 1434 434 non
1460 401 1678 434 communitati
1704 404 1735 434 et
1759 396 1829 434 ho!

1161 454 1300 489 minibus
1333 455 1436 489 dictae
1460 456 1615 496 civitatis,
1640 463 1679 488 ne
1703 463 1813 488 eorum

1162 510 1298 554 quisque
1324 507 1443 553 aliquid
1475 517 1572 552 super
1600 506 1812 551 appellatione

1162 571 1329 597 causarum
1349 564 1378 595 in
1394 561 1627 605 praeiudicium
1640 560 1745 594 dietae
1761 570 1813 594 ee-

1162 614 1276 648 clesiae
1295 620 1324 648 ct
1342 614 1646 658 ¹<‹÷(lisAp0stolieae
1659 616 1813 648 innovare

1161 672 1360 711 praesumat,
1391 672 1420 702 ct
1452 669 1579 701 omnino
1610 669 1813 702 monitorium

1162 720 1332 755 Clementis
1358 721 1462 765 Papae
1486 720 1554 754 VIII
1570 720 1745 764 [observari
1762 731 1813 754 su-

1163 784 1219 818 per
1245 775 1301 808 hac
1326 784 1360 808 re
1386 778 1565 808 cinanatum
1591 778 1690 815 curet,
1709 774 1782 807 670.

1074 826 1234 861 CLXXIII.
1261 827 1417 862 Fabritius
1444 828 1616 871 Yerospius
1632 829 1814 862 commissa-

1165 883 1229 914 rius
1246 881 1416 925 (lcputatur
1434 881 1472 915 ad
1490 880 1727 925 componendas
1744 881 1814 915 lites

1164 938 1290 968 exortas
1315 945 1413 979 super
1437 933 1617 969 confinibus
1643 940 1674 967 et
1692 933 1815 967 iuribus

1164 987 1314 1031 pascendi
1332 989 1414 1021 inter
1438 989 1582 1021 civitates
1603 987 1767 1021 Reatinam
1784 991 1816 1021 et

1164 1041 1326 1081 Ducalem,
1345 1049 1468 1074 necnon
1480 1041 1704 1074 universitates
1718 1044 1749 1074 et
1764 1039 1815 1072 ho-

1164 1096 1266 1127 miues
1279 1098 1433 1128 terrarum
1450 1093 1562 1127 Montis
1572 1093 1686 1127 Leonis
1700 1093 1815 1127 etLeo-

1166 1150 1280 1190 nissae,
1299 1149 1371 1181 672.

1076 1201 1235 1236 CLXXIV.
1246 1202 1398 1236 Exteusio
1412 1202 1594 1236 facultatum
1606 1202 1714 1234 nuncii
1730 1200 1816 1244 apud

1165 1265 1273 1299 regem
1292 1255 1474 1299 [Iungariae
1499 1255 1538 1288 ad
1556 1263 1689 1298 regnum
1715 1253 1816 1286 Bobe-

1166 1314 1256 1353 miae,
1267 1312 1306 1346 ad
1316 1310 1549 1354 beneplacitum
1561 1309 1816 1352 P011tificis,674.

844 1738 943 1772 FINIS
967 1736 1059 1772 ΤΟΜΙ
1084 1734 1278 1772 L'NDECIMI.

939 2222 971 2255 V.
997 2233 1035 2255 ex
1055 2221 1256 2265 delegatione
1276 2222 1313 2255 D.
1339 2222 1376 2255 D.
1402 2221 1647 2266 Archiepiscopi
1672 2220 1767 2254 Taur.

1002 2276 1035 2309 P.
1061 2276 1272 2310 Cionovmzus
1293 2286 1309 2309 A
1331 2275 1533 2310 Cosriuoms
1554 2274 1629 2308 Ord.
1651 2274 1722 2308 Min.
