2227 3241
254 242 302 268 An.
325 241 352 267 c.
378 240 445 268 1000
490 232 554 265 344

455 300 550 334 quam
570 287 814 332 piovincialium
840 287 982 320 eiusdem
1002 287 1190 321 celebratio-

454 353 538 383 nem,
559 351 683 375 necnon
704 351 953 384 1·›r0vinciarum,
978 347 1186 375 monasterio-

455 406 536 435 rum,
552 395 682 427 fratrum
699 399 728 427 et
742 393 879 426 aliorum
898 394 956 427 sub
971 394 1046 427 dicti
1064 394 1191 428 Ordinis

454 447 563 489 regula
584 452 615 479 et
640 446 790 479 institutis
810 446 994 489 degentium
1025 447 1187 488 guberna-

455 501 586 539 tionem,
603 499 825 540 directionem,
849 510 972 541 curam,
988 500 1190 534 administra-

455 553 585 593 tionem,
602 551 827 593 visitationem,
845 552 1089 594 correctionem,
1105 553 1192 587 unio-

454 616 527 639 nem
557 611 587 638 et
612 604 848 649 separationem
876 606 1125 647 concernentia,
1156 617 1192 640 ac

454 657 671 691 immunitates
684 684 691 698 ,
729 658 946 701 exemptiones
959 685 966 699 ,
1007 659 1169 692 libertates
1181 686 1189 700 ,

454 710 703 755 praerogativas,
725 710 947 752 antelationes,
971 711 1192 755 praeeminen-

457 764 525 805 tias,
548 762 707 804 licentias,
742 763 926 804 facultates,
957 764 1190 806 concessiones,

454 817 681 860 invocationes,
698 818 830 861 favores,
845 817 986 862 aliasque
1001 818 1194 862 temporales

455 870 573 914 gratias
588 870 763 912 universas,
780 881 905 904 necnon
920 871 1112 915 apostolicas
1130 876 1192 904 tam

455 924 514 957 sub
530 924 665 968 plumbo
682 934 778 968 quam
801 924 831 957 in
854 924 957 958 forma
977 923 1083 958 Brevis
1101 924 1194 957 desu-

455 987 513 1021 per
526 976 772 1020 quomodolibet
789 977 952 1021 expeditas
969 977 1101 1018 litteras,
1115 987 1195 1021 quas

456 1036 484 1062 et
506 1039 589 1073 quae
612 1029 696 1063 idem
723 1029 897 1073 Gregorius
918 1031 968 1071 lx,
993 1035 1023 1063 et
1044 1030 1191 1063 recolen-

457 1082 516 1115 dae
537 1082 711 1116 memoriae
728 1082 901 1125 Gregorius
919 1083 1003 1127 Papa
1022 1082 1078 1123 XI,
1102 1083 1195 1115 Inno-

457 1135 580 1169 centius
600 1136 649 1178 lv,
673 1137 708 1169 Vl
727 1142 757 1170 et
777 1137 852 1177 Vnt,
876 1136 1056 1170 Alexander
1080 1135 1128 1176 lv,
1148 1135 1196 1177 Vt,

456 1189 600 1223 Clemens
619 1189 668 1230 lV,
691 1189 726 1223 VI
745 1195 774 1222 et
791 1189 853 1229 Vll,
876 1188 1012 1222 loannes
1032 1187 1121 1229 xxti,
1144 1188 1196 1221 Ni-

457 1243 565 1277 colaus
586 1244 636 1286 lll,
657 1244 695 1276 lV
724 1249 754 1276 et
774 1244 808 1284 V,
832 1242 1012 1276 Bonifacius
1033 1242 1106 1284 Vlll,
1131 1241 1196 1275 Ur—

457 1299 559 1332 banus
573 1299 606 1340 V,
624 1298 777 1332 Martinus
797 1297 892 1332 ctiam
914 1297 949 1338 V,
971 1296 1132 1339 Eugenius
1145 1297 1193 1338 IV,

458 1354 530 1388 Pius
554 1355 591 1395 11,
623 1354 805 1398 praedictus
830 1353 985 1394 Callistus,
1018 1352 1134 1387 Paulus
1158 1352 1193 1392 lt,

458 1408 496 1442 lll
515 1413 546 1442 et
562 1409 611 1449 lv,
630 1407 734 1441 Sixtus
754 1407 803 1447 IV,
821 1406 917 1440 lulius
934 1406 959 1439 11
978 1412 1008 1439 et
1024 1407 1074 1447 lll,
1094 1406 1157 1439 Leo
1172 1406 1197 1439 X

458 1468 489 1495 et
508 1460 679 1494 novissime
696 1460 800 1494 Sixtus
820 1460 842 1492 V
863 1465 893 1493 et
914 1458 1059 1493 Clemens
1073 1459 1148 1501 VHl,
1161 1469 1197 1492 ac

459 1515 512 1548 alii
533 1514 732 1558 quicumque
752 1513 887 1547 Romani
915 1512 1086 1546 Pontifices
1106 1523 1197 1556 prae-

459 1569 643 1602 decessores
673 1567 773 1601 nostri
805 1566 880 1600 huic
912 1566 1060 1600 universo
1087 1565 1196 1599 Ordini

460 1633 496 1654 ae
516 1621 648 1664 singulis
669 1620 754 1653 illius
773 1619 958 1664 provinciis,
983 1618 1195 1659 monasteriis,

459 1675 667 1720 prioratibus,
685 1674 835 1708 domibus
856 1679 886 1706 et
906 1673 976 1706 aliis
996 1673 1199 1716 regularibus

459 1729 549 1770 locis,
567 1738 691 1762 necnon
708 1728 849 1771 generali
867 1726 1032 1770 magistro,
1050 1726 1199 1771 illiusque

459 1782 524 1816 sive
553 1782 652 1826 ipsius
679 1781 808 1815 Ordinis
839 1781 957 1814 vicario
982 1791 1037 1814 seu
1059 1780 1195 1821 vicariis,

459 1835 735 1882 procuratoribus,
760 1835 988 1876 visitatoribus,
1011 1835 1195 1879 provincia-

460 1891 553 1931 libus,
575 1889 834 1933 redemptoribus
853 1888 1066 1933 captivorum‚
1086 1888 1200 1922 electo—

460 1945 549 1978 ribus
564 1971 571 1985 ,
595 1943 839 1983 definitoribus,
864 1941 1197 1983 commendatoribus,

461 1997 635 2038 vocalibus,
655 1996 789 2040 aliisque
808 1995 998 2030 officialibus
1019 1995 1201 2040 praedictis,

462 2061 669 2096 quocumque
686 2050 816 2084 nomine
830 2055 1068 2093 nuncupentur,
1086 2061 1122 2083 ac
1136 2060 1202 2082 cac-

465 2105 539 2139 teris
559 2105 643 2138 illius
663 2104 814 2138 fratribus
835 2109 866 2136 et
893 2103 1051 2146 religiosis
1071 2102 1202 2147 quibus-

466 2169 616 2203 cumque,
637 2164 699 2191 tam
723 2157 753 2190 in
774 2167 891 2199 genere
912 2167 1008 2200 quam
1030 2156 1061 2189 in
1082 2156 1199 2200 specie,

465 2212 559 2246 etiam
581 2222 639 2256 per
659 2211 791 2244 modum
814 2209 1128 2251 communicationis,
1152 2221 1203 2243 ex-

466 2265 620 2300 tensionis
634 2270 664 2298 et
678 2263 907 2308 ampliationis,
924 2275 960 2297 ac
977 2263 1054 2297 alias
1068 2274 1199 2308 quomo—

464 2319 596 2361 dolibet,
620 2324 649 2352 et
671 2318 730 2353 sub
751 2317 1011 2362 quibuscumque
1030 2318 1202 2351 verborum

466 2373 576 2407 formis
594 2378 624 2407 et
643 2371 901 2417 expressionibus
922 2377 1148 2405 concesserunt
1160 2371 1204 2404 in-

465 2432 636 2473 novarunt,
653 2425 886 2460 confirmarunt
914 2430 943 2458 et
967 2424 1205 2469 approbarunt,

466 2481 617 2525 <quorum
640 2479 785 2514 omnium
799 2484 828 2518 et
842 2478 1043 2521 singulorum
1066 2484 1202 2519 tenores,

467 2532 590 2567 etiamsi
624 2532 699 2566 talia
730 2533 854 2573 forent,
879 2542 960 2575 quae
980 2531 1150 2575 specialem
1176 2538 1207 2565 et

1028 240 1057 263 B(
1070 240 1206 265 tLAntrst
1232 240 1381 265 nonstxtat

1226 294 1382 329 rerentur,
1414 298 1472 332 pro
1504 289 1598 332 plene
1627 295 1656 322 et
1683 288 1876 323 sufficienter
1900 300 1954 323 ex—

1224 340 1461 384 pressisliaberi
1476 341 1646 383 volumus),
1661 341 1838 375 dummodo
1855 347 1959 376 tamen

1224 394 1322 427 sacris
1342 394 1518 427 canonibus
1539 401 1569 428 et
1589 394 1725 428 decretis
1744 394 1878 428 Concilii
1893 396 1960 429 Tri·

1225 447 1347 480 dentini
1385 457 1421 480 ac
1457 447 1739 481 constitutionibus
1777 447 1960 491 apostolicis

1225 501 1396 541 contraria,
1426 506 1457 534 et
1482 501 1540 534 sub
1565 500 1725 547 aliquibus
1748 501 1960 535 revocationi-

1226 553 1284 587 bus
1310 553 1544 598 comprehensa
1575 564 1639 587 non
1672 553 1752 595 sint,
1786 554 1960 598 apostolica

1226 607 1414 640 auctoritate
1439 613 1550 640 tenore
1573 607 1789 651 praesentium
1811 607 1963 652 (exeeptis

1227 664 1334 693 tamen
1363 659 1494 693 indultis
1514 666 1543 694 et
1571 660 1831 694 concessionibus
1859 660 1963 695 indul·

1226 712 1419 755 gendarum,
1442 724 1478 746 ac
1498 719 1704 757 peccatorum
1722 713 1964 747 remissionibus

1227 770 1255 798 et
1274 765 1542 808 relaxationibus)
1561 771 1717 810 perpetuo
1737 765 1965 810 approbamus,

1227 818 1458 852 confirmamus
1471 824 1501 852 et
1522 818 1723 860 innovamus,
1741 829 1789 861 ac,
1807 824 1964 863 quatenus

1228 882 1308 915 opus
1329 871 1388 913 sit,
1414 882 1451 905 ea
1475 871 1584 905 onmia
1612 877 1644 905 et
1673 871 1798 915 singula
1822 872 1863 905 de
1881 882 1964 906 novo

1228 925 1446 966 concedimus,
1469 924 1598 969 illisque
1621 931 1796 969 perpetuae
1815 931 1846 958 et
1865 925 1966 959 invio-

1229 978 1332 1012 labilis
1348 978 1544 1022 apostolicae
1564 978 1724 1012 firmitatis
1743 978 1844 1012 robur
1860 978 1966 1012 adiici—

1230 1042 1321 1072 mus,
1358 1041 1394 1064 ac
1419 1041 1531 1064 omnes
1556 1036 1587 1064 et
1618 1030 1771 1074 singulos
1799 1037 1862 1064 tam
1889 1030 1966 1064 iuris

1228 1094 1325 1128 quam
1345 1083 1427 1126 sacti,
1448 1094 1485 1117 ao
1505 1094 1785 1128 quarumcumque
1805 1083 1966 1117 solemni-

1231 1142 1328 1170 tatum
1351 1137 1390 1170 de
1411 1136 1569 1178 ususiure
1587 1137 1634 1170 vel
1653 1136 1896 1178 consuetudine,
1913 1142 1967 1172 aut

1229 1190 1306 1224 alias
1327 1189 1572 1234 quomodolibet
1603 1189 1843 1234 requisitarum,
1874 1201 1912 1224 ac
1935 1190 1966 1224 in

1230 1243 1412 1288 praemissis
1429 1244 1633 1284 omissarum‚
1654 1254 1778 1277 necnon
1796 1253 1968 1288 quoscum-

1231 1308 1292 1342 que
1306 1298 1396 1340 alios,
1410 1299 1504 1332 etiam
1517 1298 1722 1342 quantumvis
1735 1298 1969 1344 substantiales,

1231 1353 1383 1393 defectus,
1407 1353 1430 1386 si
1449 1353 1503 1397 qui
1525 1353 1629 1386 forsan
1651 1352 1682 1385 in
1703 1352 1823 1386 eisdem
1844 1357 1900 1386 aut
1916 1363 1970 1387 eo-

1231 1418 1300 1440 rum
1324 1407 1433 1451 aliquo
1453 1407 1700 1451 quomodolibet
1724 1406 1965 1449 intervenerint,

1230 1462 1428 1506 supplemus.

1275 1516 1291 1556 ἓ
1309 1514 1339 1547 3
1360 1515 1529 1548 Praeterea
1546 1514 1810 1547 reformationem
1831 1514 1969 1548 nonnul-

1232 1568 1334 1600 lorum
1357 1567 1498 1601 eiusdem
1527 1567 1654 1601 Ordinis
1681 1567 1807 1611 piorum
1834 1566 1966 1610 religio-

1231 1631 1339 1654 sorum
1366 1621 1519 1661 virorum,
1547 1632 1638 1665 quos,
1664 1621 1864 1665 perfectioris
1889 1620 1971 1654 vitae

1232 1681 1394 1715 amantes,
1423 1675 1548 1717 aliquas
1567 1675 1682 1708 domos
1702 1675 1892 1707 reformatas
1915 1683 1971 1707 seu

1232 1728 1419 1761 recollectas
1446 1734 1647 1771 nuncupatas
1669 1728 1699 1760 in
1721 1727 1894 1772 provinciis
1917 1727 1972 1762 Ca-

1232 1782 1341 1815 stellae
1355 1787 1386 1815 et
1406 1781 1542 1822 Beticae,
1559 1781 1613 1814 ubi
1628 1781 1686 1814 sub
1699 1781 1890 1814 arctioribus
1903 1780 1973 1825 qui-

1233 1835 1366 1868 busdam
1390 1834 1470 1868 vitae
1491 1840 1522 1867 et
1549 1845 1676 1867 morum
1697 1834 1816 1877 regulis
1835 1834 1931 1877 longe
1955 1844 1973 1868 a

1233 1887 1451 1921 saecularibus
1468 1887 1552 1920 curis
1573 1887 1690 1928 vivunt,
1715 1887 1801 1920 iuxta
1820 1887 1896 1921 dieti
1917 1887 1974 1921 Or-

1234 1941 1317 1975 dinis
1345 1941 1522 1974 laudabiles
1554 1940 1797 1974 constitutiones
1828 1951 1887 1984 per
1919 1951 1974 1975 eos

1235 1994 1409 2038 rigorosius
1430 2000 1460 2028 et
1479 1993 1618 2027 strictius
1638 1993 1801 2027 observari
1823 1993 1971 2038 eo'eptas,

1235 2048 1418 2089 instituisse,
1443 2058 1514 2081 cum
1535 2058 1601 2081 non
1622 2047 1734 2090 exigua
1754 2047 1853 2080 animi
1873 2046 1974 2081 nostri

1236 2103 1267 2135 in
1286 2101 1423 2136 Domino
1436 2100 1566 2141 laetitia,
1584 2100 1799 2145 percepimus,
1818 2099 1975 2134 omnium-

1236 2166 1298 2200 que
1318 2160 1349 2188 et
1368 2155 1565 2198 singularum
1592 2154 1763 2187 domorum
1789 2153 1975 2187 huiusmodi

1237 2209 1455 2248 erectionem,
1489 2218 1615 2242 necnon
1636 2218 1748 2241 omnes
1774 2213 1805 2240 et
1832 2206 1975 2250 singulas

1237 2263 1384 2308 antiquas
1414 2262 1488 2296 dicti
1521 2261 1648 2296 Ordinis
1677 2260 1922 2294 constitutiones
1945 2266 1976 2294 et

1239 2316 1459 2350 ordinationes
1476 2326 1533 2360 per
1553 2325 1617 2356 eos,
1644 2319 1678 2348 ut
1700 2314 1890 2358 praefertur,
1913 2313 1971 2347 ob-

1237 2369 1357 2405 servari
1389 2374 1518 2414 coeptas
1545 2368 1695 2412 (quarum
1725 2366 1821 2401 etiarn
1850 2372 1976 2400 tenores

1238 2422 1460 2468 praesentibus
1476 2432 1536 2466 pro
1553 2421 1647 2465 plene
1665 2426 1694 2454 et
1713 2419 1910 2454 sufficienter
1928 2430 1976 2454 ex-

1238 2476 1356 2522 pressis
1380 2475 1491 2510 haberi
1519 2474 1690 2517 volumus),
1722 2478 1880 2518 quatenus
1911 2483 1976 2507 non

1239 2531 1302 2565 sint
1328 2535 1494 2564 revocatae
1514 2538 1573 2562 nec
1597 2525 1734 2562 decretis
1755 2525 1885 2561 Concilii
1911 2526 1973 2560 hu-

468 2587 663 2620 individuam
681 2586 875 2620 mentionem
893 2585 1103 2630 requirerent,
1120 2596 1208 2630 prae·
1242 2583 1379 2618 iusmodi
1401 2588 1457 2616 aut
1483 2581 1553 2615 aliis
1575 2580 1738 2615 canonicis
1758 2579 1976 2614 sanctionibus

468 2640 611 2675 sentibus
637 2650 672 2675 ac
693 2639 718 2674 si
737 2640 776 2674 de
797 2639 894 2674 verbo
915 2639 954 2673 ad
973 2639 1106 2674 verbum
1126 2638 1207 2673 inse·
1242 2635 1491 2678 contrarientur,
1508 2633 1696 2669 auctoritate
1713 2639 1744 2669 et
1764 2638 1877 2669 tenore
1889 2642 1977 2679 prae-

2019 1521 2061 1544 σου
2076 1509 2157 1572 rffl
2172 1536 2175 1542 .

1984 1555 2031 1570 nem
2045 1555 2067 1570 re
2076 1555 2088 1570 ο

1984 1582 2029 1597 rum
2042 1581 2079 1597 seu

1984 1603 2083 1624 lectorum
2101 1601 2115 1627 1¹.
2168 1601 2169 1623 i

1985 1628 2070 1651 Ordinis
2076 1628 2158 1677 capg:
2168 1643 2169 1655 ;

1985 1661 2030 1677 rum
2043 1655 2129 1681 reg-ilie.
2168 1659 2169 1679 1

1986 1682 2062 1704 mittier
2087 1679 2158 1703 mnn-
2167 1705 2177 1712 4

1986 1711 2035 1731 mat.
2120 1726 2132 1736 ἥ

2104 1742 2134 1768 ..t

2102 1769 2146 1794 ,Αμ-
2174 1766 2176 1790 ἶ

2109 1802 2144 1822 *q
2175 1812 2177 1814 .

2121 1860 2173 1872 u,

2197 2462 2209 2784 &vtmw
