2227 3241
52 247 101 273 An.
118 245 146 272 G.
171 244 234 272 1607

127 1487 241 1513 Dei-ogatio

59 1516 220 1537 contrariorum.

891 238 1007 262 t‘Atssttts

251 294 399 332 fratrum,
419 296 473 324 aut
487 289 579 323 alius¹
595 299 707 323 eorum
723 287 853 321 nomine
875 293 905 319 et
919 287 995 320 Con-

251 343 449 388 gregationis
469 342 615 387 requisiti
642 341 760 375 suerint
777 368 784 381 ,
807 339 1012 381 solemniter]

252 398 464 443 publicantes,
486 397 596 440 eisque
610 396 641 428 in
655 394 840 439 praemissis
857 392 995 426 efficacis
1011 384 1013 399 ¹

253 451 449 485 defensionis
469 448 854 494 praesidio-assistentes,
879 446 995 479 saciant

253 516 306 539 eas
334 511 365 539 et
393 515 430 538 ea
448 503 638 538 auctoritate
658 504 767 536 nostra
785 501 824 534 ab
845 500 995 534 omnibus

255 558 484 592 inviolabiliter
508 556 684 597 observari,
708 566 745 588 ae
765 564 878 588 omnes
895 553 996 586 dieto-

254 623 325 646 rum
343 611 470 646 Ordinis
491 617 521 644 et
538 608 805 653 Congregationis
825 608 996 652 praelatos.

254 665 432 699 monachos
456 676 493 698 ac
517 664 595 697 alias
620 663 749 696 illorum
776 671 932 706 personas
953 660 997 693 eis

253 719 388 764 pacifice
410 718 471 752 frui
489 724 519 752 et
539 717 692 761 gaudere,
715 726 779 749 non
801 715 993 760 permitten-

255 779 302 807 tes
326 783 381 807 eos
406 773 545 816 desuper
564 770 812 816 quomodolibet
832 768 996 802 molestari

255 827 303 860 vel
323 825 527 871 perturbari,
551 824 806 858 contradictores
836 821 995 866 quoslibet

255 885 286 913 et
304 880 440 913 rebelles
451 890 509 924 per
528 878 654 923 quasvis
675 875 906 911 ecclesiasticas
924 885 997 908 sen-

255 933 382 975 tentias,
403 943 564 974 censuras,
582 931 677 966 etiam
692 929 897 976 pecuniarias
915 939 995 973 poe-

255 997 312 1021 nas
323 997 436 1020 eorum
449 985 584 1019 arbitrio
595 984 818 1029 imponendas,
832 983 999 1016 moderan-

255 1041 312 1074 das
329 1046 358 1074 et
370 1040 589 1085 applicandas,
605 1045 797 1082 caeteraque
815 1042 999 1081 opportuna

255 1094 334 1127 iuris
343 1099 373 1127 et
386 1093 459 1126 facti
473 1093 628 1133 remedia,
641 1091 858 1137 appellatione
873 1096 1000 1134 postpo-

253 1148 323 1188 sita,
337 1148 581 1191 compescendo,
592 1156 728 1187 necnon,
739 1145 891 1187 legitimis
904 1155 1000 1188 super

254 1203 304 1235 his
320 1202 478 1235 habendis
495 1201 628 1235 serratis
644 1199 859 1244 processibus,
877 1204 1000 1231 senten-

257 1257 337 1298 tias,
358 1266 510 1289 censuras
539 1260 571 1288 et
603 1265 722 1298 poenas
759 1253 855 1286 etiam
878 1252 999 1285 iteratis

256 1310 378 1344 vicibus
408 1310 629 1353 aggravando,
658 1309 805 1341 invocato
831 1306 925 1339 etiam
960 1307 999 1339 ad

255 1364 340 1405 hoc,
365 1365 391 1397 si
412 1375 492 1408 opus
525 1364 642 1404 fuerit,
678 1362 800 1396 brachii
827 1361 1000 1395 saecularis

257 1419 386 1455 auxilio.

302 1475 318 1515 ξ
344 1471 396 1505 53.
423 1472 491 1505 Non
522 1470 724 1504 obstantibus
756 1469 940 1513 praemissis
965 1480 1001 1501 ac.

259 1527 358 1561 felicis
381 1525 612 1560 reeordationis
638 1525 791 1558 lionisaeii
814 1526 918 1568 Papae
939 1524 999 1557 Vlll

257 1580 514 1626 praedecessoris
539 1580 640 1612 nostri
666 1580 705 1612 (le
731 1581 792 1612 una
819 1584 846 1611 et
874 1577 1000 1611 concilii

257 1635 417 1677 generalis
448 1634 487 1667 de
518 1633 642 1667 duabus
676 1633 789 1671 dietis,
824 1632 1001 1665 dummodo

258 1689 331 1733 quis
356 1689 465 1731 vigore
490 1687 708 1732 praesentium
731 1692 819 1719 extra
844 1696 934 1719 suam
957 1685 1002 1718 ri-

258 1742 388 1776 vitatem
408 1748 438 1776 et
456 1741 628 1775 dioecesim
652 1741 736 1774 ultra
759 1747 821 1773 tres
842 1740 942 1773 dietas
963 1740 1002 1773 ad

260 1796 414 1831 iudiCium
440 1806 505 1829 non
533 1795 690 1835 trabatur,
715 1794 852 1838 aliisque
878 1794 1000 1828 consti—

260 1850 437 1885 tutionibus
462 1855 493 1883 et
518 1849 778 1883 ordinationibus
803 1847 1000 1892 apostolicis,

260 1910 301 1946 et,
329 1910 487 1948 quatenus
511 1914 593 1948 opus
617 1903 667 1945 sit,
692 1903 851 1937 dictorum
878 1901 1005 1935 Ordinis

260 1965 291 1993 et
308 1958 586 2001 Congregationis,
608 1957 702 1990 etiam
723 1957 914 1997 iuramento,
930 1967 1006 1989 eon-

262 2011 447 2045 firmatione
468 2011 658 2055 apostoliea,
676 2011 723 2044 rel
742 2011 853 2055 quavis
874 2010 934 2043 alia
957 2010 1005 2042 tir-

262 2066 373 2099 mitate
394 2065 566 2106 roboratis,
589 2065 726 2105 statutis,
754 2064 1002 2103 stabilimentis,

261 2119 373 2153 usibus
401 2125 432 2153 et
461 2119 773 2159 eonsuettulinibus,
805 2118 1005 2161 caeterisque

263 2173 432 2207 contrariis
446 2173 717 2217 quibuscumque,
729 2179 780 2205 aut
792 2172 816 2205 si
833 2171 1005 2215 aliquibus,

263 2227 536 2261 communiterve]
549 2226 736 2267 divisim,ab
747 2227 858 2259 eadem
877 2226 1006 2259 sitSesle

263 2282 424 2316 indultum
455 2281 543 2325 quod
576 2280 746 2321 interdici,
775 2279 927 2324 suspendi
960 2280 1006 2312 vel

264 2335 537 2369 excommunicari
563 2345 627 2367 non
654 2333 779 2378 possint
799 2337 862 2377 'per
887 2333 1008 2366 litteras

264 2389 455 2434 apostolicas
481 2399 545 2422 non
573 2388 724 2421 facientes
748 2388 875 2431 plenam
895 2392 925 2420 et
950 2398 1005 2419 ex-

264 2453 406 2487 pressam
429 2453 465 2476 ae
491 2443 530 2475 de
554 2442 652 2475 verbo
674 2442 713 2474 ad
733 2441 864 2474 verbum
893 2441 931 2474 de
960 2440 1008 2473 in-

266 2497 355 2530 dulto
376 2495 564 2535 huiusmodi
584 2495 794 2528 mentionem.
914 2485 918 2488 ’

308 2550 424 2583 Datum
452 2550 573 2583 Romae
601 2549 687 2592 apud
717 2548 747 2581 S.
778 2549 927 2588 Petrum,
951 2548 1009 2581 sub

302 2623 313 2649 1
331 2622 382 2649 Sic.
399 2622 464 2650 edit.
486 2623 558 2649 Main
575 2632 581 2656 3
604 2626 631 2649 at
646 2621 753 2657 legend.
770 2622 857 2648 forsan
885 2620 1010 2648 alicuius

266 2668 367 2702 (thiu).

1035 240 1051 258 «s
1080 239 1093 255 p
1099 240 1112 260 Ρ

1029 286 1148 318 annulo
1174 285 1345 318 Piscator-is
1364 284 1414 316 die
1438 294 1489 316 xxi
1510 282 1615 315 martii
1637 291 1772 321 moerin,

1029 338 1235 382 pontificatus
1261 337 1361 369 nostri
1387 345 1536 369 annom.

1066 400 1123 427 Dal.
1141 399 1184 427 die
1200 400 1229 425 :21
1250 399 1338 425 martii
1352 399 1431 430 1ss08,
1447 398 1541 433 pontif.
1559 405 1603 424 an.
1620 403 1656 423 tlt.

1340 523 1458 557 LXXII.

1032 604 1225 637 illaudatum
1253 605 1396 647 episcopo
1421 603 1565 636 civitatis
1590 602 1701 636 Plebis
1725 613 1775 634 ca-

1073 656 1186 700 piendi
1215 656 1444 699 possessionem
1474 654 1607 687 nomine
1631 653 1721 687 Sedis
1746 658 1774 686 et

1079 711 1233 744 Gamerae
1246 708 1451 752 Apostolieae
1471 708 1571 740 casiri
1585 707 1701 751 Campi
1715 705 1774 740 Or-

1076 762 1156 796 seoli
1182 766 1254 806 post
1285 766 1417 794 mortem
1446 761 1609 804 Scipionis
1638 759 1775 792 Piccolo-

1078 817 1180 849 ininei'
1192 815 1212 849 ¹.

1262 878 1434 906 Venerabili
1453 877 1541 905 fratri

1126 923 1254 952 febritio
1276 923 1416 957 episeopo
1437 922 1572 950 civitatis
1592 921 1692 949 Plebis

1274 979 1386 1005 Paulus
1406 978 1486 1011 Papa
1505 978 1537 1004 V.

1244 1039 1430 1068 Venerabilis
1451 1039 1562 1072 frater,

1082 1087 1211 1114 salutem
1226 1088 1256 1113 et
1272 1084 1468 1119 apostolicam
1481 1083 1730 1111 benedictionem.

1079 1150 1094 1191 ξ
1122 1148 1146 1181 1.
1176 1148 1276 1187 Cum,
1303 1147 1385 1180 sieut
1410 1145 1614 1190 accepimus,
1643 1145 1778 1178 dilectus

1036 1203 1119 1236 tilius
1130 1201 1237 1246 Scipio
1247 1200 1505 1234 Pieeolomineus
1517 1199 1659 1242 graviter
1669 1209 1779 1241 aegro-

1036 1262 1089 1297 tet,
1113 1262 1154 1297 et,
1175 1255 1292 1298 siquid
1317 1253 1504 1287 bumanitus
1529 1253 1572 1285 illi
1599 1252 1775 1295 contingat,

1034 1310 1158 1343 nullum
1190 1308 1292 1342 silium
1328 1307 1507 1350 legitimum
1538 1313 1568 1340 et
1599 1307 1778 1340 naturalem

1035 1364 1208 1397 relicturus
1229 1362 1279 1403 sit,
1303 1368 1334 1395 et
1359 1367 1498 1394 castrum
1517 1361 1626 1404 Campi
1647 1360 1780 1401 Orseoli‚

1036 1417 1170 1451 civitatis
1191 1416 1295 1450 Plebis
1317 1415 1490 1455 dioecesis,
1514 1415 1553 1447 ab
1578 1414 1631 1447 illo
1661 1414 1777 1447 deten-

1038 1477 1115 1511 tum,
1134 1470 1220 1514 quod
1239 1470 1278 1502 ab
1300 1468 1483 1512 Apostoliea
1504 1467 1585 1501 Sede
1604 1467 1672 1500 eius
1692 1473 1782 1500 ante-

1036 1523 1217 1557 cessoribus
1252 1523 1283 1555 in
1314 1522 1446 1555 l'eudum
1482 1531 1670 1554 eoncessum
1700 1520 1779 1560 suit,

1038 1585 1131 1622 prout
1153 1577 1184 1609 in
1207 1576 1404 1609 investituris
1428 1575 1555 1619 plenius
1576 1575 1779 1611 continetur,

1037 1643 1116 1676 quas
1130 1631 1353 1676 praesentibus
1367 1629 1478 1662 baberi
1494 1629 1640 1662 volumus
1658 1639 1717 1672 pro
1732 1639 1784 1661 ex-

1037 1685 1166 1730 pressis,
1190 1686 1231 1719 ob
1255 1685 1373 1717 lineam
1397 1683 1540 1724 finitam,
1567 1693 1622 1716 seu
1644 1682 1684 1716 ob
1706 1682 1784 1715 alias

1039 1740 1133 1773 etiam
1156 1740 1354 1780 eausas,unz'1
1376 1748 1449 1771 eum
1471 1737 1622 1770 omnibus
1640 1737 1708 1770 eius
1723 1742 1784 1769 ter-

1039 1794 1182 1833 ritoriis,
1211 1792 1368 1826 membris
1393 1798 1424 1825 et
1444 1791 1647 1835 pertinentiis
1676 1801 1713 1824 ae
1737 1790 1785 1823 iu-

1038 1849 1128 1881 ribus
1143 1847 1310 1885 unirersis‚
1331 1847 1371 1880 ad
1386 1857 1444 1879 nos
1458 1852 1489 1879 et
1506 1846 1653 1879 eamdem
1668 1845 1782 1879 Sedem

1039 1909 1069 1936 et
1090 1903 1257 1935 Cameram
1280 1907 1422 1934 nostram
1447 1900 1588 1942 legitime
1612 1899 1783 1932 devolven-

1040 1957 1128 1997 dum,
1149 1967 1205 1989 seu
1227 1955 1413 1988 devolutum
1435 1954 1494 1995 sit3

1086 2010 1145 2053 ξὲ.
1159 2011 1234 2050 Nos,
1251 2012 1303 2042 tua
1317 2009 1380 2042 fide
1395 2014 1422 2041 et
1440 2007 1606 2049 diligentia
1621 2007 1705 2047 freti,
1728 2006 1783 2040 tibi

1041 2075 1097 2108 per
1122 2069 1307 2108 praesentes
1336 2061 1569 2095 committimus
1594 2067 1624 2094 et
1647 2061 1782 2094 manda-

1042 2129 1123 2158 mus,
1144 2123 1189 2158 ut,
1218 2118 1243 2151 si
1262 2116 1429 2159 contingat.
1455 2116 1576 2149 dietum
1602 2115 1786 2159 Scipionem

1041 2170 1144 2205 suum‘
1159 2171 1242 2204 diem
1256 2170 1359 2212 obire,
1380 2169 1498 2209 statim,
1515 2170 1603 2202 nullo
1618 2169 1680 2201 alio
1695 2179 1711 2200 a
1730 2178 1787 2200 no-

1042 2226 1088 2259 bis
1100 2231 1266 2270 expeetato
1281 2225 1444 2265 mandato,
1455 2224 1530 2257 dieti
1546 2222 1640 2256 rastri
1656 2222 1787 2265 eiusque

1044 2279 1160 2313 iurium
1177 2285 1204 2312 et
1219 2278 1486 2323 pertinentiarum
1502 2286 1787 2321 quorumcumque

1043 2334 1259 2378 corporalem,
1284 2332 1402 2366 realem
1425 2338 1454 2364 et
1475 2331 1633 2364 actualem
1656 2340 1783 2374 posses-

1042 2387 1177 2428 sionem,
1198 2392 1310 2419 nostro
1324 2397 1360 2419 ae
1377 2385 1467 2419 Sedis
1484 2390 1515 2417 et
1529 2385 1679 2418 Gamerae
1697 2393 1788 2427 prae-

1043 2442 1202 2474 dit-tarum
1223 2440 1420 2479 nominibus,
1445 2438 1668 2482 apprehendas
1690 2443 1717 2470 et
1740 2446 1788 2469 re-

1045 2495 1156 2535 tineas,
1179 2496 1281 2528 donee
1303 2494 1390 2527 aliud
1417 2504 1433 2526 a
1460 2492 1553 2526 uobis
1583 2491 1736 2524 habueris
1756 2491 1787 2523 in

1045 2548 1216 2581 mandatis.

1082 2622 1090 2645 1
1111 2619 1146 2645 Ex
1163 2620 1271 2654 Regest.
1289 2619 1314 2644 iu
1330 2618 1432 2644 Secret.
1448 2616 1580 2643 lli-evium.

1079 2664 1094 2690 ‘2
1116 2664 1215 2691 Forsan
1233 2664 1377 2699 legendum
1393 2670 1559 2697 supremum
1578 2668 1615 2694 tn.
1632 2661 1678 2694 T.).

1673 223 1737 256 :399
1786 233 1833 258 An⁴
1853 232 1879 258 c.
1904 232 1969 259 1607

1815 1155 1910 1174 (tristium
1919 1153 1977 1173 Caiu-

1793 1188 1814 1207 pi
1834 1180 1914 1199 ttrt‘eoli
1932 1179 1977 1199 Pie-

1793 1207 1917 1229 culunineis
1958 1206 1979 1226 in

1793 1235 1877 1255 seu-'um
1898 1238 1978 1253 mascu-

1794 1263 1858 1283 linnm
1882 1261 1908 1280 ab
1925 1261 1978 1284 Apu-

1794 1289 1868 1309 statim
1922 1285 1978 1307 Sede

1795 1320 1925 1337 cuii-:essum

1828 2015 1948 2035 Mandatum
1960 2013 1985 2031 tlt¹

1802 2050 1841 2068 qva
1859 2049 1877 2062 iu
1894 2042 1986 2061 rubra-a.
