2227 3241
263 281 447 311 An.c.1606
493 271 557 307 306
1035 279 1216 304 nontamen

460 331 591 371 nientia,
605 329 935 374 percipere,exigere‚
951 328 1068 368 levare,
1085 329 1202 369 locare,

460 384 646 423 arrendare,
676 381 920 422 administrare,
949 387 1045 425 atque
1071 381 1102 414 in
1128 392 1202 415 suos

461 446 661 475 communes,
682 445 808 468 necnon
829 435 983 468 ecclesiae
1003 435 1102 468 sancti
1123 435 1202 469 Lau-

462 489 558 524 rentii
577 489 715 522 fabricae
733 494 764 521 et
781 488 946 522 sacristiae
964 488 1203 532 praedictarum
1221 529 1223 545 Κ

463 553 538 576 usus
555 542 725 576 utilitatem
744 548 775 575 et
794 541 1000 575 necessitates
1018 548 1205 575 convertere

463 595 569 639 (titulo
592 601 698 628 tamen
718 595 818 628 sancti
839 595 1000 629 Laurentii
1020 594 1204 628 huiusmodi
1222 585 1223 591 ἵ

265 648 448 698 cjffijfflfflffiffi
465 649 614 693 illiusque
631 649 761 693 palatio,
775 648 909 690 iuribus,
923 648 1137 692 pertinentiis,
1154 648 1208 681 ho-

265 705 322 726 12‘15-
463 702 619 742 noribus,
654 707 704 742 et,
733 707 957 746 praeterquam
991 702 1023 734 in
1053 712 1208 746 personas

463 755 639 800 praepositi
668 760 698 789 et
722 754 949 798 religiosorum
976 755 1093 788 domus
1114 765 1206 798 regu—

463 809 539 842 laris
564 808 749 842 huiusmodi
775 818 956 852 eorumque
977 818 1027 841 res
1052 813 1083 842 et
1107 807 1204 848 bona,

464 863 741 897 iurisdictionibus
777 873 836 906 pro
877 868 1024 907 tempore
1060 862 1208 896 existenti

465 917 609 951 eiusdem
636 917 716 950 tituli
738 917 925 961 presbytero
943 916 1098 955 cardinali
1116 916 1209 950 salvis

465 977 497 1004 et
520 971 637 1004 illaesis
658 970 925 1014 remanentibus),
947 981 1019 1004 cum
1040 970 1101 1004 hoc
1122 970 1208 1014 quod

466 1025 526 1070 ipsi
561 1025 764 1069 praepositus
790 1030 820 1057 et
849 1024 990 1067 religiosi
1022 1029 1085 1057 tam
1114 1034 1209 1068 para-

467 1084 675 1118 mentorum,
712 1083 978 1111 ornamentorum
1012 1083 1043 1110 et
1072 1077 1209 1110 aliorum

467 1131 736 1176 supellectilium,
772 1141 883 1165 eorum
923 1131 1071 1164 videlicet
1086 1158 1094 1171 ‚
1128 1140 1210 1174 quae

466 1185 607 1231 propriis
632 1180 774 1229 capituli,
803 1184 1070 1229 archipresbyteri
1103 1190 1133 1217 et
1158 1194 1228 1217 ca-⁴

468 1240 660 1274 nonicorum
688 1238 939 1283 praedictorum,
967 1249 1003 1271 ac
1023 1248 1098 1271 suae
1123 1248 1211 1270 men-

469 1304 522 1327 sae
539 1292 724 1337 capitularis
741 1292 923 1336 sumptibus
941 1298 972 1325 et
992 1291 1145 1336 impensis
1167 1291 1211 1324 sa-

470 1354 520 1381 cta
534 1347 629 1381 fuisse
644 1346 817 1387 constabit,
835 1356 931 1389 quam
948 1346 1083 1378 duarum
1100 1345 1210 1378 domo-

470 1412 541 1434 rum
568 1400 753 1434 huiusmodi
781 1399 932 1443 pretium,
956 1398 988 1431 in
1014 1398 1211 1441 emptionem

471 1460 517 1487 tot
534 1455 679 1487 locorum
705 1452 858 1486 Montium
877 1462 943 1484 non
964 1451 1155 1484 vacabilium
1174 1452 1213 1484 de

472 1508 556 1542 dicta
577 1507 661 1540 Urbe
688 1517 744 1540 seu
773 1506 911 1539 aliorum
932 1506 1092 1538 bonorum
1118 1504 1214 1537 stabi-

472 1562 550 1594 lium
578 1571 636 1604 pro
658 1561 731 1593 dote
752 1570 807 1600 seu
832 1565 1005 1601 augmento
1026 1559 1109 1591 dotis
1133 1559 1212 1590 alio-

472 1626 543 1648 rum
571 1613 815 1651 beneficiorum,
830 1621 864 1645 ut
878 1613 1068 1656 praefertur,
1089 1613 1213 1653 erigen-

473 1670 590 1702 dorum
624 1668 718 1700 unico
750 1672 901 1700 contextu
934 1665 1210 1705 convertendum,

473 1722 559 1756 iuxta
593 1721 849 1755 aestimationem
883 1720 1022 1763 desuper
1054 1730 1071 1753 a
1103 1719 1232 1763 peritis

472 1777 626 1820 utrinque
651 1775 808 1817 eligendis
831 1773 1022 1813 faciendam,
1043 1778 1074 1806 et
1091 1783 1147 1805 seu
1165 1783 1214 1805 ar-

474 1828 571 1862 bitrio
592 1827 747 1872 praedicti
769 1826 940 1860 cardinalis
963 1825 1108 1865 titularis,
1132 1825 1215 1858 intra

1223 702 1288 734 ivel
1309 702 1492 735 cedentium
1509 729 1516 742 ,
1541 712 1576 735 ac
1606 702 1639 734 in
1672 703 1812 735 savorem
1832 712 1982 746 suppres-

474 1886 601 1925 tempus
625 1881 671 1915 eis
695 1881 735 1914 ad
760 1880 791 1913 id
817 1879 1124 1923 praescribendum,
1153 1878 1214 1911 eis-

475 1935 547 1969 dem
569 1934 722 1979 capitulo,
750 1933 1030 1978 archipresbytero
1056 1937 1087 1965 et
1113 1942 1211 1965 cano-

475 1989 556 2023 nicis
579 1987 773 2033 persolvere,
802 1993 833 2020 et
857 1986 985 2019 interim
1006 1985 1069 2018 illis
1093 1995 1216 2018 annuas

475 2054 532 2078 seu
565 2048 744 2076 menstruas
776 2046 831 2074 aut
859 2041 936 2074 alias
961 2040 1133 2084 pensiones
1161 2050 1216 2073 seu

475 2097 703 2142 responsiones
734 2105 792 2140 per
821 2105 875 2128 eos
899 2105 936 2127 ex
969 2094 1062 2128 dictis
1094 2095 1218 2128 duabus

477 2152 629 2187 domibus
654 2148 777 2195 percipi
801 2149 911 2182 solitas
937 2149 1137 2193 temporibus
1157 2149 1215 2182 de-

477 2206 552 2241 bitis
576 2210 740 2250 praestare
764 2202 955 2246 teneantur]
981 2202 1130 2236 similiter
1146 2213 1219 2247 per-

478 2265 576 2305 petuo
597 2257 804 2291 concedimus
828 2261 858 2290 et
878 2256 1087 2298 assignamus.

317 2337 466 2359 emmam„
525 2312 590 2357 54.
616 2312 657 2346 Ut
684 2317 790 2344 autem
822 2310 986 2353 supressio
1011 2315 1041 2343 et
1068 2309 1220 2343 extinctio

281 2362 466 2412 ζξζηῗξὮδθῗὲζξῖ
481 2366 646 2411 praedicta
675 2374 767 2398 suum
797 2363 1015 2407 quantocitius
1044 2363 1221 2396 sortiantur

282 2416 468 2464 'F'e'i'2¹i,ii';¹,'⁵“‘¹tsss,{{'g
483 2419 643 2459 effectum,
671 2417 841 2450 statuimus
866 2422 897 2449 et
921 2416 1110 2449 ordinamus
1134 2417 1220 2460 quod

281 2469 468 2517 thssllhllss'ssm'
483 2471 829 2516 archipresbyteratum
866 2476 897 2503 et
928 2469 1157 2510 canonicatus,
1192 2476 1222 2503 et

484 2526 664 2570 prebendas
679 2534 802 2558 necnon
815 2522 972 2556 beneficia
983 2523 1168 2556 huiusmodi
1182 2524 1221 2557 ad

483 2590 636 2624 praesens
657 2578 839 2612 obtinentes
858 2577 911 2610 illa
935 2576 1062 2610 nonnisi
1085 2577 1123 2610 ad
1145 2576 1221 2610 effe-

484 2638 570 2666 ctum
599 2631 835 2677 suppressionis
855 2636 886 2665 et
910 2630 1110 2664 extinctionis
1129 2640 1222 2674 prae-

484 2686 642 2721 dictarum
663 2686 830 2730 resignare
847 2696 904 2727 seu
925 2684 998 2726 iuri,
1015 2684 1091 2729 ipsis
1108 2695 1145 2718 ac
1169 2684 1223 2718 eo‘-

1236 280 1387 305 Romanum

1237 339 1307 362 rum
1325 328 1456 362 cuilibet
1477 327 1508 361 in
1523 328 1586 362 illis
1600 328 1648 362 vel
1664 329 1703 362 ad
1724 328 1778 362 illa
1795 329 1978 373 quomodo-

1238 383 1313 416 libet
1327 381 1533 426 competenti,
1545 382 1659 415 cedere
1671 382 1831 416 ullatenus
1844 383 1978 427 possint,

1239 441 1280 476 et,
1305 436 1329 468 si
1355 445 1409 468 eos
1434 435 1528 469 aliter
1553 435 1666 479 quovis
1690 435 1787 468 modo
1817 436 1980 478 resignare

1238 488 1285 521 vel
1309 488 1470 521 dimittere
1491 494 1545 521 aut
1570 488 1630 522 iuri
1662 489 1776 522 cedere
1797 482 1988 532 contigerit,

1240 541 1473 584 resignationes
1493 551 1549 574 seu
1575 541 1776 575 dimissiones
1796 542 1844 575 vel
1865 542 1982 576 cessio-

1240 604 1296 627 nes
1317 593 1502 627 huiusmodi
1515 593 1546 626 in
1567 593 1677 627 odium
1699 599 1730 627 et
1746 594 1981 638 praeiudicium

1242 647 1383 691 ipsorum
1403 647 1648 690 resignantium,
1665 657 1721 680 seu
1739 647 1981 688 dimittentium,

1242 755 1340 789 sionis
1372 761 1404 789 et
1435 755 1636 789 extinctionis
1665 755 1852 790 huiusmodi
1881 755 1984 790 sactae

1243 815 1436 842 censeantur
1446 819 1484 842 eo
1502 808 1583 853 ipso,
1598 814 1629 842 et
1647 814 1712 842 tam
1733 808 1765 842 in
1781 808 1831 842 his
1850 808 1984 852 singulis

1243 863 1382 903 casibus,
1404 873 1499 907 quam
1512 863 1607 897 etiam
1622 863 1742 896 eisdem
1761 862 1926 896 modernis
1938 873 1986 896 ar-

1243 917 1505 961 ehipreshytero,
1537 914 1701 950 canonicis
1731 921 1762 950 et
1788 915 1985 950 beneficiatis

1244 971 1517 1016 quandocumque
1536 976 1566 1003 et
1583 970 1782 1014 ubicumque
1803 969 1986 1004 decedenti-

1244 1024 1326 1065 bus,
1347 1023 1532 1068 suppressio
1562 1028 1591 1056 et
1624 1023 1774 1056 extinctio
1800 1021 1984 1067 praedicta*

1244 1087 1336 1110 suum
1347 1076 1530 1121 plenarium
1543 1082 1573 1109 et
1587 1076 1748 1119 integrum
1760 1076 1907 1110 effectum
1923 1085 1986 1110 sor-

1246 1130 1296 1163 tiri
1321 1130 1475 1171 debeant,
1503 1140 1609 1174 neque
1633 1129 1982 1174 archipresbyteratus,

1245 1183 1464 1224 canonicatus,
1479 1183 1682 1227 praebendae
1700 1187 1732 1216 et
1750 1182 1908 1217 beneficia
1928 1182 1986 1216 bu-

1246 1237 1397 1278 iusmodi,
1415 1237 1542 1270 illorum
1560 1237 1734 1278 vacatione,
1749 1237 1983 1281 utpraesertur,

1246 1291 1293 1324 vel
1314 1291 1392 1324 alias
1417 1290 1662 1334 quomodolibet
1682 1295 1883 1332 occurrente,
1903 1300 1984 1335 apo·

1246 1345 1358 1378 stolica
1377 1345 1424 1378 vel
1445 1344 1610 1378 ordinaria
1631 1344 1820 1378 auctoritate
1837 1344 1987 1389 cuiquam

1247 1397 1397 1437 conferri,
1423 1408 1479 1431 nce
1500 1398 1592 1430 aliter
1606 1398 1744 1442 disponi,
1763 1408 1823 1431 nec
1843 1398 1940 1442 aliqui
1955 1397 1988 1431 in

1248 1451 1501 1494 resignandum,
1527 1451 1757 1484 dimittentium
1773 1477 1780 1491 ‚
1805 1451 1987 1484 cedentium

1248 1505 1295 1538 vel
1325 1505 1551 1538 decedentium
1584 1505 1691 1538 locum
1713 1504 1832 1538 ibidem
1864 1504 1985 1546 suffici,

1247 1558 1423 1600 surrogari,
1447 1558 1547 1601 recipi
1569 1558 1616 1590 vel
1641 1558 1766 1590 admitti
1788 1558 1924 1599 valeant3
1944 1563 1986 1598 et,

1247 1612 1271 1644 si
1294 1612 1457 1656 aliquibus
1470 1612 1579 1656 (etiam
1595 1622 1668 1644 cum
1686 1611 1816 1655 speciali
1835 1612 1875 1644 de
1891 1611 1989 1645 verbo

1248 1667 1286 1699 ad
1310 1666 1442 1699 verbum
1472 1665 1689 1709 praesentium
1722 1675 1779 1697 seu
1809 1664 1989 1698 litterarum

1249 1719 1499 1763 apostolicarum
1519 1719 1658 1762 desuper
1669 1717 1944 1751 conficiendarum
1960 1722 1991 1751 et

1250 1772 1281 1805 in
1297 1773 1342 1806 eis
1356 1778 1582 1806 contentorum
1604 1781 1886 1816 quorumcumque
1905 1780 1991 1805 men-

1251 1826 1348 1867 tione,
1373 1826 1583 1869 derogatione
1603 1825 1650 1858 vc]
1672 1824 1902 1869 suspensione)
1922 1824 1991 1858 sine

1251 1890 1400 1923 expresso
1433 1878 1608 1923 praepositi
1638 1884 1668 1911 et
1699 1874 1924 1921 religiosorum
1954 1888 1992 1911 ac

1250 1934 1348 1967 totius
1363 1933 1625 1976 Congregationis
1637 1932 1820 1966 huiusmodi
1835 1942 1991 1966 consensu

1252 1987 1283 2020 in
1304 1987 1429 2032 scriptis
1450 1987 1628 2020 formaliter
1647 1987 1757 2020 habito
1771 1987 1988 2028 conserantur,

1253 2047 1307 2075 aut
1320 2042 1359 2075 de
1373 2042 1434 2074 illis
1455 2042 1655 2085 disponatur,
1673 2041 1871 2081 collationes,
1886 2040 1992 2085 dispo-

1253 2096 1385 2130 sitiones
1400 2123 1407 2136 ‚
1445 2096 1670 2137 derogationes
1704 2100 1733 2128 et
1767 2094 1992 2140 suspensiones

1254 2148 1438 2183 huiusmodi
1468 2149 1575 2182 nullae
1607 2154 1637 2182 et
1662 2148 1819 2182 invalidae
1844 2148 1989 2190 existant,

1254 2214 1313 2237 nec
1330 2203 1425 2237 alicui
1447 2203 1674 2246 suffragentur,
1698 2202 1753 2236 sed
1774 2202 1992 2247 suppressioni

1255 2263 1286 2290 et
1306 2256 1492 2290 extinctioni
1505 2255 1679 2300 praedictis
1697 2266 1735 2289 eo
1753 2255 1822 2299 ipso
1839 2255 1929 2288 locus
1949 2255 1993 2288 sa-

1256 2316 1325 2344 ctus
1345 2310 1385 2344 sit
1404 2316 1435 2344 et
1455 2320 1522 2344 esse
1540 2314 1726 2343 censeatur:
1748 2309 1772 2342 si
1795 2319 1871 2342 vero
1892 2307 1991 2353 aliqui

1256 2375 1291 2397 ex
1318 2364 1483 2398 modernis
1508 2363 1803 2408 archipresbytero,
1832 2361 1994 2395 canonicis

1256 2422 1287 2451 et
1307 2416 1517 2456 beneficiatis,
1533 2422 1604 2449 ante
1619 2415 1861 2448 translationem
1881 2414 1920 2448 de
1933 2414 1991 2456 eis,

1256 2476 1290 2504 ut
1303 2471 1491 2515 praefertur,
1505 2470 1693 2509 faciendam,
1708 2468 1913 2511 decesserint,
1924 2478 1995 2513 por-

1257 2523 1301 2556 tio
1328 2523 1373 2556 sic
1401 2533 1461 2566 pro
1490 2528 1635 2566 tempore
1666 2521 1891 2555 det-edentium
1923 2520 1994 2554 aliis

1256 2576 1481 2621 superstitibus
1497 2575 1680 2609 nullatenus
1693 2579 1863 2615 accrescat,
1884 2573 1940 2608 sed
1956 2585 1993 2607 u-

1294 2650 1302 2674 1
1328 2646 1373 2674 Vel
1393 2646 1453 2673 heio
1472 2644 1614 2681 legendum
1640 2644 1825 2680 praedictae,
1854 2645 1895 2671 vel
1915 2643 1995 2680 paulo

1257 2692 1316 2727 post
1335 2690 1479 2726 legendum
1500 2689 1597 2718 debeat
1618 2690 1654 2725 (rt.
1671 2689 1719 2724 τ.).
