2227 3241
247 303 296 330 An.
319 304 349 330 c.
367 303 435 332 1604
480 293 544 327 110

274 1477 384 1498 titi-*tantia
394 1478 430 1499 t-›l-

246 1504 276 1524 Ιιι,

276 2529 394 2551 Exordium.

447 352 534 385 Pauli
548 351 815 396 praedecessoris,
827 360 899 383 cum
915 350 1065 384 omnibus
1079 356 1110 384 et
1121 350 1185 384 sin-

445 405 526 446 gulis
552 405 582 437 in
609 404 669 437 illis
695 403 864 444 contentis,
892 403 1082 437 auctoritate
1106 414 1184 448 apo-

445 457 576 498 stolica,
606 463 716 490 tenore
741 456 976 500 praesentium,
1005 457 1180 490 confirma-

445 520 515 543 mus
536 516 566 543 et
585 510 815 554 approbamus,
840 510 966 554 illisque
991 510 1184 544 inviolabilis

445 563 640 607 apostolicae
670 563 832 597 firmitatis
863 564 964 598 robur
995 564 1181 604 adiicimus,

444 627 480 649 ac
505 626 617 649 omnes
641 621 673 649 et
696 616 859 659 singulos,
891 623 954 651 tam
986 617 1063 650 iuris
1088 627 1184 660 quam

444 669 528 710 facti,
557 670 708 712 desectus,
722 669 748 703 si
762 670 816 714 qui
843 670 874 703 in
899 670 1020 704 eisdem
1046 669 1184 703 interve-

443 722 571 763 nerim,
598 723 807 767 supplemus;
834 724 968 768 ipsaque
998 729 1123 764 castra,
1151 729 1186 756 ut

444 776 544 819 prius,
573 776 612 809 ab
636 777 724 810 omni
749 777 983 819 iurisdictione,
1011 777 1184 822 superiori-

446 835 519 871 tate,
537 830 682 864 dominio
700 837 731 864 et
750 836 910 876 potestate
931 831 1075 865 eiusdem
1095 830 1185 865 Sedis

445 882 476 915 in
498 883 581 917 dicta
606 883 733 918 civitate
760 884 965 918 Venetiarum
992 884 1120 926 nuncii,
1149 895 1185 918 ac

445 947 727 982 quorumcumque
760 938 921 978 aliorum,
958 945 1185 983 praeterquam

446 990 490 1023 tui
516 996 547 1024 et
569 991 683 1033 nostri,
711 1002 748 1026 ac
770 1002 829 1036 pro
855 997 1000 1036 tempore
1023 992 1186 1026 existentis

445 1045 587 1089 episcopi
612 1045 775 1079 Parentini
801 1051 832 1079 et
855 1046 992 1080 Romani
1022 1046 1186 1080 Pontificis

445 1109 481 1131 ac
495 1098 599 1132 dictae
613 1099 713 1141 Sedis,
731 1105 889 1144 exempta,
903 1099 1035 1144 tibique,
1050 1105 1080 1133 et
1093 1099 1186 1133 nobis

445 1157 476 1185 et
500 1152 604 1186 dictae
621 1152 695 1186 Sedi
713 1153 880 1187 dumtaxat
896 1153 1040 1187 subiecta
1059 1164 1186 1187 reman-

444 1206 523 1239 sisse
547 1212 578 1240 et
603 1216 782 1247 remanere,
806 1207 1000 1240 auctoritate
1024 1213 1055 1240 et
1076 1213 1187 1241 tenore

445 1260 629 1303 praedictis,
657 1260 863 1294 decernimus
887 1266 919 1294 et
942 1261 1154 1294 declaramus.

489 1314 506 1355 ἓ
526 1313 558 1346 4.
582 1313 653 1347 Non
677 1313 878 1347 obstantibus
903 1314 1187 1348 constitutionibus

445 1372 476 1400 et
495 1366 756 1400 ordinationibus
776 1367 972 1411 apostolicis,
996 1377 1122 1401 necnon
1143 1367 1188 1400 sa-

445 1420 617 1454 cultatibus
642 1426 672 1453 et
696 1420 846 1461 indultis,
875 1420 995 1454 nuncio
1020 1420 1186 1464 praedicto

448 1472 480 1505 in
497 1473 582 1507 dicta
603 1473 730 1507 civitate
746 1473 952 1508 Venetiarum
974 1484 1061 1507 nunc
1080 1478 1110 1508 et
1127 1484 1186 1517 pro

448 1532 593 1571 tempore
618 1527 764 1561 existenti
789 1528 960 1568 concessis,
989 1527 1187 1571 caeterisque

447 1579 616 1614 contrariis
640 1579 908 1624 quibuscumque.

489 1633 604 1667 Datum
629 1633 750 1667 Romae
769 1634 855 1678 apud
876 1638 1023 1667 sanctum
1045 1633 1186 1667 Marcum

445 1686 504 1720 sub
517 1688 636 1721 annulo
645 1687 825 1729 Piscatoris,
838 1688 889 1721 die
897 1698 984 1722 xxvii
998 1687 1067 1721 iulii
1079 1697 1187 1729 uoctv,

446 1740 652 1783 pontificatus
671 1741 773 1774 nostri
794 1751 878 1774 anno
899 1751 966 1775 xm.

481 1801 542 1830 Dat.
564 1801 607 1829 die
625 1802 658 1829 27
680 1802 736 1830 iulii
758 1803 837 1837 1604,
858 1803 954 1839 pontif.
976 1810 1019 1830 an.
1040 1809 1097 1830 xtu.

749 1927 878 1963 CCCLII.

447 2014 613 2061 Episcopis
630 2017 921 2062 Herbipolensibus
935 2017 1119 2052 conceditur
1137 2018 1188 2061 fa-

492 2070 595 2104 cultas
621 2075 682 2104 tres
706 2072 914 2105 canonicatus
942 2082 1001 2116 pro
1034 2071 1189 2115 [lecolossis

491 2134 511 2156 a
525 2123 614 2158 Iulio
630 2123 720 2169 Papa
740 2124 800 2159 III
816 2129 992 2158 reservatos
1005 2123 1190 2168 conferendi

491 2176 673 2211 doctoribus
693 2178 779 2211 iuris
799 2179 950 2212 canonici
962 2178 981 2211 ¹.

553 2257 722 2286 Venerabili
741 2258 829 2286 fratri
848 2259 925 2287 lulio
945 2259 1083 2293 episcopo

713 2303 923 2338 Eerbipolensi

654 2357 786 2385 Clemens
806 2358 887 2392 Papa
906 2357 984 2386 vln.

663 2410 848 2438 Venerabilis
863 2411 969 2445 frater,

492 2455 623 2483 satutem
637 2457 668 2484 et
681 2455 878 2489 apostolicam
892 2455 1142 2483 benedictionem.

493 2527 630 2570 Exigunt
647 2533 720 2561 tuae
736 2527 945 2561 fraternitatis
964 2527 1078 2561 merita
1090 2533 1125 2561 ut
1137 2537 1190 2561 vo-

450 2579 489 2612 tis
502 2579 574 2620 tuis,
592 2586 749 2624 quantum
764 2590 836 2614 cum
851 2580 987 2614 Domino
1005 2591 1186 2625 possumus,

451 2632 587 2666 libenter
607 2644 796 2668 annuamus.

488 2709 496 2734 1
522 2707 557 2734 Ex
578 2713 675 2743 regest.
698 2710 724 2736 iu
744 2709 849 2737 Secret.
872 2710 950 2737 Brev.

1030 301 1214 327 BULLARIUM
1230 301 1384 327 ROMANUM

1262 352 1277 394 5
1298 352 1328 383 1.
1352 351 1436 384 Alias
1452 350 1611 394 siquidem
1634 349 1735 383 felicis
1754 349 1954 383 recordatio-

1218 403 1267 437 nis
1283 404 1363 437 lulio
1384 404 1488 447 Papae
1512 402 1551 436 lll
1571 402 1813 447 praedecessori
1832 408 1954 444 nostro,

1218 467 1278 500 pro
1295 462 1386 501 parte
1406 456 1511 496 bonae
1529 455 1706 489 memoriae
1719 455 1862 500 episcopi
1882 456 1960 489 ller-

1219 510 1392 554 bipolensis
1410 515 1485 543 tunc
1502 510 1674 551 existentis,
1689 509 1843 554 exposito,
1857 510 1955 553 quod,

1219 563 1243 596 si
1258 573 1341 597 unus
1358 568 1389 597 et
1404 573 1469 596 una
1482 563 1583 597 sancti
1602 563 1730 597 Ioannis
1747 562 1959 606 evangelistae

1219 616 1292 649 novi
1319 616 1505 650 monasterii
1537 616 1643 657 intra,
1671 621 1702 650 et
1725 626 1809 650 unus
1833 626 1870 649 ae
1894 626 1958 648 una

1219 670 1319 703 sancti
1340 670 1467 703 loannis
1487 669 1520 702 in
1540 669 1672 712 Haugiis
1687 697 1694 710 ,
1716 679 1776 703 nec
1799 679 1864 702 non
1884 669 1960 702 reli-

1219 734 1302 767 quus
1329 730 1360 757 et
1390 724 1515 768 reliqua
1542 724 1643 758 sancti
1667 723 1845 757 Burehardi
1873 728 1961 756 trans

1219 782 1362 821 pontem,
1379 782 1469 811 extra
1481 788 1592 811 muros
1605 777 1738 811 civitatis
1751 776 1961 821 Herbipolen-

1219 831 1261 865 sis
1285 831 1498 865 saecularium
1524 837 1555 865 et
1579 831 1824 874 collegiatarum
1852 830 1958 864 eecle-

1219 885 1339 918 siarum
1361 885 1569 919 canonicatus
1593 891 1623 919 et
1642 884 1857 929 praebendae,
1880 894 1961 928 quos

1219 939 1326 982 primo
1343 939 1438 972 simul
1458 939 1506 972 vel
1529 939 1708 973 successive
1728 948 1841 972 vacare
1860 938 1962 971 conti-

1220 991 1326 1034 gisset,
1344 997 1419 1026 tunc
1436 998 1466 1026 et
1487 992 1583 1026 etiam
1597 992 1723 1037 quoties
1737 991 1890 1035 deinceps
1907 1001 1962 1024 va-

1221 1052 1366 1086 cassent,
1395 1046 1497 1080 tribus
1526 1046 1650 1080 clericis
1678 1045 1898 1080 saecularibus
1930 1044 1961 1078 in

1221 1100 1383 1143 theologia
1401 1100 1588 1134 doctoribus
1604 1099 1685 1144 (qui,
1706 1099 1778 1133 illos
1795 1109 1854 1143 pro
1876 1104 1959 1132 tem-

1220 1163 1299 1197 pore
1319 1153 1511 1194 obtinentes,
1528 1152 1559 1186 in
1572 1152 1796 1196 Herbipolensi
1817 1163 1854 1187 ac
1870 1162 1963 1196 prae-

1221 1206 1312 1240 dictis
1337 1212 1367 1240 et
1392 1207 1462 1240 aliis
1491 1206 1750 1250 quibuscumque
1774 1205 1908 1240 civitatis
1932 1212 1964 1240 et

1221 1259 1377 1293 dioecesis
1390 1259 1632 1303 Ilerbipolensis
1646 1259 1788 1292 ecclesiis
1801 1259 1888 1292 clero
1900 1269 1964 1293 ser-

1221 1322 1333 1346 mones
1347 1313 1464 1354 sacere,
1477 1323 1514 1346 ac
1523 1313 1645 1357 populo
1658 1313 1790 1346 verbum
1800 1312 1857 1347 Dei
1870 1323 1964 1357 prae-

1221 1366 1349 1407 dicare,
1373 1376 1409 1399 ac
1436 1366 1589 1400 lectiones
1614 1366 1646 1399 in
1672 1366 1833 1409 theologia
1856 1367 1963 1410 legere

1221 1420 1421 1463 tenerentur)
1442 1420 1627 1454 conserendi
1641 1447 1648 1461 ,
1665 1419 1742 1453 dicti
1762 1425 1840 1453 tunc
1857 1424 1889 1453 et
1903 1429 1963 1464 pro

1222 1479 1367 1518 tempore
1385 1473 1548 1507 existentis
1565 1473 1708 1517 episcopi
1721 1473 1963 1517 IIerbipolensis

1221 1527 1386 1560 collationi
1407 1533 1437 1560 et
1454 1526 1659 1571 dispositioni
1684 1527 1835 1561 reservati
1864 1533 1896 1560 et
1923 1527 1963 1560 ad

1221 1580 1283 1613 hoc
1303 1580 1448 1624 deputati
1467 1580 1610 1622 fuissent,
1628 1591 1665 1614 ex
1683 1580 1745 1613 hoc
1764 1580 1911 1624 profecto
1931 1580 1963 1613 in

1221 1633 1349 1667 civitate
1374 1641 1405 1667 et
1425 1633 1565 1667 dioecesi
1582 1634 1755 1678 praedictis
1780 1633 1962 1667 animarum

1221 1687 1315 1720 saluti
1334 1697 1392 1731 per
1415 1687 1554 1731 amplius
1575 1687 1756 1720 consultum
1783 1687 1910 1728 suisset,
1934 1693 1966 1721 et

1221 1751 1261 1773 ne
1276 1740 1394 1774 ibidem
1410 1741 1556 1774 luterana
1569 1745 1600 1773 et
1613 1740 1693 1774 aliae
1708 1741 1878 1774 damnatae
1889 1739 1965 1774 hae-

1221 1804 1318 1834 reses,
1340 1794 1615 1838 quemadmodum
1633 1793 1666 1826 in
1684 1793 1753 1827 aliis
1773 1794 1964 1828 Germaniae

1222 1848 1367 1891 partibus
1387 1848 1600 1887 invaluerant,
1617 1847 1848 1882 invalescerent
1860 1847 1966 1881 obvia-

1222 1901 1348 1942 retur¹‚
1384 1907 1431 1942 et,
1462 1901 1488 1935 si
1516 1911 1599 1945 quae
1628 1900 1758 1934 excitari
1786 1901 1961 1945 cepissent,

1222 1954 1348 1988 facilius
1368 1954 1616 1998 extirparentur3
1640 1965 1676 1987 ac
1696 1964 1755 1998 pro
1774 1959 1866 1998 parte
1887 1953 1964 1987 dicti

1222 2007 1365 2051 episcopi
1382 2007 1488 2041 eidem
1503 2007 1584 2041 lulio
1598 2007 1840 2052 praedecessori
1853 2012 1964 2041 nostro

1222 2061 1389 2095 humiliter
1408 2061 1600 2106 supplicato,
1618 2062 1697 2095 utin
1714 2061 1900 2106 praemissis
1912 2071 1966 2105 op-

1223 2120 1362 2159 portune
1379 2115 1550 2159 providere
1571 2116 1610 2149 de.
1625 2115 1822 2158 benignitate
1835 2120 1964 2160 aposto-

1223 2168 1284 2202 lica
1304 2168 1510 2211 dignaretur:
1530 2169 1598 2212 ipse
1618 2168 1718 2202 lulius
1734 2168 1965 2212 praedecessor

1223 2221 1408 2255 huiusmodi
1441 2222 1731 2266 supplicationibus
1768 2221 1939 2255 inclinatus
1953 2248 1960 2261 ,

1224 2285 1323 2308 unum
1345 2280 1377 2309 et
1403 2285 1500 2309 unam
1527 2275 1628 2309 sancti
1653 2274 1779 2308 Ioannis
1804 2274 1964 2317 evangeli·

1223 2334 1289 2361 stae
1316 2328 1389 2362 novi
1415 2328 1603 2362 monasterii
1624 2328 1724 2369 intra,
1748 2338 1785 2361 ac
1809 2327 1910 2361 alium
1934 2333 1966 2361 et

1223 2381 1320 2414 aliam
1346 2381 1447 2415 sancti
1472 2381 1600 2415 loannis
1626 2381 1657 2414 in
1678 2381 1818 2423 IlaugiiS,
1839 2390 1965 2414 necnon

1223 2434 1385 2478 reliquum
1411 2441 1441 2468 et
1465 2435 1623 2479 reliquam
1654 2434 1755 2468 sancti
1786 2434 1964 2468 Burchardi

1224 2493 1310 2522 trans
1323 2494 1467 2533 pontem,
1484 2494 1573 2522 extra
1590 2498 1699 2522 muros
1717 2487 1871 2521 civitatis⁸
1887 2488 1966 2521 Iler-

1259 2578 1271 2602 1
1294 2575 1366 2603 Edit.
1387 2576 1467 2604 Main.
1495 2576 1578 2604 babet
1603 2576 1810 2612 invaluissent,
1831 2577 1964 2610 obviari,-

1224 2620 1298 2648 locus
1319 2620 1465 2648 mendosus
1484 2629 1555 2654 esse,
1576 2624 1603 2648 et
1622 2621 1812 2649 emendatione
1823 2621 1912 2657 aliqua
1927 2621 1965 2648 in-

1224 2665 1326 2701 digere,
1347 2665 1425 2693 nobis
1444 2665 1516 2694 visus
1535 2666 1585 2693 fuit
1603 2666 1641 2702 (a.
1661 2666 1710 2701 aa).

1258 2710 1274 2736 ⁶2
1295 2709 1365 2738 Edit.
1386 2710 1465 2738 Main.
1487 2710 1570 2738 habet
1589 2714 1672 2739 eoelra
1700 2718 1798 2739 muros
1821 2711 1964 2745 Herbipo-

1971 300 2021 327 An.
2043 300 2071 328 C.
2089 298 2157 329 1608

1999 363 2063 384 tutius
2073 362 2100 384 nt
2114 365 2156 385 tres

1972 390 2115 414 canonicatus,
2121 390 2156 417 qui

1972 416 2007 437 hic
2015 418 2155 441 recensentur.

1972 442 2081 463 collationi
2112 443 2156 469 epi-

1973 469 2032 495 scopi
2053 468 2156 495 herbipo-

1973 496 2036 517 lensis
2063 500 2156 517 reserva-

1975 523 2009 548 vit,
