2227 3241
33 285 81 313 Ani
97 284 125 312 C.
149 284 215 312 ¹604

83 1200 130 1222 Illa
140 1198 216 1220 Bonio-

33 1228 90 1248 nansi
112 1226 215 1248 ecclesiae

33 1253 124 1279 addicit3

61 2426 115 2448 Alias
125 2432 176 2448 vero
186 2433 219 2449 ec·

40 2453 114 2474 cluuiani
139 2454 220 2476 Raven-

40 2481 121 2501 „aiensi
146 2481 220 2502 sutri-a-

41 2511 118 2552 3³:²²²*
126 2507 220 2529 deelara-

55 2538 60 2553 ι
72 2547 77 2553 .

836 285 974 308 CLEMENS
999 285 1055 308 vtll
1081 286 1124 308 Pr.

226 332 376 376 scriptae,
401 342 457 366 seu
475 332 647 366 adiunctae
665 332 798 366 fuissent
817 332 865 366 vel
891 342 966 365 cen-

225 391 394 426 serentur,
425 390 479 419 aut
504 386 535 419 in
560 386 762 430 possessione
788 384 883 419 etiam
908 385 967 418 im-

226 438 441 479 memorabili,
465 449 521 472 seu
541 439 644 483 quasi,
661 449 729 472 esse
747 438 968 483 reperirentur

225 492 274 525 vel
304 492 609 537 praetenderentur)
634 503 652 525 a
680 492 910 526 Mediolanensi
938 498 969 526 et

225 545 487 590 quibuscumque
508 545 578 579 aliis
606 545 867 590 metropolitanis
891 556 968 590 pro-

225 598 337 632 vinciis
350 598 549 639 huiusmodi,
566 609 603 632 ac
615 599 704 632 omni
719 604 750 633 et
763 609 969 643 quacumque

226 651 312 686 illius
345 652 505 696 praesidis
535 663 595 696 pro
630 659 776 696 tempore
808 651 969 686 existentis

227 705 464 750 metropolitica
490 706 736 748 iurisdictione,
764 706 966 748 visitatione,

226 758 471 803 superioritate‚
495 760 698 794 correctione
717 765 749 793 et
769 759 966 801 obedientia,

227 810 302 853 illis,
315 816 351 844 ut
361 812 553 856 praefertur,
570 813 617 846 vel
632 813 710 846 alias
724 812 971 857 quomodolibet

228 864 336 899 forsan
350 871 566 910 competente,
589 866 738 900 similiter
750 872 907 911 perpetuo
920 876 971 910 pe-

228 917 315 952 nitus
332 918 510 953 exemimus
527 925 558 953 et
575 920 718 954 totaliter
742 919 967 960 liberavimus,

229 981 349 1016 easque
369 977 400 1005 et
424 972 554 1006 illarum
583 973 778 1018 quamlibet,
806 973 968 1006 Placenti-

228 1034 316 1066 nam,
337 1024 496 1067 videlicet,
521 1037 557 1060 ae
582 1027 788 1060 Parmensem
803 1053 810 1067 ‚
834 1026 971 1069 Regien-

230 1088 309 1120 sem,
329 1078 540 1112 Mutinensem
554 1107 561 1120 ,
593 1079 796 1114 Cremensem
819 1084 849 1113 et
875 1079 971 1122 Burgi

230 1131 333 1165 sancti
352 1132 504 1166 Domnini
527 1133 690 1174 eeclesias,
710 1143 888 1177 earumque
908 1132 972 1166 sin-

231 1186 380 1229 gularum
400 1187 576 1231 praesules,
600 1187 751 1232 capitula,
775 1187 917 1220 civitates
943 1192 973 1220 et

232 1239 407 1281 dioeceses,
438 1251 498 1274 nee
528 1251 594 1274 non
626 1241 749 1281 cleros,
779 1240 917 1285 populos
942 1245 973 1273 et

231 1294 402 1339 utriusque
429 1305 521 1328 sexus
545 1305 712 1339 personas,
737 1300 801 1327 tam
827 1295 971 1328 saecula-

231 1359 282 1382 res
302 1358 399 1393 quam
421 1348 654 1382 ecclesiasticas
676 1349 877 1390 earumdem,
898 1360 970 1382 eum

230 1401 382 1436 omnibus
411 1406 442 1435 et
472 1401 606 1444 singulis
625 1401 778 1443 ecclesiiS,
803 1412 877 1435 eum
896 1404 972 1435 cura

229 1460 262 1489 et
281 1454 350 1489 sine
376 1456 470 1495 eura,
495 1459 525 1488 et
545 1454 742 1498 collegiatis,
767 1455 972 1499 quantumvis

230 1508 396 1553 exemptis,
420 1508 516 1542 etiam
536 1508 667 1549 nullius,
692 1508 776 1542 intra
800 1509 880 1542 fines
898 1520 973 1554 pro-

228 1562 354 1597 vinciae
385 1562 654 1606 metropolitanae
681 1562 893 1596 Bononiensis
921 1573 973 1596 ex-

229 1616 412 1657 istentibus,
437 1615 641 1649 monasteriis
661 1626 804 1660 quoque,
824 1616 970 1660 hospita·
989 1629 991 1637 ·

229 1670 325 1712 libus,
357 1669 437 1703 loeis
461 1669 523 1714 piis
554 1675 585 1703 et
615 1669 774 1712 religiosis
806 1670 973 1714 utriusque

229 1734 342 1765 sexuS‚
377 1723 481 1757 dictae
510 1723 665 1757 ecclesiae
690 1723 884 1758 Bononiensi
913 1735 973 1768 pro

230 1778 295 1813 suis
325 1776 538 1821 suffraganeis
569 1782 599 1811 et
630 1777 905 1822 provincialibus,
937 1789 974 1812 ae

231 1832 310 1866 alias
337 1831 424 1865 iuxta
451 1837 597 1865 tenorem
618 1831 799 1866 litterarum
826 1832 973 1875 Gregorii

229 1885 490 1930 praedecessoris
521 1884 728 1927 huiusmodi,
752 1896 788 1920 ac
820 1886 918 1920 modo
944 1891 974 1920 et

230 1939 335 1974 forma
350 1939 382 1974 in
401 1939 463 1973 illis
476 1939 635 1984 expressis
648 1945 679 1973 et
699 1940 859 1974 contentis
877 1940 974 1984 (quae

231 1993 341 2029 omnia
361 1993 457 2028 etiam
484 1994 524 2028 ad
545 1994 664 2028 dictam
683 1994 854 2028 ecelesiam
872 1994 973 2028 saneti

230 2047 380 2084 Domnini
395 2052 523 2082 extensa
537 2052 566 2081 et
580 2047 734 2092 ampliata
752 2054 971 2089 censerentur,

231 2162 264 2191 et
289 2156 440 2202 specifica
468 2155 589 2190 mentio
619 2156 702 2189 sacta
731 2156 825 2199 soret)
854 2156 975 2200 pariter

231 2216 388 2257 perpetuo
418 2209 636 2244 concessimus
661 2214 691 2244 et
718 2210 971 2253 assignavimus,

232 2264 472 2300 Ferrariensem
500 2274 575 2298 vero
597 2269 627 2298 et
647 2263 884 2298 Ariminensem
918 2275 971 2298 ec-

233 2319 346 2353 elesias
361 2318 578 2363 (etiamsinon
592 2323 772 2362 appareret,
786 2328 891 2362 neque
905 2329 976 2362 pro-

233 2373 304 2407 bari
333 2377 463 2417 posset,
494 2372 582 2416 quod
610 2371 683 2405 illae
713 2370 888 2415 aliquando
916 2372 975 2405 sub

235 2426 320 2460 dicta
331 2425 498 2470 provincia
519 2424 753 2459 Ravennatensi
768 2424 977 2469 comprehen-

235 2490 299 2520 sae,
330 2485 384 2513 aut
411 2479 456 2512 illi
485 2479 649 2512 subiectae
677 2478 824 2521 fuissent)
849 2488 976 2511 necnon

235 2533 426 2567 lmolensem
448 2537 480 2566 et
499 2532 700 2567 Cerviensem
719 2532 869 2566 eeclesias
888 2541 978 2576 prae-

237 2586 336 2620 dictas
362 2586 509 2620 similiter
537 2597 609 2619 eum
631 2586 696 2619 suis
724 2585 902 2630 episcopis,
927 2596 977 2619 ca-

236 2639 357 2684 pitulis,
380 2639 581 2681 civitatibus,
613 2640 837 2680 dioecesibus,
869 2639 973 2680 terris,

239 2693 419 2736 territoriis,
441 2693 544 2736 cleris,
564 2694 704 2739 populis,
722 2693 908 2738 collegiatis,
927 2704 979 2740 pa-

1650 272 1703 305 151

1000 332 1198 365 roehialibus
1216 338 1246 366 et
1263 333 1333 365 aliis
1355 333 1509 373 ecelesiis,
1531 341 1655 365 necnon
1675 341 1744 364 mo-

1001 385 1159 426 nasteriis,
1177 386 1331 428 collegiis,
1345 386 1568 430 hospitalibus,
1585 385 1664 418 locis
1683 384 1744 429 piis

1002 444 1033 472 et
1053 439 1212 482 religiosis
1233 439 1402 484 utriusque
1428 450 1540 479 sexus,
1565 438 1662 472 etiam
1684 449 1740 471 ex-

1002 492 1127 536 emptis,
1145 498 1175 525 et
1188 503 1394 537 quocumque
1409 493 1576 537 privilegio
1595 492 1744 533 suffultis,

1002 556 1039 579 ac
1059 545 1209 579 omnibus
1230 552 1260 579 et
1288 546 1421 589 singulis
1450 545 1616 579 beneficiis
1641 546 1743 579 eecle-

1003 598 1149 640 siasticis,
1167 610 1238 632 cum
1261 602 1336 633 cura
1358 605 1389 633 et
1405 599 1473 633 sine
1495 602 1581 642 eura,
1602 599 1745 632 saecula-

1003 652 1092 686 ribus
1107 658 1138 685 et
1151 653 1339 697 quorumvis
1353 653 1507 686 Ordinum
1527 652 1741 695 regularibus,

1004 705 1158 739 eeclesiae
1171 733 1178 746 ‚
1213 706 1398 750 provinciae
1430 712 1461 740 et
1501 706 1745 750 archiepiscopo

1004 759 1236 792 Ravennatensi
1274 760 1448 804 praedietis
1479 761 1564 793 ultra
1595 760 1745 793 eeclesias

1004 813 1206 854 Adriensem,
1234 813 1492 854 Comaclensem,
1523 813 1742 854 Faventinam,

1004 866 1255 900 Foroliviensem
1272 894 1278 907 ,
1307 866 1584 900 Brittinoriensem
1601 894 1608 907 ,
1633 866 1745 900 Caese-

1004 926 1183 961 natensem,
1199 920 1453 954 Sarsinatensem
1470 925 1500 953 et
1514 920 1602 960 alias,
1624 919 1648 952 si
1663 931 1746 964 quae

1004 973 1078 1014 sint,
1096 973 1195 1017 ipsius
1215 973 1369 1006 eeclesiae
1386 972 1665 1006 Ravennatensisis
1682 974 1745 1006 sus-

1004 1027 1182 1069 fraganeas,
1202 1026 1440 1070 metropolitico
1459 1026 1527 1058 iure
1541 1026 1599 1067 (ita
1612 1031 1645 1058 ut
1661 1026 1745 1059 idem

1005 1080 1268 1124 archiepiscopus
1300 1080 1549 1113 Ravennatensis
1576 1090 1635 1124 pro
1661 1085 1744 1112 tem-

1005 1144 1084 1178 pore
1105 1133 1244 1167 existens
1265 1133 1296 1166 in
1316 1133 1377 1166 illis
1395 1133 1548 1167 omnibus
1566 1138 1597 1166 et
1613 1132 1748 1176 singulis

1006 1187 1054 1220 ius
1069 1187 1343 1231 metropoliticum
1359 1186 1419 1220 sibi
1435 1187 1614 1227 vendicare,
1626 1198 1662 1220 ae
1673 1187 1746 1219 Fer—

1007 1241 1170 1283 rariensis,
1191 1241 1415 1281 Ariminensis,
1433 1241 1601 1275 Imolensis
1622 1246 1652 1274 et
1672 1241 1747 1275 Cer-

1006 1298 1121 1331 viensis
1142 1296 1350 1330 ecclesiarum
1371 1295 1557 1328 huiusmodi
1580 1295 1748 1339 episcopos

1007 1353 1052 1386 uti
1073 1352 1216 1385 eiusdem
1238 1350 1391 1385 ecelesiae
1412 1349 1662 1384 Ravennalensis
1682 1351 1748 1383 sus-

1008 1408 1176 1449 sraganeos
1191 1416 1391 1445 consecrare,
1406 1405 1488 1437 etad
1504 1404 1571 1438 eius
1589 1404 1747 1449 synodum

1006 1460 1203 1505 provinciale
1217 1470 1363 1499 evocare,
1382 1464 1573 1502 caeteraque
1587 1458 1696 1491 onmia
1710 1458 1749 1491 ad

1007 1513 1281 1557 archiepiscopale
1296 1524 1412 1546 munus
1424 1518 1455 1545 et
1468 1512 1669 1552 officium,de
1680 1512 1749 1545 iure

1007 1568 1054 1601 vel
1076 1566 1326 1607 consuetudine,
1348 1577 1385 1599 ae
1406 1566 1483 1599 alias
1502 1566 1751 1610 quomodolibet

1006 1621 1184 1666 spectantia
1198 1626 1229 1653 et
1249 1620 1446 1664 pertinentia
1461 1620 1577 1661 faeere,
1592 1630 1750 1661 exercere,

1007 1685 1194 1719 procurare,
1218 1673 1444 1707 administrare
1463 1679 1494 1707 et
1514 1673 1627 1717 exequi
1649 1673 1750 1708 libere

1008 1734 1037 1762 et
1064 1728 1150 1762 licite
1172 1727 1308 1767 valeret,
1333 1727 1475 1771 dictique
1503 1727 1645 1771 episcopi
1674 1728 1749 1761 Fer-

1009 1781 1171 1821 rariensis‚
1196 1779 1420 1821 Ariminensis,
1442 1780 1610 1813 lmolensis
1630 1786 1660 1813 et
1680 1781 1751 1814 Cer-

1008 1832 1135 1873 viensis,
1159 1842 1245 1865 nunc
1267 1837 1297 1864 et
1318 1841 1377 1875 pro
1396 1837 1543 1875 tempore
1564 1831 1747 1873 existentes,

1008 1886 1177 1931 praedicto
1224 1884 1468 1929 archiepiscopo
1514 1885 1750 1919 Ravennatensi

1009 1946 1173 1984 tamquam
1189 1939 1336 1972 membra
1354 1938 1449 1982 capiti
1472 1938 1697 1982 obsequentes,
1711 1939 1751 1972 ad

1008 1995 1118 2029 omnia
1149 2001 1178 2028 et
1213 1994 1339 2037 singula
1372 1999 1560 2027 tenerentur
1588 2000 1616 2027 et
1647 2000 1752 2027 essent

293 2102 298 2108 ¹
327 2102 347 2136 d
458 2101 464 2106 .
486 2101 492 2107 .
557 2101 562 2107 ¹
584 2102 602 2135 d
684 2102 702 2135 d
750 2102 803 2135 'm
906 2102 912 2107 ι
937 2102 957 2135 1‘
991 2048 1154 2109 ‘obligatu
1173 2049 1312 2092 adquae
1333 2047 1385 2080 alii
1407 2047 1601 2090 suffraganei
1619 2048 1684 2081 suis
1702 2058 1749 2081 ee-

230 2112 323 2148 perin
350 2113 366 2136 e
383 2112 420 2136 ac
440 2112 466 2135 si
485 2112 516 2135 in
535 2112 580 2136 eis
607 2113 656 2136 ern
707 2113 722 2135 e
748 2114 757 2135 1
785 2115 793 2135 i
827 2113 934 2146 specia
950 2113 974 2135 is

1009 2103 1114 2137 clesiis
1150 2102 1394 2146 inetropoliticis
1432 2107 1462 2135 et
1498 2102 1751 2146 archiepiscopis

1011 2156 1278 2201 metropolitanis,
1303 2157 1341 2189 de
1360 2156 1427 2189 iure
1442 2156 1489 2188 vel
1504 2156 1748 2197 consuetudine,

1010 2221 1046 2244 ac
1061 2210 1139 2244 alias
1153 2209 1400 2254 quomodolibet
1419 2210 1612 2243 tenebantur
1626 2215 1654 2243 et
1674 2209 1753 2242 obli—

1010 2264 1074 2307 gan
1100 2263 1204 2306 erant)
1227 2263 1337 2296 itidem
1364 2269 1520 2307 perpetuo
1541 2262 1748 2303 subiecimus,

1011 2328 1046 2350 ac
1060 2316 1213 2360 deinceps
1234 2316 1398 2360 perpetuis
1419 2316 1533 2349 suturis
1553 2316 1752 2360 temporibus

1757 282 1805 308 An.
1822 281 1850 308 C.
1875 281 1941 308 1604

1010 2369 1262 2410 Ferrariensein,
1286 2369 1538 2410 Ariminensem,
1559 2370 1751 2402 lmolensem
1779 2388 1783 2391 ‚

1011 2429 1041 2456 et
1065 2423 1266 2458 Cerviensem
1289 2422 1439 2456 eeclesias
1465 2423 1645 2466 praedictas
1671 2422 1753 2455 inter

1011 2476 1088 2510 alias
1105 2477 1323 2518 suffraganeas
1342 2476 1445 2509 dictae
1460 2475 1613 2508 eeclesiae
1631 2476 1753 2508 Raven-

1011 2530 1151 2564 natensis
1172 2530 1454 2563 coniminerandas
1469 2535 1496 2562 et
1511 2529 1698 2569 censendas,
1716 2539 1752 2562 ae

1012 2590 1075 2618 tam
1094 2595 1147 2618 eas
1165 2595 1260 2628 quarn
1278 2584 1403 2616 illarum
1423 2583 1622 2624 singularum
1645 2583 1753 2616 civita-

1013 2644 1057 2672 tes
1080 2644 1110 2671 et
1129 2638 1293 2671 dioeceses
1317 2638 1376 2670 sub
1398 2637 1464 2681 ipsa
1494 2636 1659 2680 provincia
1685 2637 1749 2670 na-

1012 2692 1197 2726 vennatensi
1230 2690 1494 2736 comprehensas,
1520 2696 1550 2724 et
1570 2691 1752 2725 nullatenus
