2227 3241
34 241 83 268 An.
99 238 126 266 C.
151 238 217 265 1607

70 1527 227 1548 Praescribam-

14 1579 15 1582 Ἴ
45 1559 84 1581 qna
93 1555 227 1580 transumptis

44 1581 101 1602 credi
116 1581 180 1602 iubet.

878 235 996 259 PAULFS
1018 236 1037 258 V
1057 236 1106 259 ΓΡ.

233 286 351 320 similia
374 286 420 319 ad
453 285 677 320 christifideles
697 284 893 325 excitandos,
920 289 972 317 aut

232 339 298 372 ulla
324 339 558 380 instrumenta,
582 339 797 383 quorumdam
825 343 975 382 quaesto-

234 403 306 425 rum
329 392 465 435 insignia
486 403 550 425 non
572 392 813 432 circumferant,
828 391 931 423 minas
946 395 973 423 et

234 446 484 491 imprecationes
509 447 548 479 ad
567 446 805 489 extorquendas
825 444 976 488 pecunias

234 506 288 533 ant
309 500 371 533 alia
391 500 476 533 bona
502 510 565 533 non
593 499 761 540 intentent,
784 498 863 531 nibil
885 497 974 542 quasi

235 554 377 587 debitum
401 561 431 587 et
452 559 640 587 consuetum
659 558 779 597 petant,
800 551 887 584 nulla
908 557 976 584 arte

234 612 376 648 utantur,
393 607 447 640 sed
471 606 678 650 simpliciter,
701 605 753 650 pie
781 610 812 638 et
833 605 977 638 modeste

234 671 293 704 pro
314 661 524 694 subventione
542 660 617 693 dicti
636 659 803 704 hospitalis
823 659 974 703 petendo,

236 715 267 748 id
288 715 375 759 quod
387 720 500 758 sponte
512 713 648 747 offertur
661 718 786 747 tantum
802 713 974 757 accipiant,

235 769 423 812 nullamque
444 778 542 812 super
563 767 656 801 dictis
671 767 883 811 eleemosynis
899 777 979 810 quo·
995 801 997 817 Ι

236 821 281 854 vis
301 821 432 854 nomine
454 821 699 854 conventionem
722 820 818 853 etiam
845 820 877 853 in
903 819 998 868 dicul

235 874 404 918 hospitalis
437 874 606 907 utilitatem
649 873 781 913 saciant,
819 873 978 907 Ordinarii
997 876 998 882 ¹

236 932 343 961 autem
370 927 516 961 locorum
542 937 601 971 pro
618 926 869 971 praemissorum
889 937 998 970 prae-¹

238 981 303 1014 cisa
329 981 553 1014 observatione
573 991 637 1014 non
657 981 761 1014 solum
784 991 820 1013 ex
842 981 979 1014 aliorum
998 1012 999 1018 ,

238 1034 413 1075 delatione,
431 1035 486 1068 sed
508 1045 543 1067 ex
565 1045 623 1067 suo
641 1034 737 1067 etiam
753 1034 860 1067 officio
876 1034 982 1078 inqui-

238 1093 320 1128 rant,
341 1087 366 1121 si
388 1088 466 1132 qna¹
489 1088 574 1121 fraus
593 1088 631 1121 ab
657 1088 733 1132 ipsis
754 1085 1000 1139 collectoribus¹

237 1142 427 1186 praesertim
444 1142 595 1175 adversus
612 1142 697 1184 leges
711 1141 755 1174 cis
768 1142 983 1186 praescriptas
998 1144 1001 1168 ¹·

239 1195 475 1228 committatur:
500 1206 580 1240 quos
605 1195 630 1228 si
656 1206 728 1229 reos
753 1206 826 1228 vere
852 1206 1001 1251 repere-3

239 1249 304 1282 rint
328 1259 387 1293 pro
414 1250 510 1283 modo
536 1249 650 1293 culpae
677 1249 810 1282 arbitrio
835 1260 892 1283 suo
917 1258 1001 1294 pti-¹

239 1302 349 1343 niant,
377 1303 575 1347 eosdemque
603 1303 710 1336 statim
744 1314 761 1335 a
793 1303 1002 1337 collectionet

240 1356 516 1400 eleemosynarum
537 1356 722 1390 huiusmodi
743 1362 924 1397 amoveant,
948 1367 983 1389 ac

241 1409 322 1442 alios
339 1409 395 1453 qui
421 1409 496 1442 boni
524 1414 555 1441 et
580 1408 687 1442 idonei
713 1409 778 1442 sint
802 1409 842 1442 ab
863 1409 983 1443 eisdem

241 1462 463 1507 superioribus
483 1468 593 1495 curent
609 1462 827 1499 susssciendos2
1002 1505 1004 1507 q

286 1517 302 1558 g
325 1516 354 1549 7.
378 1516 535 1560 Quodque
557 1516 747 1549 earumdem
766 1516 983 1560 praesentium

244 1570 464 1614 transumptis,
488 1570 584 1603 ctiam
604 1570 779 1614 impressis,
805 1582 901 1603 manu
922 1581 983 1604 no·
1002 1575 1004 1582 ⁴

245 1623 314 1657 tarii
335 1623 455 1668 publici
478 1623 679 1667 subscriptis,
700 1629 731 1657 et
755 1623 890 1657 alicuius
915 1634 987 1668 per-

243 1687 341 1711 sonae
355 1678 386 1710 in
401 1677 555 1720 dignitate
569 1677 782 1711 ecclesiastica
795 1677 987 1711 constitutae

244 1730 350 1773 sigillo
384 1730 534 1772 munitis,
563 1731 675 1764 cadem
707 1742 840 1775 prorsus
868 1732 988 1776 ubique

244 1784 276 1816 in
299 1784 418 1818 iudicio
436 1790 467 1818 et
483 1790 571 1818 extra
586 1784 665 1818 sides
683 1785 886 1827 adhibeatur,
907 1796 989 1829 quae

245 1838 321 1882 ipsis
346 1838 558 1881 originalibus
580 1838 810 1879 adhiberetur,
837 1839 862 1871 si
885 1839 989 1872 forent

246 1891 407 1925 exhibitae
426 1891 473 1925 vel
492 1897 649 1925 ostensae.

291 1944 406 1978 Datum
437 1945 558 1979 Romae
594 1945 679 1989 apud
705 1945 736 1979 S.
764 1945 904 1979 Marcum
929 1946 988 1979 sub

247 1999 368 2032 annulo
386 1999 557 2033 Piscatoris
579 1999 630 2033 die
655 2010 715 2033 xxx
737 2000 848 2044 aprilis
869 2011 990 2042 maevii,

246 2052 451 2096 pontificatus
468 2053 570 2087 nostri
590 2064 674 2087 anno
696 2064 730 2088 11.

283 2115 340 2143 Dat.
359 2115 402 2143 die
417 2116 451 2145 30
470 2116 565 2152 aprilis
582 2117 660 2151 1607,
678 2117 773 2153 pontif.
792 2125 834 2145 an.
853 2125 881 2144 ii.

552 2276 683 2310 Lxxtv.
757 2269 780 2287 ⁶

249 2373 405 2407 Prohibet
422 2374 600 2418 qnoim'nus
610 2374 819 2407 ecclesiastici
832 2375 865 2407 in
885 2376 991 2418 parli-

295 2427 352 2460 bus
366 2427 545 2460 ludim-nm
565 2427 826 2461 Occi'devlab'um
843 2428 992 2472 (Icqcntes

293 2481 429 2525 quodvis
454 2481 594 2514 illicitae
622 2482 861 2526 ncyociati'om's
890 2493 992 2526 glenus

295 2539 463 2569 exerceant
474 2535 495 2568 ².

286 2606 298 2632 1
323 2605 392 2633 Edit.
405 2606 483 2634 Μαίη.
498 2607 561 2642 legit
574 2608 599 2635 si
614 2616 686 2643 ιμιιίε
701 2609 783 2642 fraus
799 2610 835 2642 (n.
854 2610 901 2642 rs.

286 2651 302 2677 2
319 2650 355 2677 Ex
372 2650 477 2687 Hegest.
496 2652 522 2679 in
537 2652 639 2680 Secret.
662 2652 796 2680 Breriuni.

1657 222 1721 255 405

1252 284 1362 310 Paulus
1382 283 1460 317 Papa
1481 283 1512 317 V,

1133 337 1168 363 ad
1189 340 1364 371 perpetuam
1385 336 1428 364 rei
1450 335 1629 364 memoriam.

1055 444 1072 485 g
1092 442 1120 475 l.
1138 443 1235 483 Cmn,
1256 443 1337 476 sicut
1369 443 1574 487 acecpimus,
1600 453 1658 476 nec
1684 442 1752 475 sine

1768 231 1817 258 An.
1839 231 1867 258 C.
1887 231 1952 259 1007

1809 452 1955 473 Ecclcfflasinw

1730 497 1735 502 ,
1768 480 1787 500 in
1811 480 1875 500 tuitii»-
1901 486 1956 500 ucci-

1010 497 1108 529 animi
1132 497 1230 531 nostri
1252 497 1409 535 molestia,
1435 498 1465 530 in
1478 498 1640 531 Indiaruin
1663 497 1752 531 Occi-

1012 550 1187 583 dentalium
1208 550 1354 594 partibus
1374 551 1536 584 inoleverit
1556 551 1684 591 abusus,
1697 561 1753 584 seu

1012 603 1118 648 potius
1139 605 1335 648 corruptela,
1354 604 1517 645 utclerici,
1540 605 1634 638 etiam
1657 605 1688 637 in
1706 615 1755 638 sa-

1011 657 1090 690 scris
1105 663 1134 690 et
1147 657 1388 702 presbyteratus
1400 657 1567 691 ordinibus
1578 657 1752 704 constituti,

1012 721 1049 743 ae
1069 710 1165 744 etiam
1181 711 1388 744 ecelesiarum
1402 711 1637 755 parochialium
1653 717 1757 745 recto-

1013 775 1074 806 res,
1095 765 1241 809 aliaeque
1262 776 1420 809 personae
1435 765 1668 799 ecclesiasticae
1683 776 1758 809 par-

1015 818 1070 850 tim
1092 818 1150 851 sub
1172 824 1351 862 praetextu,
1376 819 1463 862 quod
1494 818 1639 852 redditus
1663 818 1755 852 susti—

1015 873 1133 905 cientes
1155 872 1194 905 ad
1216 882 1327 904 corum
1347 882 1523 914 congruam
1544 872 1761 905 sustentatIO-

1016 936 1088 958 nem
1116 936 1179 959 non
1213 925 1378 966 habeant,
1402 926 1518 970 partim
1545 926 1615 958 aliis
1641 925 1761 958 frivolis

1016 979 1131 1020 causis,
1148 979 1203 1013 scd
1224 980 1332 1024 potius
1353 980 1496 1021 avaritia,
1513 990 1596 1024 quae
1614 979 1760 1012 omnium

1017 1033 1176 1066 malorum
1204 1033 1294 1066 radix
1321 1034 1436 1074 existit,
1465 1034 1606 1075 adducti,
1629 1033 1760 1066 diversis

1018 1086 1145 1120 illicitae
1154 1087 1387 1129 negociationis
1398 1087 1569 1130 generibus
1579 1098 1610 1120 se
1623 1098 1655 1120 se
1667 1087 1762 1121 invol-

1018 1146 1101 1181 vant,
1127 1140 1156 1173 in
1179 1141 1386 1174 ecclesiastici
1406 1141 1534 1175 Ordinis
1548 1142 1687 1175 dedecus
1708 1153 1761 1176 eo-

1018 1205 1155 1238 rumque
1176 1195 1359 1228 animarum
1379 1195 1556 1239 perniciem
1579 1202 1607 1229 et
1626 1197 1762 1229 scanda-

1018 1249 1083 1281 lum
1102 1249 1337 1292 plurimorum;
1359 1255 1400 1290 ct,
1418 1249 1488 1283 licet
1511 1250 1762 1294 provincialibus

1019 1308 1049 1336 et
1072 1303 1282 1346 synodalibus
1307 1303 1592 1337 constitutionibus
1616 1304 1676 1337 sub
1702 1316 1758 1337 ex-

1019 1356 1323 1389 communicationis
1344 1362 1375 1389 et
1394 1357 1530 1390 aliarum
1552 1367 1761 1391 censurarum

1019 1409 1307 1443 ecclesiasticarum
1328 1410 1441 1453 poenis
1464 1410 1530 1454 ipso
1550 1411 1632 1444 sacto
1655 1410 1762 1443 incur-

1002 1462 1129 1500 ¹rendis
1150 1462 1282 1495 vetitum
1310 1463 1404 1496 suerit
1435 1463 1559 1497 clericis
1583 1470 1611 1497 et
1635 1464 1764 1508 presby-

1022 1516 1105 1558 teris,
1117 1527 1156 1549 nc
1170 1516 1369 1550 decimarum
1384 1517 1639 1558 arrendationes,
1649 1528 1767 1551 merca-

1023 1575 1120 1609 turas,
1138 1570 1364 1613 agriculturas,
1386 1571 1564 1604 locationes
1577 1571 1764 1604 animalium

1022 1629 1076 1656 ant
1097 1624 1173 1657 alias
1195 1634 1417 1668 quascumque
1434 1624 1555 1657 similes
1570 1625 1617 1658 vel
1631 1624 1767 1658 dissimi-

1022 1677 1067 1710 les
1082 1677 1324 1719 negociationcs
1339 1678 1443 1711 facere
1458 1678 1627 1719 auderent,
1650 1678 1766 1711 nihilo-

1024 1730 1130 1764 minus
1148 1731 1247 1775 aliqui
1270 1742 1286 1764 a
1307 1731 1466 1764 similibus
1487 1731 1768 1774 negociationibus

1024 1795 1087 1818 non
1109 1785 1322 1818 abstinuerint
1339 1796 1398 1819 nce
1408 1785 1602 1826 abstineant,
1620 1785 1767 1829 quinimo

1024 1838 1167 1872 censuris
1188 1839 1373 1872 huiusmodi
1396 1838 1515 1881 alligati
1538 1839 1567 1871 in
1587 1849 1698 1872 eorum
1718 1849 1769 1872 or-

1025 1892 1165 1933 dinibus,
1183 1892 1278 1925 etiain
1300 1892 1399 1926 sacris
1413 1899 1444 1926 et
1464 1893 1715 1937 presbyteratus,
1740 1898 1770 1925 ct

1025 1946 1120 1980 etiam
1153 1946 1184 1979 in
1218 1946 1328 1980 altaris
1361 1946 1540 1980 ministerio
1571 1946 1766 1987 ministrare,

1025 2010 1202 2044 curamque
1223 2000 1405 2033 animarum
1425 2011 1585 2041 exercerc,
1607 2005 1637 2034 et
1658 2000 1688 2033 in
1711 2000 1770 2033 mi-

1024 2053 1200 2087 nistrandis
1222 2064 1333 2087 eorum
1359 2054 1602 2098 parochialibus
1620 2054 1770 2087 eeclesia—

1024 2108 1110 2142 sticis
1135 2108 1344 2142 sacramentis
1366 2108 1556 2142 continuare
1581 2118 1645 2142 non
1672 2108 1768 2142 desti-

1025 2162 1120 2195 terint
1134 2172 1192 2195 nec
1211 2162 1374 2203 desistant,
1393 2162 1532 2207 indeque
1549 2168 1679 2207 peecata
1697 2173 1768 2206 pcc-

1025 2216 1102 2249 catis
1116 2217 1293 2257 cumulent,
1309 2217 1431 2250 scelera
1445 2217 1621 2250 sceleribus
1640 2216 1770 2256 addant,

1024 2270 1289 2314 gravioribusque
1311 2270 1342 2303 in
1361 2270 1428 2304 dics
1450 2270 1592 2304 censuris
1606 2280 1639 2303 se
1656 2280 1689 2303 se
1712 2270 1770 2302 im-

1026 2323 1157 2366 plicent,
1179 2323 1491 2368 irregularitatisqnc
1513 2330 1621 2357 notam
1644 2329 1769 2357 contra-

1026 2377 1130 2410 xerint
1151 2383 1181 2411 et
1202 2378 1411 2420 contrahant,

1070 2429 1128 2473 §⁹3
1146 2430 1208 2464 Nos
1228 2431 1321 2464 talem
1338 2431 1473 2464 abusum
1490 2430 1627 2464 emedio
1643 2430 1765 2471 tollere,

1026 2488 1057 2516 et
1082 2484 1313 2518 ecclesiasticas
1338 2495 1491 2529 personas
1523 2484 1704 2528 praedictas
1729 2484 1768 2516 ab

1026 2546 1139 2570 eorum
1161 2538 1325 2572 erroribus
1345 2538 1385 2572 ad
1400 2544 1518 2572 rectam
1534 2537 1768 2571 ecclesiasticae

1027 2590 1215 2634 disciplinae
1236 2602 1397 2631 normam,
1426 2597 1581 2635 quantum
1603 2601 1675 2624 cum
1701 2591 1765 2624 Do—

1008 2643 1115 2677 'mino
1140 2655 1331 2688 possumus,
1361 2655 1521 2685 revocare,
1551 2656 1598 2684 ac,
1627 2654 1665 2678 ne
1690 2644 1769 2677 alios

1767 507 1887 527 dentalibus
1896 512 1955 531 nego-

1769 535 1873 553 tiationes
1896 540 1953 553 exer-

1769 561 1858 585 cebant,

1791 1320 1890 1344 Quamvis
1904 1320 1923 1339 id
1933 1320 1963 1340 eis

1779 1349 1864 1367 xenium
1873 1349 1921 1366 tnnc
1933 1352 1964 1367 es-

1778 1376 1810 1394 set
1832 1373 1912 1394 leuibus
1932 1379 1963 1398 sy-

1779 1400 1892 1420 nodalibus
1926 1400 1964 1420 sub

1779 1433 1848 1452 poena
1882 1432 1965 1446 excom-

1780 1455 1936 1474 mnincattunis.

1838 2440 1932 2460 ronna-x
1950 2440 1969 2460 ιιΙ

1786 2469 1840 2487 {ctat
1850 2467 1887 2487 snb
1897 2473 1971 2492 {meins

1784 2494 1867 2514 cti—ricis
1906 2500 1969 2517 ucgn-

1785 2520 1902 2540 uiatoribus
1915 2527 1926 2539 a
1938 2526 1969 2539 sa·

1784 2553 1825 2567 cris
1854 2546 1971 2567 canonibus

1785 2573 1876 2594 mittetis,
