2227 3241
238 249 287 277 An.
308 249 338 278 c.
357 249 424 278 1606
470 239 534 274 370

272 1965 389 1988 irritantur.

1013 247 1195 273 BULLARIUM
1219 248 1373 273 ROMANUM

436 297 665 343 poenituerint,
685 296 810 329 veniam
832 296 1085 336 concedendam,
1103 306 1175 330 eos-
1209 296 1401 330 liberatione
1425 296 1567 331 discussa
1583 324 1590 338 ,
1617 298 1802 343 supradicta
1821 298 1951 334 decreta

438 353 575 395 demque
596 351 695 383 libros
715 350 754 383 ab
769 350 818 390 iis,
840 350 895 394 qui
924 350 995 383 illos
1012 350 1180 391 haberent,

436 416 494 449 per
507 415 540 437 66
558 404 644 448 ipsos
655 404 903 447 comburendos,
917 409 972 437 aut
986 404 1180 438 confessario

438 458 623 491 tradendos:
637 457 757 491 litteras
771 458 810 491 ab
821 457 989 491 haereticis
1004 458 1042 491 ad
1057 458 1181 502 aliquos

437 511 573 555 scriptas
598 511 710 545 iisdem
739 511 851 545 vestris
875 511 1069 545 officialibus
1094 511 1181 545 exhi-

437 565 571 605 bendas,
599 570 630 598 et
651 565 682 597 in
703 564 753 598 his
774 564 899 599 casibus
919 565 959 598 ab
985 565 1045 599 illis
1069 576 1180 609 proce-

439 618 595 651 dendum:
617 623 786 662 praeterea
800 628 817 651 a
834 623 944 652 sancto
962 618 1181 663 inquisitionis

439 670 553 706 Officio
574 671 699 713 citatos,
717 671 771 716 qui
786 678 958 716 antequam
978 673 1181 706 declararen-

440 730 492 758 tur
508 724 672 767 haeretiei,
694 725 802 769 elapso
823 735 907 759 anno
928 725 1181 769 comparuerint,

440 783 472 812 et
487 777 648 812 mandatis
668 778 811 812 eiusdem
829 779 929 813 saneti
945 778 1045 813 Officii
1067 789 1182 824 parue-

440 832 526 872 rint,
558 832 583 866 si
613 843 631 866 a
655 833 829 878 praedictis
854 833 966 867 vestris
990 834 1182 868 officialibus

441 886 646 920 condemnati
671 887 800 927 suerint,
829 887 898 931 ipso
923 887 993 921 iure
1018 887 1182 922 absolutos

441 940 631 974 censendos:
653 951 725 974 cum
740 941 897 985 suspectis
911 941 1126 975 communiter
1144 942 1182 975 de

440 993 564 1028 haeresi
592 1000 623 1028 et
642 994 674 1027 in
694 994 773 1028 locis
790 995 944 1039 suspectis
964 995 1182 1029 habitantibus

442 1047 685 1088 commercium,
703 1048 981 1082 conservationem
999 1054 1029 1083 et
1050 1049 1181 1092 longum

442 1101 639 1145 colloquium
654 1101 776 1145 absque
791 1103 981 1136 eorumdem
1002 1108 1181 1136 vestrorum

443 1153 629 1188 officialium
652 1154 780 1188 licentia
805 1165 871 1189 non
891 1155 1049 1190 habenda:
1072 1161 1103 1189 et
1122 1156 1182 1190 hu-

442 1208 583 1242 iusmodi
604 1208 809 1259 decretorum
830 1220 886 1242 seu
910 1214 1103 1243 statutorum
1132 1209 1180 1242 vi-

443 1272 521 1305 gore
549 1267 661 1295 eontra
692 1262 885 1296 Teutonicos
910 1263 950 1296 ad
975 1269 1111 1296 vestram
1140 1264 1184 1297 ci-

443 1315 573 1348 vitatem
613 1314 795 1359 prohibitos
837 1316 938 1349 libros
973 1316 1184 1360 importantes

443 1369 658 1413 processisse,
684 1368 850 1413 librosque
875 1369 1022 1403 comburi
1047 1370 1158 1404 secisse
1174 1398 1181 1411 ,

444 1422 571 1466 aliaque
596 1422 768 1466 peregisse,
793 1433 875 1467 quae
896 1423 1016 1467 absque
1037 1424 1184 1458 ccclesia-

444 1475 542 1508 sticae
560 1475 790 1509 iurisdictionis
814 1476 916 1509 sancti
938 1476 1038 1510 Officii
1058 1478 1185 1521 praeiu-

445 1528 530 1562 dicio
558 1539 594 1562 ac
619 1529 812 1563 detrimento
838 1540 855 1562 a
881 1529 971 1563 laicis
995 1530 1065 1564 fieri
1090 1532 1184 1575 plane

444 1592 508 1615 non
522 1588 666 1626 possunt,
690 1583 817 1627 quibus,
838 1584 1042 1627 quantumvis
1058 1585 1185 1628 religio—

444 1636 486 1670 sis
506 1647 543 1670 ac
566 1637 768 1681 potentibus,
793 1648 999 1682 quocumque
1027 1639 1095 1672 zelo
1125 1639 1186 1673 hoc

443 1690 572 1732 faciant,
587 1691 626 1725 de
648 1691 812 1735 quibusvis
841 1692 1065 1727 ecclesiasticis
1085 1704 1181 1738 prae-

444 1744 553 1778 sertim
570 1744 746 1778 eatholicae
758 1744 832 1778 fidei
846 1745 983 1789 negotiis
997 1746 1183 1786 decernere,

444 1804 585 1832 statuere
614 1798 663 1832 vel
695 1798 860 1840 iudicare,
889 1805 944 1832 aut
977 1800 1021 1833 eis
1054 1811 1186 1845 quoquo

446 1851 543 1884 modo
563 1862 597 1884 se
622 1851 804 1886 immiscere
824 1863 958 1897 prorsus
984 1858 1031 1887 est
1055 1854 1184 1888 vetitum

446 1910 477 1938 et
500 1904 718 1939 interdictum.

491 1959 507 2001 ξ
525 1957 555 1991 2.
576 1958 679 1998 Quare
697 1969 765 1999 nos,
789 1969 829 1993 ne
847 1958 879 1992 in
897 1960 1013 1994 ultimo
1031 1960 1082 1994 die
1099 1972 1188 2006 prae-

446 2013 584 2046 termissi
616 2013 713 2046 officii
741 2013 912 2056 pastoralis
937 2014 982 2047 rei
1011 2025 1029 2047 a
1048 2015 1186 2050 Domino

446 2077 644 2108 arguamur,
683 2072 713 2100 61
747 2066 806 2110 ipsi
843 2066 918 2100 talia
954 2069 1187 2104 committendo

446 2120 548 2155 Saulis
579 2125 610 2154 et
633 2118 734 2154 Ozae¹
762 2119 927 2154 horrendo
955 2123 1100 2166 exemplo
1132 2124 1186 2157 Dei

446 2174 702 2217 indignationem
731 2173 763 2206 in
791 2184 845 2207 vos
866 2176 1066 2218 provocetis,
1099 2178 1187 2210 nullo

448 2227 546 2261 modo
567 2227 798 2260 dissimulanda
823 2227 1081 2262 existimavimus.
1106 2229 1187 2269 Qua-

448 2287 592 2326 propter,
616 2292 689 2315 cum
711 2282 947 2316 venerabilibus
968 2283 1118 2317 fratribus
1133 2294 1189 2317 no-

448 2336 523 2369 stris
542 2335 572 2369 S.
593 2336 628 2369 R.
648 2335 681 2369 E.
703 2335 922 2369 cardinalibus
940 2336 1042 2370 eidem
1061 2343 1188 2371 sanctae

450 2389 668 2433 inquisitionis
686 2388 799 2423 Oflicio
819 2390 1077 2433 praesidentibus
1094 2394 1189 2435 saepe

450 2443 578 2488 saepius
602 2453 636 2476 re
656 2442 905 2484 communicata,
933 2454 968 2477 ac
989 2446 1115 2478 matura
1136 2446 1190 2479 de-

489 2532 501 2559 1
524 2531 665 2559 Neminem
680 2531 748 2566 sugit
763 2531 874 2560 historia
895 2532 982 2561 Saulis
1005 2533 1191 2562 holocaustum

453 2575 568 2603 Domino
584 2575 719 2603 omrentis
733 2577 753 2611 (1
764 2577 885 2611 Ησρανη,
897 2583 955 2611 xiil,
972 2578 987 2604 9
1003 2578 1035 2605 ad
1054 2580 1097 2614 15)
1111 2584 1192 2614 atque

455 2619 522 2648 Ozae
547 2628 655 2648 manum
682 2629 757 2648 suam
782 2622 951 2650 extendentis
976 2622 1008 2650 ad
1034 2631 1122 2651 arcam
1146 2624 1192 2652 Dei

455 2664 487 2699 (11
501 2663 622 2702 Requm,
638 2671 674 2701 vt,
690 2665 707 2693 3
721 2665 755 2694 ad
771 2665 786 2694 8
803 2666 841 2703 (11.
858 2667 907 2702 1.).

1212 357 1242 385 61
1266 356 1385 384 statuta
1409 361 1446 384 ac
1470 351 1587 384 similia
1612 352 1774 396 (quorum
1809 353 1951 387 veriores

1212 410 1341 437 tenores
1354 403 1580 447 praesentibus
1593 414 1652 448 pro
1666 404 1822 448 expressis
1838 404 1950 440 haberi

1213 456 1375 499 volumus)
1390 456 1516 500 aliaque
1535 457 1608 491 inde
1622 463 1768 501 sequuta,
1787 463 1951 502 tamquam

1213 520 1381 544 sacrorum
1400 520 1559 544 canonum
1581 511 1717 552 statutis,
1739 511 1952 546 iurisdictioni

1214 563 1460 604 ecclesiasticae,
1481 569 1511 597 et
1531 564 1706 608 privilegiis
1729 565 1830 598 sancti
1851 564 1953 599 Officii

1214 617 1394 658 conlraria,
1430 617 1503 651 licet
1534 628 1592 662 per
1616 629 1649 651 se
1673 619 1762 651 nulla
1777 646 1784 659 ,
1812 618 1904 653 irrita
1923 625 1955 653 et

1215 671 1365 711 invalida,
1393 681 1430 704 ac
1454 671 1573 705 nullius
1598 671 1726 706 roboris
1751 677 1782 706 et
1798 672 1955 707 momenti

1214 724 1288 766 sint,
1311 724 1522 758 nihilominus
1543 725 1582 759 de
1602 725 1797 770 apostolicae
1815 731 1956 770 potesta-

1217 778 1254 812 tis
1281 778 1480 822 plenitudine
1501 779 1613 812 eadem
1635 778 1745 812 omnia
1769 785 1801 813 et
1828 779 1956 824 singula

1216 844 1275 878 per
1299 838 1484 878 praesentes
1504 832 1667 867 irritamus
1692 838 1723 867 et
1742 833 1958 877 annullamus,

1216 887 1386 931 irritaque,
1414 887 1503 921 nulla
1533 894 1564 920 et
1595 886 1753 929 invalida,
1773 888 1958 933 nulliusque

1216 940 1342 974 roboris
1366 946 1397 974 et
1417 940 1572 975 momenti
1599 941 1694 975 fuisse
1720 952 1788 976 esse
1811 952 1849 976 ac
1872 942 1953 984 sore,

1216 1005 1276 1028 nec
1306 994 1471 1038 praedicta
1497 999 1615 1028 statuta
1640 995 1671 1028 in
1701 995 1804 1029 causis
1835 1006 1957 1039 cogno-

1216 1047 1342 1081 scendis
1360 1053 1391 1081 et
1416 1047 1627 1082 terminandis
1647 1048 1790 1091 allegari,
1813 1049 1958 1084 66111110-

1216 1112 1289 1135 rum
1313 1102 1471 1136 rationem
1493 1102 1606 1137 haberi
1631 1112 1725 1147 posse
1746 1107 1801 1136 aut
1817 1103 1955 1145 debere,

1217 1166 1337 1200 vosque
1361 1155 1414 1189 illa
1435 1156 1540 1190 facere
1561 1161 1592 1190 et
1616 1157 1724 1198 edere,
1752 1162 1784 1191 et
1805 1156 1868 1191 illis
1895 1156 1957 1190 1111--

1217 1209 1345 1243 misceri
1369 1220 1434 1244 non
1462 1211 1604 1254 potuisse
1628 1221 1733 1256 neque
1760 1221 1872 1256 posse,
1901 1210 1956 1245 de-

1218 1263 1379 1297 cernimus
1404 1269 1434 1297 et
1454 1264 1666 1298 declaramus.

1263 1319 1279 1360 g
1310 1317 1340 1351 3.
1371 1318 1409 1351 Et
1436 1317 1557 1351 idcirco
1585 1318 1675 1351 vobis
1699 1328 1758 1362 per
1782 1317 1959 1363 apostolica

1218 1372 1337 1415 scripta
1352 1372 1552 1414 mandamus,
1566 1375 1601 1405 ut
1614 1371 1824 1416 imposterum
1840 1383 1857 1406 a
1870 1382 1960 1416 prae-

1219 1425 1311 1458 dictis
1331 1430 1363 1458 61.
1378 1424 1537 1458 similibus
1556 1425 1684 1459 statutis
1704 1435 1741 1459 ac
1760 1425 1897 1459 decretis
1913 1425 1959 1459 fa-

1218 1478 1340 1512 ciendis
1358 1483 1389 1512 et
1406 1478 1497 1512 sactis
1518 1478 1723 1522 exequendis,
1749 1478 1884 1523 aliisque
1904 1490 1958 1513 su-

1219 1532 1394 1576 pradIctis‚
1428 1537 1459 1566 et
1489 1532 1526 1565 iis
1550 1532 1710 1566 similibus
1738 1543 1793 1567 vos
1817 1543 1956 1577 quomo·—

1219 1585 1341 1619 dolibet
1365 1585 1580 1619 immiscendo
1600 1585 1733 1619 omnino
1758 1586 1956 1629 abstineatis,

1219 1639 1362 1684 alioquin
1387 1639 1493 1673 sciatis
1518 1650 1670 1673 censuras
1694 1650 1806 1673 omnes
1830 1645 1862 1674 et
1880 1651 1959 1685 poe-

1219 1703 1287 1734 nas,
1304 1703 1321 1726 a
1339 1693 1437 1726 saeris
1455 1693 1643 1734 canonibus,
1663 1693 1869 1736 generalibus
1888 1704 1961 1729 con-

1221 1746 1302 1779 ciliis
1323 1756 1360 1780 ac
1384 1746 1592 1780 Summorum
1617 1746 1811 1781 Pontificum
1837 1746 1958 1782 consti-

1220 1800 1398 1834 tutionibus
1419 1806 1530 1834 contra
1550 1806 1743 1845 usurpantes
1767 1801 1961 1836 iurisdietio-

1220 1864 1293 1887 nem
1312 1854 1573 1895 ecclesiasticam,
1596 1854 1786 1899 praesertim
1805 1855 1838 1888 in
1858 1855 1961 1890 causis

1221 1908 1261 1941 ad
1286 1908 1407 1941 dictum
1428 1907 1575 1942 Officium
1601 1908 1819 1952 spectantibus
1839 1913 1870 1943 et
1887 1919 1962 1954 per-

1222 1962 1409 2003 tinentibus,
1426 1972 1463 1996 ac
1479 1968 1592 1996 contra
1610 1962 1695 1996 illius
1715 1962 1884 2007 privilegia
1896 1962 1962 1997 vio-

1221 2017 1322 2049 lantes
1353 2015 1526 2059 irrogatas,
1561 2016 1630 2060 ipso
1661 2016 1744 2050 sacto
1773 2026 1828 2051 vos
1852 2016 1961 2051 ineur-

1221 2080 1323 2103 suros.
1615 2067 1617 2072 ’

1267 2126 1283 2167 ἓ
1304 2123 1334 2157 4.
1358 2123 1427 2158 Νο11
1453 2123 1654 2158 obstantibus
1679 2123 1962 2169 constitutionibus

1222 2184 1253 2212 et
1269 2177 1529 2212 ordinationibus
1547 2178 1742 2222 apostolicis,
1764 2178 1962 2225 caeterisque

1223 2232 1392 2266 contrariis
1417 2232 1685 2276 quibuscumque.

1268 2287 1284 2328 ς
1305 2284 1335 2318 5.
1360 2284 1530 2320 Caeterum
1551 2286 1699 2319 volumus
1729 2296 1788 2329 per
1811 2296 1963 2330 praesen-

1223 2345 1269 2372 tes
1289 2349 1344 2372 vos
1360 2348 1425 2372 non
1447 2338 1596 2382 impediri
1618 2338 1695 2383 quin
1715 2349 1752 2372 ea
1772 2344 1911 2373 statuere
1932 2345 1963 2373 et.

1224 2393 1409 2433 decernere,
1427 2397 1481 2425 aut
1494 2392 1556 2425 iam
1576 2392 1705 2426 decreta
1725 2397 1755 2426 et
1770 2397 1887 2426 statuta
1901 2403 1964 2427 ser-

1225 2456 1298 2480 vare
1318 2445 1418 2478 libere
1433 2445 1571 2488 valeatis,
1586 2445 1702 2490 quibus
1719 2445 1751 2479 in
1769 2446 1964 2480 condemna-

1225 2507 1272 2533 tos
1294 2510 1311 2532 a
1330 2505 1441 2532 sancto
1462 2497 1573 2532 Officio
1596 2499 1644 2533 vel
1662 2509 1679 2532 a
1699 2499 1874 2533 venerabili
1903 2500 1965 2534 fra-

1226 2559 1273 2586 tre
1294 2552 1444 2596 episcopo
1465 2552 1598 2586 Lucensi
1629 2552 1660 2585 in
1694 2553 1796 2586 causis
1824 2553 1965 2587 haeresis

1226 2612 1257 2640 et
1277 2606 1315 2639 ad
1333 2611 1478 2639 sanetum
1496 2605 1643 2639 Officium
1664 2605 1784 2650 pariter
1803 2606 1966 2651 pertinen-

1227 2659 1311 2694 tibus
1334 2669 1458 2704 poenae
1478 2664 1653 2703 augentur,
1676 2669 1732 2694 seu
1761 2659 1914 2695 auxilium
1935 2665 1966 2695 et

1960 250 2011 279 An.
2025 249 2054 280 C.
2075 250 2087 280 1

1998 1338 2124 1362 Adher-tatto
2141 1327 2144 1330 Α
2184 1314 2185 1338 i

1972 1372 1986 1388 a
2000 1366 2105 1388 similibus
2117 1371 2130 1388 ι
2181 1391 2184 1395 ,

1971 1393 2072 1416 stiuam.
2152 1402 2153 1405 ¹

1989 2143 2104 2175 Dorum-io

1977 2174 2096 2193 [rariorum.

2146 1886 2192 2078 Ξ

2128 2156 2190 2220 *253

2143 2280 2162 2294 „a

1997 2303 2126 2326 Praeservan
2143 2294 2151 2300 ‘
2167 2312 2169 2314 ·
2183 2321 2185 2326 .

1977 2333 2057 2354 statuta
2065 2329 2123 2354 odiu
2160 2341 2161 2344 ¹
2183 2348 2185 2354 ,

1978 2363 2028 2380 rore
2039 2356 2113 2380 sancti*
2135 2385 2137 2389 Α
