2227 3241
19 267 117 311 'Aac
138 280 206 309 1606

223 338 320 373 super
329 328 486 362 dictarum
497 328 732 372 parochialium
743 326 970 368 erectionibus,

225 381 456 422 dotationibus,
481 381 823 415 dismembrationihus
849 384 879 414 et
899 380 970 413 aliis

225 435 399 480 praedictis
420 436 578 476 consecto,
592 436 631 468 ad
653 446 748 479 quem
767 435 799 467 in
817 434 970 468 omnibus

226 494 257 522 et
272 499 331 533 per
351 489 461 521 omnia
476 488 670 521 relationem
693 488 759 532 ipse
778 487 970 531 praedeces-

226 552 279 574 sor
296 541 408 575 baberi
425 541 536 582 voluit,
554 552 589 574 ex
603 552 668 585 quo
688 541 803 574 veritas
825 540 969 573 omnium

227 595 516 639 computationum,
542 594 804 628 distributionum
826 605 885 638 pro
903 595 971 627 rata

228 648 404 692 cuiusque,
427 659 554 692 necnon
576 644 826 682 calculationum
848 648 879 681 in
901 659 972 681 exe-

229 703 385 746 quutione
399 702 498 746 ipsius
514 702 772 747 praedecessoris
791 702 970 735 litterarum

229 755 386 796 facienda,
407 756 477 789 elici
502 761 640 800 poterat,
664 755 791 800 plenius
813 755 971 792 contineri

24 815 215 866 ‘.v⁶22⁰⁸⁰‘ii¹⁵ti¹.¹t³i¹2i
230 809 408 850 dicebatur,
430 809 550 842 idcirco
565 809 649 843 idem
664 810 895 853 praedecessor
914 819 973 852 per

35 847 215 921 ἐξὲἷιὲξίενυῑυῖῑ
230 862 307 896 alias
327 862 396 896 eius
417 863 448 895 in
470 863 582 896 cadem
602 864 706 896 forma
733 863 840 897 Brevis
857 863 968 903 voluit,

74 904 85 918 ⁰
110 907 121 918 ⁰
142 911 147 917 ’
229 923 261 949 et.
280 916 457 961 apostolica
474 916 664 951 auctoritate
681 916 839 950 concessit
867 923 898 950 et
918 917 972 950 de-

229 970 347 1011 crevit,
370 971 458 1015 quod
477 968 605 1015 p'riores
625 971 750 1005 litterae
770 970 969 1011 huiusmodi,

229 1034 303 1059 cum
322 1024 473 1059 omnibus
491 1029 523 1059 et
543 1025 678 1068 singulis
698 1025 731 1058 in
752 1025 796 1068 eis
814 1025 973 1059 contentis

229 1078 381 1112 clausulis
410 1084 441 1112 et
471 1079 630 1120 decretis,
648 1089 684 1112 ac
714 1079 842 1112 illarum
863 1078 972 1121 vigore

226 1131 304 1166 inde
332 1137 469 1177 sequuta
495 1137 527 1166 et
552 1133 718 1177 sequenda
748 1142 973 1176 quaecumque

228 1186 391 1227 valerent,
414 1186 611 1230 plenamque
637 1186 765 1220 roboris
785 1186 972 1219 firmitatem

229 1239 426 1281 obtinerent,
449 1250 486 1273 ac
505 1240 544 1273 ab
566 1240 694 1273 illarum
720 1240 793 1273 data
814 1240 846 1273 in
868 1240 973 1273 omni-

229 1294 289 1327 bus
310 1298 341 1327 et
356 1304 415 1338 per
432 1293 540 1327 omnia
559 1294 825 1336 suffragarentur,
840 1294 974 1338 perinde

231 1358 267 1381 ac
288 1347 312 1380 si
339 1358 375 1381 ea
400 1358 482 1391 quae
498 1348 539 1380 ·in
566 1348 800 1392 posterioribus
827 1358 973 1391 expressa

231 1401 366 1442 fuerant,
394 1401 427 1434 in
457 1401 621 1445 prioribus
648 1401 762 1434 litteris
789 1401 974 1434 huiusmodi

231 1454 353 1498 pariter
372 1460 502 1488 narrata
523 1454 667 1495 fuissent,
690 1455 801 1488 volens
821 1459 975 1498 utrasque

232 1508 355 1541 litteras
388 1508 569 1552 praedictas
599 1508 734 1552 perinde
762 1518 779 1541 a
810 1507 893 1541 dicta
925 1507 975 1541 die

231 1571 284 1594 xvl
305 1561 384 1594 iunii
409 1571 564 1602 MDLxxvi,
588 1561 734 1602 afficere,
758 1571 795 1594 ac
819 1561 844 1594 si
866 1571 976 1605 perso-

234 1614 349 1648 naliter
368 1614 545 1658 unieuique
571 1615 735 1648 intimatae
761 1614 910 1654 fuissent3
934 1614 977 1647 ita

235 1675 270 1702 ut
294 1679 519 1712 quaecumque
544 1679 711 1713 personae,
736 1668 874 1702 cuiusvis
900 1678 977 1712 qua-

235 1721 332 1756 litatis
353 1728 382 1756 et
408 1722 603 1756 conditionis
629 1722 798 1756 existentes
827 1722 858 1755 in
882 1732 976 1766 prae-

44 1781 221 1831 h¹⁵²f13¹⁸³¹⁴¹¹²¹⁷¹
236 1775 328 1809 dictis
348 1775 463 1809 litteris
485 1776 755 1820 comprehensae,
780 1776 903 1809 ratione
922 1776 978 1809 do-

45 1815 152 1863 κιῗῦἶιιῗῗ
161 1817 222 1838 '³³⁰'
238 1829 367 1863 tationis
383 1829 571 1863 huiusmodi
584 1840 644 1874 pro
657 1831 726 1863 rata
739 1829 892 1873 temporis
907 1840 979 1863 con-

237 1882 378 1916 tribuere
399 1888 429 1917 et
451 1884 598 1916 conferre
618 1883 752 1917 omnino
778 1889 975 1923 tenerentur,

237 1941 267 1970 et
292 1936 348 1970 ad¹
376 1936 650 1970 contriliutionem
671 1937 857 1970 huiusmodi
880 1936 975 1977 iuxta,

238 1991 424 2024 earumdem
453 1991 633 2025 litterarum
661 1991 820 2031 formam,
844 1991 922 2024 iuris
950 1996 981 2024 et

236 2043 308 2078 sacti
323 2045 474 2079 remediis
487 2045 690 2090 opportunis,
708 2056 744 2078 ac
769 2046 899 2078 demum
922 2055 976 2078 ec-

239 2097 423 2132 clesiasticis
447 2098 624 2139 sententiis,
647 2098 790 2132 censuris
815 2104 845 2132 et
868 2098 980 2142 poenis

103 2163 111 2176 s
239 2151 309 2194 cogi
324 2158 354 2185 et
367 2152 518 2196 compelli
539 2159 682 2196 possent,
697 2162 792 2196 quam
808 2157 909 2185 ratam
924 2163 980 2196 pe-

240 2205 407 2239 cuniarum
428 2205 513 2239 idem
531 2206 760 2250 praedecessor
781 2205 819 2240 ab
839 2216 876 2239 co
903 2212 981 2239 tcm-

239 2270 330 2304 pore,
347 2270 449 2305 usque
463 2270 527 2304 quo
540 2259 735 2304 posteriores
753 2259 876 2293 litterae
890 2270 982 2304 prae-

241 2313 344 2348 dictae
364 2313 570 2358 exequutioni
600 2314 811 2348 demandatae
837 2314 978 2355 fuissent,

241 2367 376 2401 arbitrio
401 2367 646 2401 ordinariorum
674 2368 916 2411 expendendam
942 2369 981 2402 ad

241 2431 333 2455 usum
369 2421 508 2454 fabricae
541 2426 572 2454 et
603 2427 867 2455 ornamentorum
889 2432 983 2465 paro-

243 2474 392 2508 chialium
415 2475 624 2508 ecclesiarum
643 2476 831 2508 earumdem
851 2480 926 2509 tunc
944 2475 983 2509 de

242 2537 325 2561 novo
354 2533 533 2562 erectarum
554 2528 726 2572 applicavit
746 2534 776 2561 et
796 2528 984 2572 appropria-

245 2580 298 2622 vit,
309 2591 368 2615 nec
380 2582 508 2616 easdem
523 2582 677 2626 pecunias
691 2582 730 2615 ad
747 2587 887 2615 rectores
897 2592 985 2626 prae-

282 2696 292 2725 t
312 2694 456 2734 Praeposit.
475 2698 514 2725 ad
528 2705 577 2726 nos
593 2696 746 2725 addidimus
760 2696 798 2733 (n.
816 2696 850 2732 τ).

866 280 987 303 PAULFS
1011 280 1029 302 V
1054 279 1103 303 1⁸1³.

1651 266 1714 300 287
1762 276 1811 302 An.
1833 276 1860 303 c.
1878 275 1947 303 1606

1004 326 1127 366 dictos,
1151 337 1189 359 eo
1221 332 1367 370 tempore
1398 326 1556 366 durante,
1581 324 1744 370 pertinere

1004 390 1097 423 posse
1114 379 1265 413 decrevit.

1050 435 1066 475 ξ
1080 433 1110 466 4.
1121 434 1290 467 Praeterea
1303 434 1412 467 onmia
1425 433 1457 466 in
1472 433 1613 477 capitulo
1627 432 1665 465 de
1680 431 1746 467 Col·
1801 443 1947 474 'Consu-mavit

1006 486 1120 519 lectore
1143 487 1173 519 in
1192 493 1473 531 supramemorato
1497 487 1579 520 libro
1597 496 1747 530 expressa
1760 473 1948 518 {¹8:3¹⁰l0‘ffi215535

1006 540 1195 573 nominatim
1215 540 1417 573 confirmavit
1434 547 1463 573 et
1476 540 1677 584 approbavit,
1695 541 1746 573 ea-
1760 525 1881 545 ⁰‘'¹'⁹⁰¹⁰¹⁹'

1006 594 1079 627 dem
1098 594 1240 627 clausula
1256 594 1397 634 sublata,
1422 605 1458 627 ac
1475 594 1614 627 irritanti
1633 598 1664 626 et
1677 593 1747 626 aliis

1006 647 1154 688 decretis,
1179 653 1209 680 et
1234 647 1497 689 derogationibus
1516 647 1638 691 pariter
1662 647 1748 680 adie-

1007 701 1085 741 ctis,
1107 706 1205 745 prout
1229 700 1261 733 in
1286 701 1406 734 eisdem
1432 700 1667 744 posterioribus
1696 701 1748 733 lit-

1008 755 1093 795 teris,
1117 755 1176 788 sub
1202 755 1313 788 datum
1333 754 1482 788 videlicet
1499 754 1550 788 die
1569 765 1630 788 xxx
1650 765 1750 797 augu-

1007 808 1045 842 sti
1065 818 1217 842 nDLxxvtt
1229 808 1356 852 plenius
1369 808 1516 842 similiter
1530 808 1713 842 continetur
1726 807 1745 841 ¹.

1052 861 1116 906 §5
1148 862 1230 901 Quas
1257 861 1388 906 quidem
1416 862 1673 906 praedecessoris
1698 861 1749 895 lit-

1007 921 1091 949 teras
1111 915 1303 949 venerabilis
1324 916 1423 948 frater
1447 915 1631 959 praedictus
1655 915 1749 948 loan-

1007 979 1063 1003 nes
1082 968 1265 1013 patriarcha
1286 968 1506 1002 Antiochenus
1527 973 1557 1002 et
1577 967 1751 1012 archiepis-

1007 1033 1107 1067 copus
1134 1022 1370 1057 Valentinensis
1391 1033 1427 1056 ac
1451 1022 1599 1066 plerique
1624 1022 1656 1054 in
1681 1023 1752 1055 taxa

1008 1076 1233 1120 comprehensi
1254 1081 1481 1120 susceperunt,
1505 1075 1705 1109 admiserunt
1722 1081 1753 1109 et

1007 1130 1146 1174 amplexi
1164 1130 1310 1163 suerunt:
1332 1129 1439 1163 dilecti
1456 1139 1533 1163 vero
1551 1129 1608 1162 filii
1629 1128 1752 1173 capitu-

1008 1185 1073 1217 lum
1100 1183 1248 1217 canonici
1274 1183 1428 1217 ecclesiae
1447 1183 1633 1217 Valentinae
1658 1183 1748 1227 capi-

1008 1237 1154 1271 tulariter
1182 1237 1380 1280 congregati,
1409 1238 1467 1270 sub
1496 1237 1548 1271 die
1576 1248 1629 1271 xxl
1654 1247 1749 1270 men·-

1008 1291 1050 1324 sis
1071 1291 1198 1334 augusti
1231 1301 1380 1331 nnxcvn,
1413 1291 1632 1335 promiserunt
1663 1290 1751 1334 quod

1009 1345 1086 1389 ipsi,
1107 1345 1272 1389 perpetuis
1298 1345 1411 1378 suturis
1436 1344 1648 1388 temporibus,
1673 1354 1753 1388 quo-

1009 1399 1086 1432 libet
1111 1409 1208 1439 anno,
1232 1405 1263 1432 et
1288 1399 1319 1431 in
1346 1398 1491 1432 terminis
1517 1398 1548 1430 in
1581 1397 1753 1442 praedictis

1010 1452 1123 1485 litteris
1144 1453 1314 1493 contentis,
1328 1463 1441 1485 omnes
1459 1452 1529 1485 illas
1549 1451 1755 1495 quantitates,

1010 1517 1092 1550 qnae
1106 1517 1164 1550 per
1183 1511 1285 1539 taxam
1306 1506 1337 1538 in
1356 1505 1470 1539 litteris
1488 1505 1660 1549 praedictis
1679 1515 1755 1538 con-

1012 1565 1132 1594 tentam
1154 1560 1193 1593 ab
1208 1560 1284 1603 ipsis
1298 1559 1435 1604 persolvi
1451 1559 1647 1599 debuissent,
1669 1570 1686 1592 a
1704 1558 1755 1592 die

1011 1613 1189 1648 festivitatis
1214 1614 1299 1647 beati
1327 1613 1454 1647 loannis
1478 1613 1640 1658 Baptistae
1666 1612 1752 1646 eius-

1011 1668 1084 1701 dem
1103 1668 1177 1701 anni
1196 1678 1327 1702 uoxcvn
1350 1667 1503 1701 inclusive
1521 1667 1751 1712 persolverent.

1056 1722 1071 1765 ἓ
1091 1721 1121 1754 G.
1145 1722 1232 1755 Idem
1258 1728 1364 1755 autem
1390 1721 1559 1765 Philippus
1579 1731 1654 1762 rex,
1683 1731 1752 1754 me-

1012 1774 1175 1808 diantibus
1194 1774 1341 1819 personis
1366 1774 1442 1808 dicti
1467 1774 1596 1808 loannis
1619 1773 1755 1818 patriar-

1013 1829 1091 1862 chae
1112 1834 1143 1862 ct
1167 1828 1420 1873 archiepiscopi,
1449 1838 1576 1861 necnon
1602 1827 1692 1861 ducis
1718 1827 1757 1861 dc

1012 1885 1138 1925 Lerma,
1158 1888 1232 1916 tunc
1253 1882 1450 1916 marchionis
1470 1882 1599 1923 Deniae,
1623 1892 1660 1915 ac
1681 1881 1757 1915 dicti

1014 1937 1103 1980 regni
1135 1936 1282 1980 proregis
1310 1935 1481 1980 promisit,
1509 1935 1596 1980 quod
1629 1935 1758 1968 termini

1014 2002 1115 2035 usque
1134 1995 1208 2024 tunc
1223 1989 1350 2024 decursi
1365 1990 1485 2023 eisdem
1504 1989 1645 2033 capitulo
1660 1994 1690 2022 et
1707 1999 1758 2022 ca-

1014 2045 1139 2078 nonicis
1160 2044 1402 2078 remitterentur
1423 2049 1454 2077 et
1474 2043 1754 2077 condonarentur:

1015 2099 1077 2132 hoc
1102 2098 1197 2131 etiam
1225 2097 1351 2131 adiecto
1376 2097 1465 2141 quod
1489 2096 1675 2130 huiusmodi
1702 2107 1755 2130 re-

1016 2153 1126 2186 missio
1147 2158 1178 2185 et
1198 2150 1405 2191 condonatio,
1423 2150 1614 2184 auctoritate
1631 2156 1759 2194 aposto-

1016 2207 1074 2240 lica
1090 2206 1349 2246 confirmaretur,
1365 2216 1401 2238 ac
1416 2202 1504 2245 alias,
1517 2209 1615 2248 prout
1628 2204 1759 2248 publico

1017 2262 1156 2304 desuper
1177 2260 1322 2293 consecto
1345 2259 1571 2298 instrumento,
1589 2268 1625 2291 ac
1646 2257 1759 2291 litteris

1016 2314 1113 2348 etiam
1135 2313 1209 2347 dicti
1230 2312 1368 2357 Philippi
1391 2312 1473 2354 regis
1490 2311 1617 2356 plenius
1643 2310 1760 2344 dicitur

1017 2367 1186 2401 contineri.

1062 2424 1078 2463 ξ
1101 2421 1129 2454 7.
1154 2420 1275 2455 Deinde
1294 2431 1370 2454 vero
1392 2419 1463 2464 piae
1489 2418 1666 2452 memoriae
1685 2418 1755 2451 Cle·
1797 2433 1960 2454 summum

1018 2486 1107 2509 mens
1124 2476 1209 2520 Papa
1226 2476 1301 2515 Vlll,
1323 2474 1417 2508 etiam
1439 2473 1668 2518 praedecessor
1685 2482 1759 2505 nos·
1774 2462 1888 2512 {illsst'fss‘hssll
1904 2460 1961 2506 „11:⁴11

1019 2535 1066 2563 ter
1084 2557 1091 2569 ,
1126 2529 1165 2563 ad
1200 2528 1469 2572 supplicationem
1504 2525 1696 2568 dignitatum
1730 2530 1760 2558 et
1774 2521 1839 2540 ²²¹⁴*
1854 2515 1951 2534 ¹⁶¹¹'“¹s‘'¹'

1019 2581 1277 2627 praepositarum
1299 2592 1335 2614 ae
1357 2580 1585 2614 canonicorum
1605 2577 1758 2612 ecclesiae

1804 873 1950 898 Arctueptsco-

1766 905 1803 925 pus
1827 899 1950 920 Valentinus

1766 929 1835 947 tax-im
1852 926 1936 952 recipit.

1787 1219 1906 1245 Capitulum
1919 1225 1952 1239 re·

1765 1253 1788 1268 ro
1799 1253 1821 1267 se
1836 1247 1952 1267 soluturum

1766 1273 1857 1300 spondet
1895 1273 1953 1293 iuxta

1768 1300 1871 1322 camdem.

1798 1727 1906 1752 l'lnilippns
1920 1732 1955 1746 rex

1770 1760 1811 1774 non
1827 1754 1892 1774 factas
1902 1754 1956 1773 solu-

1772 1782 1839 1801 tioni-s
1850 1781 1955 1800 condonat

1771 1809 1874 1834 cassula.

1058 2655 1065 2679 t
1091 2652 1160 2680 Istae
1179 2660 1288 2688 quoque
1313 2652 1416 2679 litterae
1436 2651 1461 2677 in
1482 2649 1617 2677 Baitai-io
1639 2656 1693 2676 non
1714 2656 1757 2676 ex-

1020 2700 1077 2724 tant
1096 2699 1133 2731 (n.
1145 2696 1192 2730 τ.).
