2227 3241
262 293 312 319 Αη.
328 292 358 319 C.
378 291 444 319 1604

321 355 447 376 Praesentes

263 381 369 408 quomodo
406 382 447 400 siut

262 408 412 434 publicandae.

346 830 450 856 Exemplis

267 858 336 879 danda
353 858 411 878 tides.

307 2332 447 2354 Prooemium.

496 280 554 314 138

507 341 522 380 ξ
541 339 570 371 8.
596 338 634 370 Ut
653 340 759 369 autem
781 333 897 366 harum
918 332 1098 365 litterarum
1119 331 1203 365 noti-

464 393 506 425 tia
530 392 569 424 ad
599 399 711 423 omnes
743 387 818 421 dicti
840 386 968 420 Ordinis
988 385 1202 419 Eremitarum

463 446 578 478 fratres
595 442 719 475 facilius
737 440 895 479 deveniat,
920 440 1068 473 volumus
1085 439 1155 473 illas
1172 439 1203 472 in

463 497 610 541 capitulis
630 493 882 539 provincialibus
902 503 958 526 seu
981 493 1204 535 congregatio-

464 551 569 590 nibus,
590 553 621 582 et
641 553 752 592 postea
773 547 804 579 in
823 546 963 590 capitulo
984 546 1126 588 generali
1147 557 1205 589 pu-

464 603 545 635 blice
566 601 640 644 legi,
659 601 794 644 illasque
815 600 846 632 in
861 599 953 633 dictis
968 599 1115 642 capitulis
1129 610 1204 643 pro-

464 655 653 688 vincialibus
673 665 730 687 seu
751 653 1068 695 congregationibus,
1092 657 1123 685 et
1148 663 1202 685 ca-

464 708 566 752 pitulo
588 706 730 749 generali
758 706 856 739 lectas
880 705 925 738 sic
953 712 1095 744 arctare,
1120 716 1156 737 ac
1181 705 1205 737 si

466 760 607 802 legitime
629 759 804 802 unicuique
824 758 990 790 intimatae
1011 758 1160 795 fuisscnt;

511 815 526 856 ξ
549 813 578 846 9.
603 813 799 855 illarumque
826 811 996 855 exemplis,
1021 811 1115 844 etiam
1142 811 1204 843 im-

466 867 595 912 pressis,
621 876 718 898 mauu
749 865 873 898 scribae
898 864 973 898 dicti
1005 864 1134 908 capituli
1161 864 1207 896 vcl

466 920 584 954 notarii
603 919 723 963 publici
744 918 933 962 subscriptis
947 924 977 951 et
994 918 1099 959 sigillo
1121 917 1208 961 prio-

467 974 511 1007 ris
531 973 691 1016 generalis
717 972 817 1016 ipsius
845 971 1020 1013 Religionis
1044 971 1093 1003 vel
1125 971 1206 1003 alte-

468 1027 534 1061 rius
560 1036 717 1070 personae
746 1026 777 1058 in
811 1025 966 1067 dignitate
997 1024 1209 1057 ecclesiastica

469 1080 662 1113 constitutae
683 1078 877 1120 obsignatis,
906 1077 1052 1110 eamdem
1079 1087 1212 1120 prorsus

470 1134 567 1167 fidem
590 1133 712 1172 baberi,
736 1142 819 1176 quae
840 1131 1061 1174 praesentibus
1076 1130 1211 1163 liabere-

471 1192 534 1226 tur,
562 1186 587 1219 si
609 1186 739 1218 eaedem
766 1185 1005 1218 exhiberentur.

515 1241 628 1274 Datum
652 1240 772 1272 Romae
793 1239 878 1282 apud
896 1244 1043 1271 sanctum
1066 1238 1208 1277 Petrum,

472 1294 530 1327 sub
551 1293 671 1326 annulo
704 1291 885 1331 piscatoris,
915 1291 965 1324 die
991 1302 1001 1324 1
1034 1290 1214 1324 decembris

472 1358 582 1388 lttDClv,
606 1346 814 1391 pontificatus
835 1344 935 1378 nostri
956 1354 1041 1377 anno
1062 1354 1128 1377 xiii.

510 1409 567 1437 Dat.
590 1408 632 1436 die
654 1409 665 1435 1
689 1407 843 1435 decembris
865 1407 943 1441 1604,
963 1406 1057 1443 pontif.
1080 1414 1123 1433 an.
1140 1412 1187 1434 xit.

767 1567 923 1603 CCCLXll.

475 1669 558 1703 Prae
576 1668 691 1711 crt'ptz'o
713 1668 846 1709 formae,
863 1676 927 1709 qua
953 1664 1090 1698 Ordines
1110 1664 1217 1707 Requ-

522 1723 608 1755 lures
648 1726 674 1754 ee
713 1721 1005 1762 Consralcrm'tutcs
1040 1718 1219 1751 suecuhvres

522 1777 559 1808 (le
583 1779 703 1808 caetero
727 1775 775 1807 uti
799 1773 908 1806 debent
940 1773 976 1805 in
1006 1772 1167 1815 eri'gyenclz's
1191 1776 1217 1804 et

522 1828 738 1872 awreyandis
757 1826 1067 1869 Conqreyationibus
1087 1829 1114 1857 et
1136 1825 1217 1857 Con-

521 1881 800 1925 fratcrintalilius,·
825 1885 853 1913 cc
878 1881 911 1912 in
929 1879 1219 1911 communicatione

521 1946 656 1968 suarwn
670 1935 950 1977 in‹luhmnticrrum
967 1937 993 1966 ct
1009 1932 1219 1971 indultorum,

522 1989 856 2031 eleemosynarumquc
874 1986 1066 2026 collectione,
1087 1990 1114 2018 ct
1139 1985 1220 2018 Con-

522 2044 675 2086 fessorum
698 2042 858 2075 electione.

658 2157 812 2187 Clemens
833 2156 926 2196 Papa
942 2155 1041 2190 VIII,

601 2212 637 2239 ad
659 2215 833 2246 perpetuam
853 2210 899 2237 rei
918 2209 1100 2237 memoriam.

526 2311 752 2353 Quaecumque
766 2320 781 2341 a
795 2308 875 2341 Sede
889 2307 1071 2351 Apostolica
1085 2307 1122 2339 ad
1141 2317 1220 2350 pro-

483 2365 673 2398 movendam
700 2361 961 2396 Christifidclium
993 2360 1127 2392 salutem
1160 2360 1220 2392 ali<

483 2419 613 2463 quando
642 2426 795 2450 concessa
821 2421 914 2451 sunt,
947 2414 1004 2447 etsi
1034 2425 1070 2447 ea
1098 2420 1224 2447 maturo

483 2471 617 2505 consilio
637 2475 817 2513 magnaque
836 2468 1006 2512 prudentia
1026 2473 1056 2500 et
1076 2467 1224 2500 «fautione

483 2525 604 2559 sancita
625 2530 655 2556 et
675 2524 803 2555 decreta
823 2522 901 2561 sint,
927 2527 1043 2560 tamon,
1068 2531 1139 2552 cum
1162 2521 1224 2552 no-

485 2589 598 2610 manus
617 2576 771 2615 Pontifex,
789 2576 827 2608 de
846 2574 1028 2607 animarum
1047 2574 1148 2605 salute
1167 2573 1225 2605 sol-

1044 283 1227 307 nULLAntUM
1248 284 1400 308 IlOMANUM

1237 337 1268 365 et
1289 332 1426 366 decretis
1447 331 1656 365 observandis
1676 331 1856 375 provenire,
1880 331 1976 365 debet

1238 396 1296 430 pro
1317 386 1365 419 sui
1386 385 1554 429 pastoralis
1572 384 1668 418 officii
1687 394 1820 418 munere
1840 383 1902 417 illis
1919 394 1976 428 op-

1238 442 1374 482 portuna
1396 438 1520 471 ratione
1541 448 1729 478 occurrere,
1750 443 1796 477 et,
1819 442 1976 481 quantum

1239 503 1311 525 cum
1325 491 1462 525 Domino
1480 496 1595 534 potest,
1615 490 1760 524 adhibito
1777 489 1910 523 salutari
1928 500 1977 523 re-

1240 545 1346 577 medio
1371 544 1552 588 providere.

1284 600 1300 639 g
1327 598 1351 631 l,
1376 598 1452 631 Cum
1474 597 1582 641 itaque
1611 608 1629 630 a
1658 596 1806 641 pluribus
1825 597 1978 631 Romanis

1240 650 1449 684 Pontificibus
1473 649 1777 694 praedecessoribus
1796 648 1924 689 nostris,
1949 654 1979 683 et

1240 705 1346 737 forsan
1366 704 1461 736 etiam
1482 714 1499 736 a
1516 703 1621 744 nobis,
1642 703 1805 737 nonnullis
1822 703 1978 746 regulari-

1241 758 1299 790 bus
1310 757 1493 797 Ordinibus,
1504 756 1714 799 religionibus
1727 762 1758 789 et
1771 756 1934 798 institutis,
1944 767 1981 790 ac

1241 811 1335 845 etiam
1358 810 1619 844 christifidelium
1644 810 1857 843 saecularium
1878 809 1982 843 archi-

1242 864 1562 898 confraternitatibus
1596 869 1626 897 et
1660 863 1983 906 congregationibus,

1243 919 1440 952 diversarum
1460 917 1640 958 nationum,
1660 917 1829 951 nominum
1848 922 1879 951 et
1895 916 1985 951 insti-

1246 978 1401 1013 tutorum,
1420 977 1483 1004 taur
1502 972 1532 1004 in
1555 972 1639 1004 alma
1651 971 1736 1005 Urbe
1751 973 1871 1012 nostra,
1887 981 1985 1015 quam

1245 1025 1276 1058 in
1291 1025 1360 1058 aliis
1375 1025 1556 1059 civitatibus
1573 1030 1604 1058 et
1624 1024 1705 1058 locis
1719 1024 1885 1058 christiani
1899 1023 1987 1057 orbis

1246 1079 1408 1119 institutis,
1432 1079 1565 1112 facultas
1586 1077 1731 1121 erigendi
1749 1082 1779 1110 et
1799 1076 1986 1110 instituendi

1247 1132 1277 1164 in
1300 1143 1411 1165 eorum
1444 1138 1475 1165 et
1503 1132 1572 1165 aliis
1601 1131 1744 1165 ecclesiis
1773 1136 1804 1164 et
1829 1130 1983 1174 collegiis,

1248 1197 1374 1220 necnon
1393 1186 1486 1219 etiam
1505 1185 1567 1219 sibi
1584 1185 1782 1227 aggregandi
1802 1186 1983 1219 confrater-

1248 1240 1364 1273 nitates
1382 1245 1412 1272 ct
1431 1238 1699 1281 congregationes
1716 1238 1748 1271 in
1769 1239 1881 1271 eadem
1902 1238 1988 1272 Urbe

1248 1299 1279 1327 et
1298 1294 1330 1326 in
1351 1293 1421 1326 aliis
1442 1292 1520 1325 locis
1542 1292 1731 1332 existenteS,
1755 1291 1865 1336 eisque
1883 1291 1984 1336 privi-

1249 1348 1341 1391 legia,
1374 1346 1601 1389 indulgentias,
1630 1346 1817 1388 facultates,
1845 1346 1989 1391 aliasque

1249 1401 1432 1446 spirituales
1445 1399 1564 1443 gratias
1578 1405 1608 1433 et
1626 1399 1750 1433 indulta
1762 1399 1823 1433 sibi
1837 1410 1990 1434 concessa

1249 1455 1426 1499 respective
1447 1454 1721 1495 communicandi,
1745 1453 1899 1487 attributa
1916 1454 1986 1488 fue-

1250 1509 1301 1549 rit,
1325 1520 1361 1542 ac
1381 1509 1469 1541 nulla
1490 1514 1577 1542 certa
1596 1508 1701 1541 forma
1721 1508 1769 1541 vel
1790 1507 1872 1541 ratio
1897 1517 1989 1552 prae-

1250 1562 1367 1606 scripta
1391 1562 1448 1602 sit,
1476 1572 1559 1605 quae
1584 1561 1616 1594 in
1642 1560 1827 1594 huiusmodi
1848 1560 1987 1595 erectio-

1251 1615 1357 1655 nibus,
1374 1614 1644 1655 institutionibus,
1661 1613 1944 1657 aggregationibus
1961 1619 1993 1647 et

1251 1669 1600 1704 communicationibus
1621 1668 1775 1702 faciendis
1795 1668 1913 1701 servari
1937 1667 1993 1702 de-

1252 1724 1341 1763 beat;
1358 1728 1540 1766 propterca,
1557 1722 1622 1755 sive
1635 1721 1833 1764 negligentia
1845 1721 1993 1765 superio·

1252 1788 1322 1810 rum
1345 1776 1516 1815 ordinum,
1541 1775 1747 1817 religionum,
1774 1780 1804 1808 et
1827 1774 1992 1808 instituto-

1254 1841 1336 1871 rum,
1350 1830 1397 1863 vel
1407 1828 1591 1863 officialium
1603 1827 1993 1861 archiconfraternitatum

1253 1890 1284 1917 et
1298 1882 1587 1925 congregationum
1602 1880 1809 1924 erigentium,
1827 1880 1993 1914 instituen-

1255 1937 1345 1977 tium,
1362 1935 1608 1979 aggregantium
1623 1940 1654 1967 et
1666 1933 1990 1975 coi‘nniunicantium,

1254 2002 1336 2035 quae
1361 1989 1695 2034 (confraternitatibus
1720 1994 1751 2022 et
1771 1987 1994 2031 congregatio-

1255 2045 1348 2078 nibus
1361 2044 1534 2087 erigendis,
1551 2042 1756 2076 instituendis
1771 2048 1802 2076 et
1816 2051 1994 2085 aggregan-

1255 2098 1314 2136 dis,
1338 2103 1369 2131 et
1388 2097 1506 2141 quibus
1526 2095 1839 2130 communicationes
1859 2094 1991 2139 privile-

1255 2152 1394 2194 giorum,
1408 2150 1695 2193 indulgentiarum,
1710 2149 1912 2192 aliarumque
1925 2157 1996 2191 gra-

1258 2205 1373 2239 tiarum
1392 2204 1630 2249 praedictarum
1649 2202 1765 2245 fiunis)
1786 2212 1852 2235 non
1869 2205 1998 2235 servant

1294 2331 1303 2356 1
1323 2329 1379 2356 Huc
1395 2328 1520 2355 mendum
1537 2326 1644 2363 aliquod
1656 2326 1798 2361 irrepsisse
1814 2324 1999 2361 unusquisque

1259 2374 1422 2409 peisentiet:
1439 2373 1529 2400 forsan
1547 2377 1602 2399 tota
1616 2371 1743 2407 periodus
1756 2370 1834 2398 aliter
1848 2369 2001 2397 ordinanda

1258 2423 1297 2445 est
1315 2418 1363 2446 boc
1381 2419 1475 2445 niodo:
1492 2418 1549 2445 sive
1567 2416 1778 2451 negligentia...
1801 2414 2001 2449 conyreyatio-

1259 2473 1324 2491 num
1338 2464 1521 2497 ονήμτηιῐιιιη,
1538 2461 1757 2489 instituentium.
1775 2459 2000 2494 ayyreqantium

1259 2512 1283 2535 et
1294 2517 1384 2535 comm
1392 2507 1584 2537 micantium,
1597 2513 1670 2540 quae
1681 2512 1734 2531 non
1747 2506 1863 2531 servant
1872 2505 2000 2538 sormam

1261 2554 1290 2580 in
1320 2552 1486 2579 huiusmodi
1514 2550 1721 2581 erectionibus,
1749 2547 1980 2576 institutionibus
1993 2568 2000 2578 ,

1259 2597 1513 2633 ayqregyati'onibus
1528 2599 1554 2622 et
1567 2593 1873 2621 communicationibus
1888 2592 2002 2620 servari

486 2631 601 2671 lidius,
625 2639 798 2673 Pl'ogsessu
824 2627 978 2671 temporis
999 2625 1226 2659 atlitittldvetlit
1259 2643 1397 2673 debitam,
1419 2648 1508 2675 neque
1527 2637 1820 2673 confraternsz'eatibas
1840 2639 1866 2664 et
1881 2643 2000 2670 conyre-

486 2685 601 2717 sensim
624 2684 748 2728 aliquos
769 2683 886 2716 abusus
908 2682 940 2714 in
961 2681 1082 2714 eisdem
1100 2679 1225 2714 statutis
1259 2687 1422 2723 qattonibas
1433 2684 1589 2720 ertyemlis,
1601 2682 1788 2711 instituendis
1801 2684 1827 2710 ee
1842 2688 2001 2717 ayqreyan-

1989 283 2042 310 An.
2060 282 2087 310 C.
2103 282 2171 313 1604

2018 609 2048 630 Ex
2063 609 2174 631 communi-

1993 637 2076 657 catione
2109 635 2175 658 indul·

1993 663 2125 688 genitarum,
2141 664 2175 684 cto.
2202 667 2203 670 ¹
2226 671 2227 674 ¹

1954 702 1960 709 .
1993 695 2058 716 prave
2078 689 2176 715 exui-ensi

1993 715 2086 737 nonnulli
2099 715 2176 738 abusus

1995 743 2130 769 irrepserant..

2192 1604 2227 1643 Ji*

2224 2835 2227 2839 .
2216 2742 2227 2804 -.L-
2215 2406 2227 2729 ·„*2—.‘.'-;)·;4.Q--
2220 2343 2227 2398 -mss—
