2227 3241
485 307 547 342 700

440 365 529 406 Cum,
549 366 630 401 sicut
649 365 794 399 dolenter
813 365 1006 409 accepimus,
1027 364 1102 399 606.

1019 314 1193 341 mmmmm
1218 315 1298 340 nom
1303 316 1367 340 Nm!

1206 364 1250 398 Ex
1268 364 1412 398 iniuncto
1427 363 1522 397 nobis
1539 363 1703 407 pastoralis
1720 363 1829 403 officii,
1848 363 1886 397 ad
1907 375 1943 398 ea

435 419 614 459 Cum,sicut
629 419 722 452 nobis
735 418 960 463 nuperexponi
975 415 1172 458 fecisti,109.
1198 451 1217 455 ,
1250 417 1398 458 libenter,
1417 416 1492 451 2:38.

435 472 524 514 Cum,
551 472 633 506 sicut
657 471 749 506 nobis
771 483 872 517 nuper
897 471 1078 515 expositum
1100 471 1170 511 fuit,
1207 469 1250 504 Ex
1268 470 1412 504 iniuncto
1429 470 1521 504 nohis
1538 470 1702 514 apostotici
1729 471 1871 504 muneris
1891 469 1945 504 de-

477 524 552 559 627.

432 579 601 623 Cupientes
614 578 832 613 commoditati
850 578 979 620 civium,
1000 578 1030 611 5.

431 631 601 678 Cupientes
622 631 896 672 constitutionem,
914 632 989 666 451.

788 749 812 783 D

431 848 525 882 Decet
546 848 726 882 Romanum
756 846 943 881 Pontificem
966 857 1001 881 ea
1025 856 1107 891 quac
1133 845 1170 879 ad

475 901 594 941 litium,
615 900 692 934 445.

431 954 525 989 Decet
551 955 731 989 Romanum
758 953 942 987 Pontificem
981 963 1017 987 ea
1048 962 1130 996 quae
1154 964 1170 986 a

476 1008 640 1049 Romanis,
667 1006 745 1041 318.
781 1014 788 1018 ·

432 1061 528 1096 Decet
551 1062 729 1096 Romanum
755 1061 943 1109 Pontificem
980 1072 1016 1095 ea
1049 1072 1131 1106 quae
1155 1072 1172 1094 a

477 1116 556 1156 suis,
575 1115 650 1150 313.

432 1169 527 1204 Decet
544 1170 723 1203 Romanum
742 1168 930 1204 Pontificem
957 1179 992 1202 ea
1013 1179 1093 1214 quae
1115 1179 1172 1214 pro

475 1223 716 1267 religiosorum,
731 1223 806 1257 125).

434 1276 529 1311 Decet
547 1277 728 1312 Romanurn
749 1276 937 1310 Pontificem
959 1277 990 1310 in
1010 1276 1070 1317 his,
1088 1274 1117 1310 8.

431 1330 527 1364 Decet
544 1330 723 1364 Romanum
745 1329 936 1364 Pontificem
958 1329 989 1362 in
1011 1329 1071 1370 his,
1090 1329 1142 1362 13.

430 1383 526 1418 Decet
546 1385 727 1418 Romanum
751 1383 939 1417 Pontificem
955 1383 986 1416 in
1004 1393 1171 1427 supremo,

476 1436 529 1471 30.

431 1490 527 1525 Decet
540 1491 720 1525 Romanum
734 1490 922 1525 Pontificem
941 1491 1023 1530 lites,
1044 1489 1096 1524 30.

433 1545 530 1579 Decet
553 1545 732 1578 Romanum
763 1544 953 1578 Pontificem
981 1544 1171 1588 praedeces,-

477 1609 598 1639 sorum,
616 1598 690 1633 598.

434 1652 527 1687 Decet
544 1653 722 1687 Romanum
743 1652 931 1686 Pontificem
955 1662 1037 1695 quae
1061 1652 1172 1693 sacris,

477 1707 552 1741 215.

432 1759 526 1794 Decet
542 1761 725 1794 Romanum
746 1759 933 1794 Pontificem
952 1770 1040 1794 suae.
1059 1758 1111 1792 78.

433 1812 628 1849 Dilectorum
646 1813 788 1847 filiorum
809 1813 1027 1858 syndicorum,
1055 1811 1107 1846 81.

432 1866 545 1900 Divina
561 1866 750 1910 disponente
767 1865 950 1906 clementie,
969 1864 1044 1898 325.

432 1919 589 1954 Dominici
614 1920 735 1964 gregis,
762 1919 792 1954 1.

434 1973 515 2009 Dum
541 1984 696 2017 generosa
721 1974 871 2016 militum,
900 1973 973 2008 504.

789 2056 812 2089 Ε

434 2133 594 2168 Ecclesiae
610 2133 790 2168 Catholicae
807 2133 967 2177 regimini,
987 2131 1060 2166 608.

435 2186 595 2220 Ecclesiae
607 2187 773 2220 militantis
784 2186 943 2231 regimini,
954 2185 1174 2225 aucture‚552.

436 2240 597 2274 Ecclesiae
615 2240 779 2274 militantis
805 2240 966 2284 regimini,
993 2240 1078 2280 licet,
1098 2235 1172 2274 621..

436 2294 480 2328 Ex
497 2294 668 2327 commissa
681 2294 773 2327 nobis
790 2295 941 2337 desuper,
961 2293 1034 2327 561.

436 2347 480 2381 Ex
494 2348 615 2382 credito
632 2348 724 2382 nobis
737 2348 917 2392 pastoralis,
934 2348 1009 2381 442.

434 2401 479 2434 Ex
499 2396 607 2435 debito
627 2401 793 2446 pastoralis
810 2402 918 2440 officii,
938 2401 1003 2441 cui,
1025 2400 1078 2435 58.

436 2454 481 2487 Ex
497 2454 608 2488 debito
632 2455 799 2498 pns10ralis
822 2454 932 2494 officii,
951 2465 1058 2495 curae,
1075 2453 1151 2488 033.

437 2507 481 2540 Ex
499 2508 606 2542 debito
624 2509 793 2552 pastoralis
809 2508 917 2549 officii,
937 2508 1042 2548 nobis,
1058 2508 1133 2541 612.

438 2560 575 2604 Exigunt
592 2568 665 2596 tuae
683 2561 889 2596 fraternitatis
910 2561 1036 2601 merita,
1055 2560 1130 2595 110.

439 2613 580 2648 Eximiae
602 2615 763 2649 fidelitatis
782 2620 813 2649 et
830 2615 1031 2660 prudentiae,
1055 2613 1131 2648 354.

439 2667 483 2701 Ex
506 2669 648 2703 iniuncto
672 2669 764 2703 nobis
783 2669 975 2714 apostolicae
1003 2668 1177 2711 servitutis,

483 2721 557 2755 143.

1251 524 1329 564 bito,
1346 523 1580 565 controversiis,
1596 523 1670 558 165.

1208 578 1250 611 Ex
1267 577 1412 611 iniuncto
1431 577 1524 611 nobis
1543 577 1707 622 apostolici
1729 577 1870 611 muneris
1890 576 1945 612 de·

1250 631 1330 671 bito,
1356 631 1405 664 ius
1430 641 1536 672 suum,
1561 629 1637 664 182.

1207 685 1250 719 Ex
1268 685 1412 720 iniuncto
1429 685 1522 719 nobis
1539 685 1705 729 apostotici
1725 685 1868 719 muneris
1891 683 1944 719 de-

1251 739 1331 780 bno,
1349 741 1396 775 ius
1411 751 1518 780 suum,
1535 739 1610 775 186.

1208 794 1249 827 Ex
1267 795 1411 829 iniuncto
1431 795 1523 828 nohis
1539 793 1709 838 pastoralis
1733 793 1877 828 muneris
1892 792 1946 828 de·
2003 803 2007 806 ’

1251 848 1330 889 bito,
1358 848 1604 891 Religiosorum
1627 847 1679 881 46.

1208 900 1251 934 Ex
1271 901 1416 934 iniuncto
1432 901 1525 935 nobis
1542 900 1713 944 pastoralis
1731 899 1873 934 muneris
1889 900 1945 934 de-

1251 953 1331 995 bito,
1349 953 1596 996 Rebgiosomm,
1612 953 1663 987 49.

1207 1006 1250 1040 Ex
1264 1007 1408 1040 iniuncto
1425 1006 1520 1041 nobis
1537 1007 1707 1050 apostolici
1728 1007 1873 1041 muneris
1891 1006 1947 1040 de-

1251 1060 1329 1100 bito,
1347 1059 1423 1094 217.

1207 1114 1250 1148 Ex
1270 1115 1420 1148 omnibus
1436 1114 1628 1148 christianae
1650 1114 1829 1154 charitatis,
1847 1113 1923 1147 4612

1207 1168 1328 1213 Exponi
1347 1168 1440 1202 nobis
1456 1167 1570 1207 fecisti,
1589 1167 1664 1201 222.

1208 1222 1328 1267 Exponi
1342 1221 1435 1256 nobis
1450 1232 1552 1266 nuper
1565 1222 1710 1256 fecerunt
1724 1221 1943 1262 charissimus,

1252 1275 1327 1310 428.

1209 1329 1329 1373 Exponi
1350 1329 1444 1362 nohis
1461 1339 1563 1374 nuper
1576 1330 1722 1364 fecerunt
1735 1328 1856 1368 dilecti.
1868 1327 1944 1363 662.

1208 1383 1329 1428 Exponi
1347 1383 1438 1417 nobis
1459 1394 1562 1427 nuper
1575 1383 1687 1423 fecisti,
1710 1382 1784 1417 574.

1210 1437 1332 1481 Exponi
1349 1438 1441 1471 nobis
1457 1447 1560 1480 nuper
1576 1437 1706 1477 fecistis,
1726 1436 1801 1471 629.

1211 1491 1330 1535 Exponi
1346 1490 1439 1524 nobis
1452 1501 1555 1535 nuper
1566 1491 1639 1524 fecit
1652 1488 1948 1530 charissimus‚460.
2002 1519 2008 1523 .

1210 1545 1330 1588 Exponi
1355 1544 1448 1578 nobis
1473 1555 1576 1588 nuper
1600 1544 1673 1577 fecit
1698 1543 1837 1577 dilectus
1860 1542 1950 1576 filius

1253 1599 1376 1640 reims,
1405 1598 1480 1632 549.

1209 1653 1333 1695 Exponi
1351 1651 1442 1685 nobis
1456 1662 1560 1695 nuper
1573 1652 1646 1686 fecit
1659 1651 1861 1691 venerabilis,
1873 1649 1948 1684 372.

1209 1706 1328 1749 Exponi
1347 1705 1439 1739 nobis
1456 1711 1508 1739 tua
1527 1705 1684 1746 maiestas,
1704 1704 1779 1738 439.

1209 1759 1392 1803 Expositum
1414 1759 1505 1793 nobis
1523 1769 1626 1803 nuper
1642 1759 1714 1798 suit,
1733 1757 1786 1791 20.

1209 1812 1394 1856 Expositum
1413 1813 1504 1846 nohis
1524 1823 1626 1856 nuper
1642 1812 1712 1852 fuit,
1731 1811 1781 1844 61.

1208 1866 1391 1910 Expositum
1410 1865 1502 1899 nobis
1519 1876 1624 1909 nuper
1639 1865 1708 1907 fuit,
1729 1864 1803 1898 196.
1844 1886 1846 1889 -

1208 1920 1391 1964 Expositum
1413 1920 1504 1953 nobis
1525 1930 1628 1963 nuper
1647 1919 1717 1960 fuit,
1737 1918 1811 1952 297.

1210 1973 1395 2018 Expositum
1417 1973 1508 2007 nobis
1527 1983 1631 2017 nuper
1649 1971 1720 2012 suit,
1737 1970 1813 2006 381.

1209 2027 1394 2072 Expositum
1415 2026 1507 2061 nobis
1523 2037 1625 2071 nuper
1641 2027 1711 2067 fuit,
1737 2024 1813 2059 539.

1209 2081 1394 2125 Expositum
1419 2080 1511 2114 nobis
1535 2090 1638 2124 nuper
1654 2079 1724 2119 suit,
1741 2076 1815 2112 508.

1210 2135 1392 2178 Expositum
1411 2133 1503 2168 nobis
1523 2144 1625 2179 nuper
1642 2133 1710 2173 suit,
1727 2130 1801 2165 577.

1209 2188 1362 2232 Exposuit
1386 2187 1577 2232 apostolatui
1601 2192 1724 2227 nostro,
1752 2184 1826 2219 572.

1210 2242 1253 2275 Ex
1269 2253 1334 2286 quo
1350 2242 1456 2275 divina
1474 2242 1633 2280 maiestaS,
1650 2239 1725 2273 450.

1567 2356 1588 2389 F

1212 2453 1421 2494 Facultatem‚
1448 2452 1522 2487 548.

1214 2507 1432 2541 Fraternitatis
1449 2513 1522 2541 tuae
1542 2506 1676 2547 litteras,
1692 2504 1766 2539 664.

1567 2622 1591 2656 G

1213 2720 1337 2756 Gratias
1354 2731 1370 2754 a
1387 2720 1490 2761 nohis,
1512 2718 1585 2753 167.
