2227 3241
94 241 141 268 An.
162 239 192 266 C.
213 239 280 267 ¹609

293 288 412 321 realem
432 293 462 321 et
475 287 632 321 actualem
647 287 879 331 possessionem
895 287 1032 319 decima-

292 351 376 381 rum,
399 340 628 385 primitiarum
650 341 895 384 proprietatum,
914 350 1033 381 rerum,

293 404 446 427 censuum
463 400 490 427 et
504 394 663 427 bonorum
679 393 863 426 huiusmodi
879 403 949 425 cum
969 403 1034 425 om-

292 447 387 480 nibus
413 447 537 480 iuribus
562 453 592 480 ct
616 447 819 490 pertinentiis
843 446 907 479 suis
934 446 1033 479 libere

293 494 537 544 apprehendere
558 506 587 533 et
614 500 848 544 apprehensam
876 504 1032 543 perpetuo

292 554 443 594 retinere,
462 565 498 587 ac
520 554 651 593 fructus,
670 553 824 594 redditus,
848 557 1033 596 proventus7

294 608 375 648 iura,
399 607 609 641 obventiones
634 613 665 640 et
691 607 908 640 emolumenta
929 616 1029 649 quae-

293 671 432 704 cumque
441 660 619 704 percipere,
636 660 771 702 exigere,
784 660 900 700 levare,
924 669 1034 692 arren-

294 714 383 754 dare,
409 714 528 754 locare,
557 713 727 752 dislocare,
756 723 792 746 ac
817 712 977 756 (deductis
1002 712 1033 745 in

293 766 407 811 primis
428 772 459 800 et
483 772 556 799 ante
581 765 689 799 onmia
711 765 871 807 trecentis,
895 776 977 809 quae
1003 766 1033 798 in

294 820 398 853 dictae
417 819 542 853 noviter
556 825 679 853 erectae
697 819 851 852 ecclesiae
870 818 1035 860 fabricam,

294 884 330 906 ac
358 879 622 917 paramentorum
650 879 678 906 ct
705 878 971 906 ornamentorum
1006 878 1033 904 et

294 937 402 961 rerum
424 928 559 961 aliarum
578 927 727 972 illiusque
748 927 910 960 sacristiae
930 937 1036 960 neces-

294 981 450 1014 sariarum
488 982 684 1025 emptionem
715 991 751 1015 ac
787 980 1033 1014 luminariorum

295 1045 400 1075 usum,
417 1041 448 1068 et
466 1035 602 1068 aliorum
619 1045 753 1068 onerum
769 1041 796 1067 et
812 1045 870 1078 pro
891 1040 1035 1078 tempore

295 1088 550 1122 incumbentium
565 1088 841 1132 supportationem
858 1088 1037 1131 expendan-

260 1156 263 1158 ·
296 1145 357 1181 tur,
381 1150 439 1173 nec
459 1150 523 1173 non
545 1139 729 1183 quingentis
750 1145 781 1172 et
801 1139 1036 1183 quinquaginta

295 1193 393 1226 scutis
410 1193 527 1234 aureis,
544 1204 578 1226 ex
600 1193 716 1237 quibus
733 1193 873 1226 decanus
891 1198 1032 1233 centum,

295 1253 327 1280 et
338 1247 454 1289 singuli
469 1246 615 1280 canonici
630 1246 784 1290 praedicti
802 1246 1036 1290 quinquaginta

295 1306 386 1334 scuta
413 1311 509 1334 aurea
537 1300 655 1333 similia
679 1310 738 1344 pro
767 1300 952 1340 decanatus,
978 1310 1036 1332 nec

296 1365 361 1387 non
381 1354 629 1388 canonicatuum
651 1360 681 1388 et
701 1354 959 1398 praebendarum
979 1354 1037 1388 hu-

297 1407 436 1441 iusmodi
465 1408 593 1442 dotibus
621 1408 780 1451 habeant)
811 1408 934 1452 reliqua
963 1418 1037 1442 vero

297 1462 417 1502 omnia,
441 1461 596 1501 decimae,
618 1461 810 1505 primitiae¹,
827 1472 888 1501 res,
909 1472 1033 1501 census,

297 1515 400 1554 bona,
429 1525 465 1548 ac
495 1515 636 1555 fructus,
662 1515 825 1555 redditus,
849 1521 1034 1558 proventus,

297 1567 377 1608 iura,
397 1567 606 1600 obventiones
627 1573 655 1600 et
682 1567 901 1600 emolumenta
922 1567 1033 1601 liuius-

296 1621 429 1654 modiin
444 1632 536 1655 usum
558 1621 820 1655 distributionum
845 1621 928 1654 inter
945 1622 1038 1655 deca·

295 1684 372 1707 num
388 1680 417 1708 et
431 1675 604 1708 canonicos
625 1675 807 1719 praedictos
819 1675 903 1718 apud
919 1674 1036 1708 dictam

295 1728 421 1762 noviter
447 1734 587 1762 erectam
614 1728 781 1761 ecclesiam
807 1738 866 1772 pro
894 1735 1038 1772 tempore

296 1781 484 1824 residentes,
495 1788 525 1815 et
538 1782 625 1815 boris
640 1782 803 1816 canonicis
817 1782 952 1826 aliisque
966 1782 1039 1815 divi-

296 1835 345 1868 nis
361 1835 477 1869 officiis
494 1835 559 1869 suis
578 1836 648 1869 loco
663 1842 692 1869 et
715 1842 859 1880 tempore
879 1836 909 1868 in
925 1836 1036 1869 eadem

296 1889 421 1922 noviter
446 1891 552 1922 erecta
577 1889 712 1929 ecclesia
736 1889 938 1922 celebrandis
967 1900 1039 1933 per-

295 1943 451 1977 sonaliter
479 1944 714 1984 interessentes,
742 1944 907 1977 dumtaxat
933 1944 1038 1987 (iuxta

296 1996 464 2040 providam
482 1997 725 2040 dispositionem
741 1997 780 2029 ab
795 1997 908 2030 eodem
923 1996 1038 2031 Carolo

297 2050 379 2097 duee
394 2060 465 2083 cum
489 2050 666 2083 interventu
682 2050 841 2083 Ordinarii
863 2050 924 2083 loci
945 2050 1039 2084 desu-

298 2114 355 2147 per
378 2103 574 2146 saciendam)
593 2103 765 2136 dividenda
783 2109 811 2137 et
834 2104 1039 2147 repartienda

298 2162 329 2189 et
349 2167 405 2200 per
426 2167 480 2190 eos
501 2156 730 2189 lucrifacienda
752 2156 965 2195 <absentium²
985 2162 1039 2190 aut

298 2219 363 2242 non
385 2209 605 2250 residentium,
622 2220 680 2253 pro
695 2209 946 2253 uniuscuiusque
961 2213 1039 2250 rata,

298 2263 495 2307 portioncs³‚
517 2263 714 2296 infirmitatis
738 2269 793 2296 aut
811 2263 873 2296 alio
895 2263 1039 2305 legitimo

300 2316 554 2360 impedimento,
582 2316 620 2349 dc
647 2327 710 2360 quo
736 2317 851 2350 docere
877 2316 1036 2359 debeant,

334 2423 346 2449 1
379 2422 444 2450 l'uto
469 2422 612 2459 legendum
637 2430 697 2450 esse
721 2423 863 2456 decimas7
891 2423 1041 2457 primitias

301 2467 394 2502 (a.·r.).

334 2512 352 2538 2
372 2511 436 2539 Heic
461 2512 576 2539 libenter
604 2512 734 2539 adderem
759 2511 917 2546 particulam
943 2515 1040 2539 autem

302 2556 397 2590 talu).

336 2600 352 2626 3
372 2600 442 2627 Edit.
469 2601 552 2628 Main.
579 2601 642 2636 legit
662 2609 717 2635 pro
742 2601 948 2635 uniuscuisque
978 2602 1039 2628 ruat

297 2645 431 2679 portione
445 2646 484 2677 (a.
501 2646 548 2680 τ,),

917 238 1038 262 PAULUS
1059 238 1077 261 V
1098 236 1147 261 1²1³.

1705 219 1768 252 565
1818 228 1866 253 An.
1888 226 1916 252 c.
1940 226 2008 253 t609

1068 283 1290 323 cessantibus¹‚
1320 283 1389 315 aliis
1414 280 1638 326 praesentibus
1659 284 1688 311 et
1709 288 1805 321 prae-

1068 338 1159 370 dictis
1180 336 1295 370 divinis
1316 335 1442 373 officiis,
1467 340 1499 367 ut
1519 333 1712 378 praefertur,
1736 340 1809 374 per-

1067 391 1221 424 sonaliter
1242 389 1516 425 interessentibus,
1538 397 1596 431 pro
1611 384 1810 418 uniuscuius-

1068 456 1130 488 que
1157 447 1246 485 rata,
1275 450 1457 483 accrescant
1484 448 1512 476 et
1540 450 1722 475 accrescere
1748 438 1806 471 de-

1067 498 1176 540 beant)
1204 497 1420 537 convertere2‚
1449 494 1633 529 Dioccesani
1667 493 1727 526 loci
1762 492 1808 524 vel

1068 551 1205 584 cuiusvis
1225 551 1356 584 alterius
1373 550 1499 583 licentia
1521 549 1659 592 desuper
1676 546 1808 579 minime

1068 605 1251 648 requisita&

1113 659 1129 700 ξ
1150 657 1180 691 5.
1205 658 1241 691 Et
1262 658 1395 702 insuper
1419 657 1522 691 dictae
1540 655 1664 689 noviter
1684 659 1809 688 erectae
1852 664 1904 684 uua·
1916 663 2009 689 capituto

1069 712 1234 752 ecclcsiae,
1260 711 1409 755 illiusque
1433 711 1566 750 decano,
1599 719 1724 742 necnon
1751 719 1806 741 ca·
1825 694 2011 765 ξῗῖἇῗζγῗῖιῖἶᾛὲῗῧῖ

1069 765 1193 798 nonicis
1206 775 1265 809 pro
1282 770 1425 808 tempore
1443 763 1660 803 existentibus,
1681 772 1810 795 eorum-
1834 750 1880 770 ⁸³¹³
1896 750 1961 764 conce
1981 750 1985 763 ¹
2007 760 2011 767 ’

1069 829 1131 862 que
1153 818 1318 856 ministris,
1344 817 1556 851 familiaribus
1582 822 1608 849 et
1636 816 1783 860 personis
1799 843 1806 855 ,

1070 873 1155 916 quod
1170 872 1320 906 omnibus
1335 877 1364 905 et
1379 871 1513 914 singulis
1526 870 1712 915 privilegiis,
1723 869 1814 903 liber·

1070 925 1206 967 tatibus,
1232 925 1505 964 imnumitatihus,
1533 923 1807 967 exemptionibus,

1069 979 1313 1022 praerogativis,
1342 977 1603 1017 antelationibus,
1632 976 1808 1015 favoribus,

1070 1032 1344 1075 praeeminendi&
1373 1031 1516 1071 indultis,
1537 1029 1810 1069 concessionibus,

1070 1086 1206 1130 aliisque
1226 1086 1358 1128 gratiis,
1383 1091 1446 1118 tam
1473 1084 1694 1129 spiritualibus
1714 1093 1810 1127 quam

1072 1139 1317 1183 temporalibus,
1341 1139 1459 1182 quibus
1480 1139 1560 1171 aliae
1585 1138 1765 1171 saeculares
1783 1143 1813 1169 et

1070 1193 1259 1236 collegiatae
1280 1192 1435 1226 ecclesiae
1453 1192 1580 1225 illarum
1604 1191 1755 1235 partium,
1777 1191 1812 1223 il-

1071 1246 1238 1290 larumque
1264 1246 1402 1290 capitula
1428 1251 1456 1278 et
1479 1244 1636 1284 canonici,
1664 1245 1703 1277 de
1729 1244 1809 1282 iure,

1071 1299 1248 1343 privilegio,
1277 1310 1347 1339 usu,
1375 1298 1628 1337 consuetudine,
1656 1304 1711 1331 aut
1735 1297 1813 1330 alias

1071 1353 1326 1397 quomodolibet,
1344 1358 1489 1393 utuntur,
1508 1352 1668 1391 fruuntur,
1685 1351 1813 1395 potiun-

1072 1413 1124 1440 tur
1143 1412 1174 1440 et
1195 1407 1347 1449 gaudent,
1364 1416 1399 1439 ac
1420 1406 1477 1446 uti,
1495 1405 1568 1445 frui,
1586 1404 1681 1449 potiri
1696 1411 1725 1438 et
1739 1414 1814 1446 gau-

1071 1461 1146 1494 dere
1167 1466 1300 1504 possunt
1333 1466 1363 1492 et
1391 1465 1538 1504 poterunt
1568 1458 1813 1502 quomodolibet

1073 1514 1103 1546 in
1126 1515 1281 1553 futurum,
1307 1514 1364 1557 ipsi
1392 1513 1513 1557 pariter
1538 1518 1566 1545 et
1593 1511 1814 1556 parisormiter

1072 1579 1107 1602 ac
1122 1579 1223 1612 aeque
1251 1568 1482 1612 principaliter,
1503 1567 1624 1611 absque
1645 1567 1709 1599 ulla
1723 1575 1814 1609 pror-

1072 1633 1124 1655 sus
1138 1621 1331 1661 differentia,
1357 1621 1387 1654 in
1409 1621 1560 1654 omnibus
1581 1626 1608 1654 et
1629 1631 1685 1664 per
1705 1620 1814 1652 omnia

1072 1685 1108 1708 ac
1122 1675 1147 1708 si
1166 1675 1218 1707 illa
1236 1675 1428 1708 nominatim
1445 1681 1473 1707 et
1495 1685 1643 1718 expresse
1657 1684 1714 1717 per
1728 1683 1816 1718 prae-

1072 1734 1176 1762 sentes
1209 1738 1359 1761 concessa
1384 1734 1411 1761 et
1441 1727 1601 1772 impertita
1634 1728 1737 1760 forent
1763 1729 1815 1769 (e-

1075 1782 1178 1815 tiamsi
1205 1782 1278 1815 talia
1301 1781 1458 1819 existant,
1483 1791 1565 1825 quae
1586 1781 1758 1824 specialem
1786 1787 1814 1813 et

1073 1836 1270 1869 individuam
1294 1836 1460 1879 requirant
1485 1835 1680 1868 mentionem
1707 1840 1734 1867 et
1757 1834 1815 1867 sub

1073 1889 1214 1931 generali
1241 1889 1444 1932 expressione
1459 1898 1523 1921 non
1541 1887 1816 1932 comprehendan-

1074 1948 1149 1986 tur),
1178 1942 1273 1975 etiam
1295 1942 1352 1982 uti,
1378 1941 1450 1981 frui,
1474 1941 1569 1986 potiri
1591 1947 1622 1975 et
1639 1942 1812 1984 gaudere⁴;

1118 1995 1176 2038 gf».
1199 1997 1241 2028 Ac
1259 2005 1316 2039 pro
1332 1995 1408 2035 suis,
1433 2001 1463 2028 et
1483 1995 1586 2028 dictae
1602 1994 1726 2028 noviter
1743 2005 1814 2028 ere·
1859 2003 1881 2023 Et
1895 2003 2015 2022 naamam

1831 2030 1934 2055 sperit-te«-
1953 2030 2017 2048 etten-

1073 2056 1142 2098 ctae
1163 2049 1327 2088 ecclesiae,
1345 2054 1373 2081 ct
1388 2058 1599 2092 personarum
1616 2049 1642 2082 ci
1661 2059 1721 2092 pro
1737 2055 1811 2082 tem-
1830 2057 1865 2103 ἑὲ
1880 2058 2017 2075 ‹annuunt-0-

1073 2113 1150 2148 porc
1171 2103 1200 2135 in
1219 2102 1333 2136 divinis
1351 2102 1599 2135 deservientium
1619 2102 1751 2135 feliciori
1771 2113 1816 2134 re-

1110 2203 1120 2227 t
1143 2201 1242 2227 Sensus
1262 2203 1317 2227 cst:
1339 2200 1513 2228 cessantibus
1526 2222 1532 2233 ,
1549 2208 1648 2235 nempe
1662 2221 1668 2231 ,
1684 2208 1740 2226 non
1757 2202 1816 2227 exi*

1073 2245 1219 2277 steutibus,
1237 2244 1363 2279 legitimis
1374 2244 1583 2279 impedimentis,
1596 2249 1623 2270 at
1634 2253 1682 2279 ego
1697 2246 1735 2271 vel
1757 2244 1816 2271 heic

1074 2289 1192 2324 legerem
1203 2289 1337 2319 cessanti,
1351 2288 1390 2315 vel
1403 2288 1481 2324 paulo
1493 2293 1555 2315 aute
1567 2289 1683 2323 legerem
1696 2289 1817 2323 infirmi·

1074 2335 1140 2361 tatis
1156 2335 1206 2361 αιιί
1221 2333 1280 2360 alio
1297 2333 1432 2367 leyt'timo,
1451 2333 1484 2359 tle
1500 2341 1553 2367 quo
1570 2334 1669 2360 docere
1685 2333 1817 2366 debeant,

1073 2379 1289 2414 impedimentis
1305 2379 1479 2406 cessantibus
1494 2382 1533 2412 (n.
1549 2385 1564 2405 Τ
1580 2380 1596 2412 j.

1108 2423 1126 2449 2
1146 2423 1244 2459 Nempe
1260 2423 1353 2457 liceat,
1370 2423 1441 2458 quod
1452 2423 1562 2450 verbum
1575 2423 1724 2458 praecessit
1740 2426 1816 2458 rus).

1109 2468 1125 2495 3
1144 2467 1278 2498 Quantum
1298 2468 1389 2503 itaque
1410 2467 1484 2503 potui
1506 2468 1594 2494 locum
1611 2467 1636 2494 in
1652 2467 1716 2494 edit.
1737 2467 1816 2494 Maia.

1075 2512 1289 2539 inextricabilem
1304 2512 1437 2548 explicare
1454 2515 1564 2539 conatus
1583 2520 1652 2543 sunu
1673 2512 1706 2544 si,
1724 2511 1818 2546 lector,

1075 2557 1176 2593 aliquid
1192 2558 1287 2585 melius
1302 2558 1432 2591 invenies,
1450 2558 1533 2593 magis
1549 2561 1625 2585 utere
1639 2558 1677 2592 (n.
1695 2558 1746 2591 r).

1110 2601 1126 2626 4
1145 2599 1320 2636 Subintellige
1335 2600 1454 2635 possint,
1470 2600 1637 2634 indulyeas;
1653 2607 1722 2635 quae
1739 2599 1819 2627 verba

1076 2649 1168 2680 postea
1183 2648 1334 2680 sequuntur
1351 2645 1375 2671 in
1394 2645 1445 2671 sine
1461 2645 1473 2679 ξ
1489 2652 1544 2679 seq.
1557 2645 1595 2678 (a.
1611 2645 1658 2670 r).
