2227 3241
237 292 284 319 An.
302 292 330 319 C.
353 291 420 318 1606

280 981 393 1007 monetque
402 982 425 1001 ut

239 1016 251 1030 a
261 1009 369 1039 similibus
387 1008 425 1029 ab·

240 1038 336 1057 utineam.

256 1863 371 1889 Derogauo
380 1869 430 1884 eon-

245 1894 364 1911 turiurum.

302 2023 430 2049 statutaque

247 2052 430 2076 praeservatquae

245 2079 337 2102 praesta·
347 2076 395 2097 dam
410 2082 431 2097 o-

246 2110 293 2129 pem
302 2107 390 2124 sanctae
399 2103 431 2124 In-

246 2130 355 2156 quisitioni
388 2136 430 2151 res-

246 2161 333 2184 piciunt.

467 280 530 315 372

436 337 592 372 momenti
617 337 694 378 sint,
721 336 932 371 nihilominus
957 338 996 371 de
1021 338 1175 382 apostoli-

436 403 491 426 cae
512 391 677 436 potestatis
697 391 909 435 plenitudine,
938 392 1046 426 omnia
1067 398 1097 426 et
1116 393 1177 426 sin·

435 446 508 489 gula
528 456 586 489 per
606 449 790 489 praesentes
816 445 981 480 irritamus
1006 451 1037 480 et
1060 447 1174 480 annul-

434 500 548 539 lamus,
565 499 718 543 irritaque
731 504 762 533 et
778 499 866 532 nulla
884 510 920 533 ac
935 500 1084 541 invalida,
1105 501 1176 533 nul-

434 552 559 596 liusque
586 552 712 586 roboris
744 557 775 585 et
800 553 955 586 momenti
977 553 1083 595 fuisse,
1107 564 1174 587 csse

434 617 470 638 ac
491 605 578 646 fore;
606 604 683 640 nec¹
704 606 869 650 praedicta
889 613 1005 641 statuta
1022 607 1054 640 in
1072 607 1176 641 causis

435 659 666 702 cognoscendis
681 665 711 693 et
733 660 944 695 terminandis
960 660 1102 704 allegari,
1120 671 1176 695 seu

435 712 565 746 illorum
586 713 744 747 rationem
776 714 889 748 haberi
915 724 1009 758 posse
1036 719 1090 748 aut
1115 715 1173 748 de-

435 766 526 806 bere,
551 767 800 811 praedictosque
827 767 1039 801 vexilliferum
1064 773 1095 801 et
1120 779 1176 801 an-

436 820 541 853 tianos
565 820 620 853 illa
649 821 753 854 facere
778 827 808 855 et
832 821 927 855 edere
953 828 984 855 et
1013 822 1045 855 in
1070 821 1131 856 illis
1145 832 1177 855 se

437 873 622 907 immiscere
641 884 705 908 non
726 875 868 919 potuisse
888 886 994 921 neque
1014 886 1107 920 posse
1129 875 1180 909 de-

439 927 600 961 cernimus
626 933 657 961 ct
676 928 887 962 declaramus.

484 983 500 1023 ἓ
525 980 556 1014 3.
590 982 628 1015 Et
658 981 779 1016 ichrco
804 983 917 1017 iisdem
944 983 1122 1017 vexillifero
1150 989 1180 1016 et

439 1035 578 1069 antianis
608 1046 666 1080 per
697 1037 873 1080 apostolica
903 1037 1022 1081 scripta
1050 1036 1177 1081 pracci-

440 1088 558 1132 piendo
573 1089 763 1123 mandamus
776 1095 811 1123 ut
829 1090 1039 1134 imposterum
1058 1101 1075 1123 a
1092 1099 1182 1134 prae·

440 1141 532 1175 dictis
552 1148 583 1175 et
602 1142 761 1176 similibus
781 1144 905 1177 statutis
932 1149 962 1177 et
982 1143 1117 1177 decretis
1138 1143 1181 1176 fa-

440 1195 577 1236 ciendis,
610 1206 647 1229 ac
676 1196 766 1230 factis
797 1197 1012 1241 exequendis,
1047 1197 1181 1240 aliisque

439 1249 632 1292 supradictis
653 1255 684 1282 et
708 1250 746 1283 iis
762 1249 922 1284 similibus
942 1262 975 1285 se
992 1262 1025 1284 se
1046 1261 1182 1295 quomo-

440 1302 562 1336 dolibet
589 1302 803 1338 immiscendo
829 1305 962 1338 omnino
988 1305 1178 1346 abstineant,

440 1356 583 1400 alioquin
618 1357 721 1391 sciant
752 1368 786 1392 se
821 1368 974 1392 censuras
1010 1369 1122 1392 omnes
1153 1364 1183 1392 et

440 1419 574 1453 poenas,
596 1420 614 1443 a
634 1410 732 1444 sacris
758 1412 948 1452 canonibus,
978 1411 1183 1455 generalibus

443 1463 587 1497 conciliis
609 1474 646 1497 ac
670 1464 879 1498 Summorum
896 1465 1089 1499 Pontificum
1108 1473 1182 1498 con-

442 1515 661 1551 stitutionibus
686 1522 800 1552 contra
830 1524 1024 1563 usurpantes
1055 1519 1184 1553 iurisdi-

443 1570 583 1604 ctionem
615 1571 886 1613 ecclesiasticam,
924 1574 1114 1617 praesertim
1152 1574 1184 1606 in

443 1624 546 1657 causis
572 1625 612 1658 ad
635 1631 781 1659 sanctum
806 1626 952 1660 Officium
978 1627 1185 1671 quomodoli-

443 1677 497 1710 bet
509 1678 727 1721 spectantibus
741 1684 771 1712 et
791 1679 1040 1724 pertinentibus,
1061 1685 1093 1713 et
1110 1690 1186 1714 con-

444 1736 492 1764 tra
512 1731 597 1765 illius
613 1731 779 1775 privilegia
792 1733 947 1768 violantes
962 1734 1131 1778 irrogatas,
1153 1745 1185 1768 se

444 1786 513 1830 ipso
534 1786 618 1820 facto
639 1786 835 1821 incursuros.

490 1841 506 1882 ἕ
527 1839 558 1873 lt.
583 1841 652 1874 Non
677 1841 879 1875 obstantibus
904 1842 1186 1876 constitutionibus

445 1899 476 1927 et
492 1893 752 1928 ordinationibus
769 1895 964 1938 apostolicis,
988 1895 1185 1940 eaeterisque

446 1946 614 1980 contrariis
639 1947 908 1992 quibuscumque.

491 2002 507 2042 ξ
534 1999 564 2033 5.
593 2000 748 2035 Volumus
777 2007 884 2036 autern
913 2013 972 2046 per
1001 2007 1186 2047 praesentes

446 2054 629 2098 praedictos
651 2054 863 2088 vexilliferum
889 2061 921 2089 et
946 2055 1092 2089 antianos
1120 2055 1182 2088 mi-

446 2106 534 2141 nime
558 2106 709 2152 impediri
740 2108 818 2152 quin
844 2118 881 2142 ea
905 2113 1043 2142 statuere
1064 2119 1101 2142 ac
1124 2109 1183 2142 de-

447 2171 590 2202 cernere,
613 2166 668 2194 aut
688 2161 750 2194 iam
776 2162 906 2195 decreta
930 2168 961 2196 et
985 2167 1101 2196 statuta
1120 2172 1186 2196 ser-

446 2225 519 2248 vare
539 2214 640 2248 libere
653 2215 788 2256 valeant,
806 2215 923 2259 quibus
944 2216 975 2249 in
993 2216 1187 2250 condemna-

449 2276 496 2303 tos
526 2279 544 2302 a
573 2274 686 2302 sancto
715 2267 829 2302 Officio
861 2269 910 2303 vel
939 2279 957 2303 a
988 2270 1186 2304 fraternitate

446 2328 512 2364 tua,
529 2328 590 2356 eta
603 2322 665 2356 tuis
684 2332 744 2367 pro
767 2327 913 2367 tempore
933 2323 1183 2364 successoribus,

447 2377 479 2410 in
497 2376 600 2410 causis
616 2375 759 2410 haeresis
777 2375 859 2410 etad
876 2382 1022 2411 sanctum
1040 2376 1185 2411 Officium

447 2430 569 2475 pariter
597 2429 833 2475 pertinentibus
857 2440 981 2475 poenae
1005 2436 1184 2474 augentur,

448 2495 504 2518 seu
529 2483 684 2517 auxilium
718 2489 750 2517 et
782 2483 924 2517 favorem
950 2494 986 2517 ac
1017 2483 1186 2517 brachium

448 2547 508 2581 pro
549 2537 744 2582 exequendis
781 2536 918 2571 decretis
957 2542 988 2570 et
1029 2537 1188 2571 mandatis

486 2618 497 2644 1
521 2616 666 2653 Perperam
676 2617 741 2645 edit.
757 2617 837 2645 Main.
855 2616 920 2653 legit
934 2616 1025 2650 Haec;
1045 2617 1188 2653 legendum

449 2664 540 2689 autem
559 2669 620 2689 esse
638 2670 690 2689 nec
705 2665 778 2698 patet
792 2669 824 2690 ex
838 2664 964 2690 contextu
979 2665 1006 2689 et
1018 2669 1050 2689 ex
1065 2662 1123 2690 loco
1139 2670 1187 2698 pa-

450 2705 542 2733 rallelo
554 2706 742 2741 praecedentis
761 2706 965 2735 Constitutionis
979 2706 1019 2742 (n.
1032 2707 1080 2740 T.].

1011 286 1194 314 BULLARHJM
1214 290 1367 315 ROMANUM

1963 291 2012 320 An·
2027 291 2056 320 C.
2077 291 2135 321 152

1210 338 1353 372 eiusdem
1378 337 1478 371 sancti
1499 337 1614 380 Officii,
1634 348 1671 372 ac
1690 338 1750 372 tuis
1770 343 1801 372 et
1818 344 1948 374 tuorum

1210 402 1267 436 pro
1287 397 1432 436 tempore
1447 402 1672 426 successorum
1690 392 1722 425 in
1740 392 1861 427 eisdem
1879 404 1950 428 cau-

1209 445 1250 479 sis
1267 445 1496 489 praestandum
1519 446 1703 479 decernitur
1721 451 1751 480 et
1768 446 1946 488 ordinatur;

1210 499 1355 543 quinimo
1373 499 1404 532 in
1426 499 1475 533 liis
1492 499 1669 533 statuendis
1690 505 1720 533 et
1739 499 1951 534 decernendis

1210 563 1358 596 magnam
1384 564 1402 587 a
1432 554 1496 587 Deo
1521 553 1788 596 retributionem,
1816 563 1833 587 a
1858 553 1951 587 nobis

1209 616 1284 639 vero
1301 612 1332 640 et
1348 606 1530 650 Apostolica
1550 606 1631 641 Sede
1655 607 1802 650 gratiam,
1822 607 1862 640 ab
1882 617 1951 640 om—

1210 660 1304 694 nibus
1328 660 1456 694 taudem
1477 665 1509 694 et
1527 660 1844 694 commendationem
1869 670 1947 705 pro-

1212 713 1382 747 merituros
1402 725 1461 758 pro
1482 719 1649 758 comperto
1669 714 1854 748 habendum
1875 719 1934 748 est:
2117 746 2125 754 „
2145 740 2149 746 ,
2173 740 2186 754 2,

1256 769 1272 810 g
1297 766 1327 800 (3.
1348 768 1387 801 Ut
1412 772 1519 801 autem
1540 766 1620 801 nihil
1649 773 1760 802 contra
1787 767 1870 801 hanc
1893 777 1951 801 no·
1981 784 2184 816 ⁴nummu

1211 826 1308 853 stram
1322 820 1572 854 declarationem
1585 825 1615 854 et
1628 821 1813 854 mandatum
1828 831 1845 854 a
1858 831 1950 865 prae·
1965 817 2108 865 Εξῖἷξῑῗιωω

1213 873 1306 907 dictis
1319 874 1497 908 vexillifero
1511 880 1541 907 et
1557 874 1694 908 antianis
1707 873 1952 919 quomodolibet
1966 865 2111 915 ἷξῖᾎζωῇἷξ
2169 872 2172 874 ’

1214 928 1424 972 imposterum
1446 933 1637 969 attentetur,
1666 927 1725 961 erit
1747 933 1819 961 tuae
1846 921 2006 972 pasto-‘¹¹¹‘

1215 981 1289 1015 ralis
1304 991 1400 1015 curae
1412 986 1443 1014 et
1455 980 1682 1015 solllcitudinis
1696 979 1867 1024 diligenter
1879 989 1954 1025 pro-

1216 1034 1332 1068 videre.

1258 1088 1372 1121 Datum
1386 1089 1506 1122 Romae
1527 1088 1613 1133 apud
1631 1093 1776 1122 sanctum
1798 1088 1952 1128 Marcum,

1215 1142 1273 1175 sub
1306 1142 1427 1176 annulo
1462 1142 1633 1176 piscatoris
1662 1142 1713 1176 die
1743 1152 1788 1176 xu
1815 1140 1956 1176 octobris

1215 1205 1324 1236 Mncvl,
1347 1195 1553 1240 pontificatus
1574 1195 1674 1229 nostri
1695 1205 1780 1229 anno
1797 1206 1829 1230 ιι.

1252 1258 1310 1286 Dat.
1332 1259 1386 1293 die,
1406 1267 1508 1294 mense,
1529 1267 1654 1295 annoque
1674 1259 1786 1287 eisdem.

1545 1446 1620 1480 LXI.

1220 1571 1443 1605 Committitur
1466 1572 1587 1604 nuncio
1611 1571 1699 1615 apud
1722 1571 1895 1614 Helvetios,
1921 1576 1958 1606 ut

1262 1625 1483 1659 conventiones
1499 1625 1583 1659 inter
1602 1626 1786 1670 episcopum
1804 1626 1958 1660 Constan-

1265 1681 1396 1713 tiensem
1416 1683 1444 1713 et
1468 1683 1616 1713 senatum
1636 1690 1672 1713 ac
1694 1679 1960 1713 communitatem

1263 1733 1406 1766 eiusdem
1443 1732 1586 1767 ciuitatis
1627 1743 1724 1777 super
1757 1733 1961 1777 perceptione

1263 1787 1496 1820 nonnullorum
1517 1787 1686 1830 fruetuum
1705 1797 1743 1820 ex
1762 1787 1912 1821 domibus
1931 1791 1969 1821 et>

1263 1840 1432 1884 aliquibus
1451 1841 1527 1874 locis
1543 1841 1610 1885 piis
1627 1841 1667 1874 ab
1688 1841 1860 1875 haereticis
1879 1840 1960 1874 olim

1265 1893 1386 1926 dirutis
1410 1898 1439 1927 et
1463 1895 1499 1927 in
1523 1894 1607 1927 alios
1632 1895 1705 1938 pios
1730 1905 1809 1928 usus
1833 1904 1961 1928 conver-

1264 1957 1374 1980 sorum
1404 1947 1584 1990 confirmet,
1619 1958 1692 1981 cum
1716 1948 1916 1982 absolutione
1939 1958 1960 1981 a

1264 2001 1409 2034 censuris
1421 2005 1450 2035 et
1459 2001 1572 2045 poenis
1585 2001 1820 2042 ecclesiasticis,
1834 2002 1867 2035 in
1877 2011 1960 2046 quas

1265 2055 1326 2088 Ιιαε
1349 2054 1388 2088 de
1411 2055 1510 2089 causet
1534 2054 1590 2089 illi
1613 2054 1858 2089 incurrerunt¹.

1224 2163 1389 2191 Venerabili
1416 2163 1505 2191 fratri
1535 2163 1663 2191 Fabi-itio
1691 2162 1832 2198 episeopo
1861 2162 1960 2191 sancti

1257 2208 1358 2236 Severi
1381 2211 1486 2236 nostro
1510 2211 1541 2237 et.
1564 2208 1752 2243 apostolicae
1773 2207 1858 2237 Sedis
1882 2207 1967 2243 apud<

1257 2253 1409 2281 Helvetios
1433 2253 1542 2281 nuncio

1456 2316 1566 2343 Paulus
1585 2316 1663 2350 Papa
1681 2316 1713 2343 V.

1432 2404 1618 2432 Venerabilis
1639 2404 1747 2437 frater,

1266 2448 1396 2476 salutem
1412 2451 1443 2476 et.
1458 2448 1653 2483 apostoticam
1665 2447 1914 2477 benedictionem.

1267 2537 1283 2579 ξ
1308 2536 1338 2570 1.
1366 2536 1487 2581 Exponi
1511 2536 1604 2570 nobis
1632 2546 1736 2581 nuper
1759 2536 1834 2570 fecit
1864 2546 1959 2571 vene-

1222 2590 1333 2624 rabilis
1367 2590 1466 2624 frater
1500 2589 1669 2634 episcopus
1709 2588 1958 2625 Constantiensis

1259 2706 1269 2732 1
1293 2704 1330 2733 Ex
1349 2705 1456 2741 Regest.
1477 2705 1505 2732 in
1523 2704 1625 2734 Secret.
1646 2705 1723 2733 Brev.
