2227 3241
35 287 83 315 An.
98 287 126 314 C.
148 285 215 314 1605

67 2154 166 2178 Remissio
180 2157 220 2179 Itu·

44 2184 109 2204 auum
116 2184 168 2205 male
175 2191 220 2210 pur-

43 2210 144 2239 canwrum
150 2211 175 2232 ob
181 2217 221 2233 non

42 2237 180 2258 ree-tationem
186 2238 221 2259 ho-

45 2268 110 2284 l'fll'ssm
136 2270 219 2286 canunt>

44 2296 117 2312 Carum-

868 284 987 307 PAULt's
1014 286 1030 307 V
1058 285 1102 307 ΙΨ.

228 334 323 367 etiam
338 333 502 376 originarii
518 339 547 366 et
559 333 773 377 antiquissimi
789 332 871 367 cives
885 332 967 366 eius-

228 388 300 421 dem
326 387 415 420 urbis
440 388 487 420 vel
516 387 661 428 civitatis,
686 397 794 431 quam,
816 392 846 419 ut
873 396 967 430 prae-

228 441 345 481 fertur,
370 441 536 483 elegerint,
556 441 752 484 quicumque
773 450 808 472 ex
830 445 968 482 utroque

228 499 360 538 parente
380 505 452 527 vere
478 494 577 527 nobili
600 499 630 527 et
650 493 716 526 cive
737 493 912 535 originario
938 498 968 525 et

228 547 451 591 antiquissimo
476 546 647 591 procreati,
676 547 715 579 de
747 546 827 586 iure,
849 551 967 579 statuto

228 600 460 633 consuetudine
480 601 527 634 vel
549 600 625 633 alias
651 611 685 632 ex
707 599 816 643 aliquo
836 599 967 643 speciali

229 654 407 698 privilegio,
431 665 486 688 seu
507 654 584 687 alias
598 653 853 697 quomodolibet,
872 652 965 686 etiam

228 708 335 751 quoad
348 707 608 751 assequutionem
623 717 904 750 quorumcumque
918 706 968 739 be-

228 760 419 794 neficiorum
441 761 536 794 etiam
551 760 854 799 ecclesiasticorum,
872 760 966 793 etiam

228 824 285 857 per
305 824 526 858 quascumque
552 814 671 847 litteras
688 824 743 847 seu
766 813 967 847 constitutio-

228 877 285 900 nes
305 867 497 911 apostolicas
512 878 570 912 pro
585 873 729 911 tempore
744 867 856 908 editas,
873 874 968 900 utun-

229 926 289 961 tur,
310 922 481 961 fruuntur‚
509 921 677 965 potiuntur
702 927 730 955 et
756 921 908 964 gaudent,
933 932 969 954 ac

228 974 286 1016 uti,
304 974 377 1016 frui,
394 975 490 1019 potiri
511 981 542 1008 et
562 976 704 1018 gaudere
718 981 870 1019 poterunt
883 986 965 1019 quo-

229 1029 408 1063 modolibet
427 1029 459 1062 in
480 1030 642 1070 futurum,
666 1029 786 1074 ubique
806 1030 965 1070 locorum,
985 1028 986 1032 ’

228 1082 260 1115 in
275 1082 395 1116 iudicio
415 1088 446 1116 et
464 1089 561 1125 extra,
578 1083 646 1117 sine
661 1089 766 1117 tamen
779 1084 967 1117 eorumdem

229 1136 431 1169 notariorum
463 1137 502 1170 de
538 1147 673 1170 numero
707 1137 969 1181 participantium

227 1189 439 1233 praeiudicio,
463 1190 519 1231 uti,
544 1190 616 1231 frui,
641 1190 749 1235 potiri,
774 1196 804 1224 et
828 1191 969 1233 gaudere

227 1243 328 1277 libere
348 1249 378 1278 et
395 1244 481 1278 licite
502 1245 638 1285 valeant,
660 1245 789 1278 realiter
802 1250 833 1278 et
847 1245 971 1287 integre

230 1297 260 1330 in
283 1297 434 1331 omnibus
451 1304 481 1331 et
494 1309 552 1342 per
566 1299 685 1339 omnia,
703 1298 826 1332 etiamsi
843 1298 874 1331 in
891 1299 971 1331 urbe

229 1356 259 1384 et
280 1351 406 1385 civitate
432 1351 616 1385 huiusmodi
647 1362 711 1385 non
737 1351 968 1392 habitaverint,

229 1404 365 1448 perinde
390 1416 426 1438 ac
450 1406 475 1438 si
501 1406 541 1439 de
567 1416 640 1439 vere
664 1406 765 1439 nobili
791 1416 910 1448 genere
935 1416 971 1439 ex

230 1463 370 1501 utroque
390 1464 523 1502 parente
543 1459 645 1492 nobili
666 1459 842 1501 originario
864 1465 894 1492 et
914 1469 971 1492 an-

231 1511 410 1555 tiquissimo
431 1512 498 1546 cive
520 1513 680 1556 procreati
706 1513 829 1553 forent,
853 1519 883 1546 et
907 1513 969 1547 liu-

231 1565 367 1599 iusmodi
389 1566 642 1610 praerogativae,
666 1566 844 1610 privilegia,
868 1577 973 1600 exem-

230 1619 374 1662 ptiones,
399 1620 537 1663 gratiae,
563 1621 708 1661 favores,
732 1620 972 1662 eoncessiones,

230 1671 356 1706 indulta
376 1679 406 1706 et
427 1673 496 1706 iura
510 1701 517 1714 ,
535 1684 617 1717 quae
637 1684 697 1717 pro
718 1673 788 1706 aliis
809 1673 973 1707 nobilibus

230 1731 260 1759 et
280 1725 401 1759 civibus
419 1726 602 1769 originariis
619 1732 823 1768 emanarunt,
840 1732 871 1761 et
891 1738 973 1771 quae

229 1778 354 1813 ratione
379 1780 557 1813 nobilitatis
582 1786 612 1814 et
633 1780 794 1814 civititatis
818 1780 973 1814 naturalis

229 1838 260 1865 et
272 1832 467 1876 originariae
479 1833 548 1867 aliis
563 1840 761 1878 competunt,
778 1844 837 1878 pro
852 1834 973 1868 eisdem

230 1886 431 1920 conclavistis
444 1887 475 1920 in
490 1887 595 1931 specie
609 1893 811 1921 emanassent
822 1898 877 1921 seu
892 1898 974 1921 ema-

230 1945 354 1981 narent,
372 1945 402 1973 et
418 1940 463 1974 eis
481 1941 668 1974 naturaliter
686 1941 724 1974 de
743 1941 823 1981 iure,
841 1946 969 1983 statuto,

232 1994 481 2035 consuetudine,
506 1995 692 2028 fundatione
715 1996 763 2028 vel
782 1995 859 2029 alias
879 2006 970 2029 eom-

232 2053 388 2091 peterent,
419 2049 610 2082 auctoritate
631 2055 659 2082 et
683 2055 792 2083 tenore
816 2049 974 2083 similibus

235 2101 450 2143 indulgemus.

280 2154 340 2197 54.
357 2155 500 2200 ipsisque
513 2157 713 2190 conclavistis
732 2157 866 2201 siugulis
880 2169 974 2202 quos-

236 2220 374 2253 cumque
401 2210 544 2249 fruetus,
572 2211 716 2244 redditus
745 2217 776 2244 et
801 2219 974 2255 proventus

235 2263 477 2304 ecclesiasticos,
509 2275 545 2297 ac
571 2270 634 2297 tam
656 2265 824 2298 occasione
846 2267 974 2309 pensio-

234 2327 311 2350 num
341 2328 524 2361 annuarum
559 2318 635 2362 ipsis
666 2320 712 2352 vel
740 2329 853 2352 eorum
879 2320 973 2353 alicui

235 2377 468 2404 reservatarum
499 2372 622 2405 ratione
649 2372 833 2406 omissionis
855 2373 971 2406 recita-

237 2423 329 2458 tionis
341 2424 494 2458 liorarum
509 2425 737 2459 cat'ionicatiim
753 2426 893 2459 indebite
908 2437 976 2470 per-

235 2483 354 2521 ceptos,
379 2478 613 2523 cuiuscumque
634 2479 821 2523 quantitatis
842 2480 972 2520 fuerint,

236 2531 373 2573 gratiose
401 2532 595 2566 remittimus
621 2538 651 2566 et
676 2533 910 2570 coiitloiiamus;
940 2544 975 2566 ac

236 2595 307 2617 eum
330 2585 374 2618 eis
394 2596 490 2630 super
510 2587 709 2620 inhabilitate
730 2597 788 2630 per
817 2597 871 2620 eos
896 2597 972 2630 pro-

237 2643 345 2680 pterea
362 2640 607 2682 quomodolibet
626 2643 800 2679 contracta,
818 2641 865 2672 vel
881 2640 974 2673 etiam

238 2699 273 2722 ex
305 2701 342 2723 eo
375 2693 460 2735 quod
493 2692 635 2726 censuris
667 2692 852 2727 huiusmodi
887 2692 975 2736 ligati

1646 272 1708 305 207

1003 331 1114 365 missas
1129 337 1158 365 et
1173 333 1235 365 alia
1249 332 1356 365 divina
1368 332 1484 373 officia,
1501 342 1565 365 non
1588 337 1694 364 tamen
1710 331 1741 364 in

1002 391 1223 429 contemptum
1249 385 1404 426 clavium,
1423 385 1670 425 celebraverint,
1688 390 1742 418 aut

1002 439 1079 471 alias
1092 439 1206 472 divinis
1217 450 1250 472 se
1265 439 1510 479 immiscuerint,
1521 445 1556 472 ut
1571 439 1623 472 illa
1633 438 1742 472 etaliis

1002 492 1187 536 praemissis
1218 503 1282 525 non
1313 494 1513 526 obstantibus
1539 493 1578 526 ad
1604 503 1739 533 omneS,

1003 546 1098 579 etiam
1128 556 1235 579 sacros
1261 552 1292 580 et
1324 548 1583 592 praesbyteratus
1608 547 1743 581 Ordines

1003 599 1080 633 alias
1101 599 1161 632 rite
1182 600 1377 643 promoveri,
1402 607 1433 634 et
1457 601 1487 633 in
1514 601 1575 633 illis
1594 601 1676 634 acin
1691 611 1744 633 su-

1002 652 1118 697 sceptis
1130 663 1188 697 per
1201 664 1254 687 eos
1269 654 1346 687 alias
1366 654 1425 687 rite
1446 654 1628 694 Ordinibus,
1647 654 1742 687 etiam

1003 707 1034 739 in
1055 707 1164 740 altaris
1188 707 1377 749 ministerio,
1394 707 1574 741 ministrare
1593 708 1687 741 etiam
1708 707 1745 740 li-

1003 760 1079 794 bere
1101 766 1131 793 et
1148 760 1234 794 licite
1253 761 1389 802 valeant,
1414 761 1648 806 dispensamus.

1048 813 1115 856 gs).
1139 814 1270 847 Necnon
1302 815 1431 847 eosdem
1460 815 1688 854 conclavistas,
1718 815 1742 848 si

1003 866 1057 910 qui
1083 866 1208 900 eorum¹
1227 868 1387 901 defectum
1414 868 1569 901 natalium
1602 879 1637 901 ex
1664 879 1743 912 quo-

1003 932 1142 965 cumque
1163 922 1315 955 damnato
1337 927 1365 955 et
1393 922 1504 955 illicito
1526 922 1622 963 coitu,
1645 922 1741 955 etiam

1003 974 1027 1008 si
1057 985 1093 1008 ex
1121 975 1330 1009 nobilissimis
1361 975 1548 1020 parentibus
1573 981 1604 1008 et
1628 975 1742 1009 vilibus

1004 1029 1152 1062 foeminis
1172 1030 1277 1063 forsan
1298 1029 1457 1073 procreati
1483 1030 1567 1070 sint,
1597 1029 1692 1063 etiam
1719 1029 1744 1062 si

1005 1083 1171 1125 legitimati
1203 1083 1280 1116 alias
1313 1083 1468 1123 existant,
1503 1083 1742 1126 legitimamus,

1005 1147 1200 1181 omnemque
1221 1137 1260 1170 ab
1285 1137 1347 1171 illis
1372 1137 1539 1180 geniturae
1560 1137 1746 1171 huiusmodi

1006 1191 1164 1224 maculam
1183 1190 1247 1224 sive
1267 1197 1377 1225 notam
1391 1192 1606 1235 abstergimus
1623 1197 1654 1225 et
1671 1192 1747 1225 abo-

1005 1244 1120 1285 lemus,
1144 1255 1180 1277 ac
1200 1245 1360 1279 natalibus
1380 1245 1587 1279 restituimus.
1616 1246 1747 1280 Necnon

1007 1308 1078 1331 cum
1095 1308 1207 1331 eorum
1222 1298 1367 1341 singulis,
1385 1305 1417 1332 ut
1439 1299 1469 1332 in
1488 1299 1748 1343 quibuscumque

1006 1351 1099 1385 bonis
1130 1352 1271 1396 paternis
1298 1359 1327 1385 et
1361 1353 1524 1393 maternis,
1553 1359 1583 1386 et
1609 1353 1745 1386 aliorum

1007 1405 1342 1448 consanguineorum,
1365 1417 1419 1440 seu
1457 1412 1668 1449 cognatorum
1700 1407 1746 1440 vel

1006 1458 1143 1492 aliorum
1184 1470 1467 1504 quorumcumque
1486 1487 1493 1499 ,
1531 1460 1599 1493 sine
1641 1466 1747 1493 tamen

1006 1512 1209 1556 praeiudicio
1230 1513 1426 1547 venientium
1453 1514 1492 1546 ab
1519 1513 1667 1547 intestato
1703 1514 1747 1546 vel

1007 1575 1044 1598 ex
1063 1565 1314 1600 fideicommisso
1342 1578 1398 1600 seu
1428 1567 1506 1600 alias
1536 1567 1576 1600 de
1602 1567 1672 1600 iure
1698 1578 1749 1600 va-

1007 1618 1071 1652 lida
1092 1618 1319 1663 dispositione,
1344 1620 1536 1660 succedere,
1561 1626 1591 1653 et
1612 1620 1666 1654 illa
1686 1621 1746 1653 do-

1007 1672 1146 1706 nationis
1167 1673 1214 1706 vel
1246 1673 1309 1707 alio
1338 1674 1450 1717 quovis
1479 1674 1571 1707 titulo
1597 1674 1749 1718 consequi

1008 1732 1038 1759 et
1054 1726 1185 1765 habere,
1210 1737 1246 1760 ac
1262 1727 1302 1760 ad
1320 1728 1470 1771 aequales
1490 1727 1657 1771 portiones
1677 1739 1749 1761 cum

1008 1779 1158 1821 legitimis
1180 1780 1375 1820 succedere,
1404 1786 1435 1813 et
1459 1781 1498 1814 ad
1525 1780 1634 1813 omnia
1656 1781 1746 1819 iura,

1008 1832 1168 1875 legitimas
1188 1833 1419 1875 successiones,
1440 1844 1476 1867 ex
1496 1839 1687 1867 testamento
1702 1834 1748 1867 vel

1008 1886 1046 1920 ab
1065 1887 1225 1927 intestato,
1249 1887 1484 1928 haereditates,
1510 1888 1624 1930 legata,
1652 1888 1749 1921 liber-

1009 1947 1085 1975 tates
1103 1941 1302 1974 restituendo
1321 1947 1351 1974 et
1371 1942 1601 1984 reintegrando
1621 1942 1750 1975 realiter

1008 2000 1039 2027 et
1063 2005 1135 2027 cum
1164 1995 1300 2035 ess'cctu,
1332 2005 1457 2028 necnon
1486 1995 1525 2028 ad
1553 1995 1746 2037 dignitates,

1008 2048 1147 2082 honores
1169 2054 1199 2081 et
1219 2059 1444 2092 quaecumque
1465 2049 1525 2081 alia
1546 2049 1651 2082 officia
1675 2059 1746 2082 sae-

1009 2102 1279 2146 culariu‚publica
1297 2103 1344 2135 vel
1363 2102 1496 2146 privata,
1512 2103 1606 2135 etiam
1621 2103 1749 2144 assumi,

1010 2157 1127 2199 illaque
1149 2166 1261 2198 gerere
1280 2162 1309 2189 et
1330 2166 1479 2189 exercere
1502 2156 1532 2188 in
1551 2156 1702 2190 omnibus
1721 2163 1750 2189 et

1009 2221 1065 2254 per
1085 2210 1204 2251 omnia,
1222 2221 1257 2243 ac
1276 2210 1299 2243 si
1319 2211 1358 2243 de
1377 2210 1521 2253 legitimo
1544 2210 1750 2244 matrimonio

1009 2263 1168 2307 procreati
1191 2264 1314 2303 forent,
1339 2274 1373 2297 ac
1403 2264 1516 2297 eodem
1539 2264 1665 2296 defectu
1687 2274 1750 2296 non

1010 2316 1167 2357 obstante,
1184 2316 1208 2349 si
1230 2317 1317 2350 aliud
1332 2317 1522 2350 canonicum
1539 2316 1750 2360 impedimen-

1012 2374 1075 2402 tum
1099 2369 1143 2402 eis
1164 2380 1227 2402 non
1250 2369 1399 2408 obsistat,
1424 2376 1459 2402 ut
1490 2369 1629 2402 clericali
1656 2380 1746 2402 cara-

1010 2429 1117 2463 ctere,
1149 2423 1202 2467 qui
1230 2423 1283 2456 illo
1309 2424 1453 2456 nondum
1482 2423 1622 2464 insigniti
1652 2428 1747 2462 sunt,

1010 2476 1178 2519 insigniri,
1206 2487 1241 2509 ac
1267 2477 1305 2509 ad
1333 2486 1444 2509 omnes
1466 2476 1561 2509 eliam
1588 2486 1696 2509 sacros
1721 2482 1752 2508 et

1009 2530 1249 2574 presbyteratus
1285 2530 1437 2569 ordines,
1472 2529 1496 2562 si
1534 2530 1678 2562 nondum
1711 2530 1750 2562 ad

1010 2583 1080 2616 illos
1105 2584 1244 2627 promoti
1270 2590 1354 2621 sunt,
1383 2583 1578 2627 promoveri,
1602 2594 1637 2616 ac
1658 2588 1748 2627 post-

1011 2637 1141 2670 modum
1158 2642 1319 2670 caractere
1335 2642 1365 2669 et
1379 2636 1547 2669 ordinibus
1565 2635 1749 2669 huiusmodi

1049 2701 1057 2726 1
1082 2699 1145 2727 Huic
1162 2699 1332 2735 subintellige
1348 2698 1549 2728 contraxerint
1569 2700 1608 2730 (n.
1630 2702 1678 2727 nl.

1756 282 1805 309 An.
1822 283 1851 308 C,
1874 281 1940 310 1605

1811 879 1944 905 Legitimam

1768 908 1945 928 cuiicluiistarunt

1759 937 1779 955 et
1787 933 1908 954 liabilitatio
1917 931 1944 953 ad

1757 959 1945 981 successionesho-

1759 993 1822 1008 neres
1837 989 1858 1007 et
1873 986 1945 1012 digui-

1760 1016 1822 1035 tates.
