2227 3241
263 271 312 298 An.
329 270 357 298 c.
380 270 447 299 ¹606
493 261 556 295 :30⁶2

299 916 447 943 ‘transumpto-

264 948 308 964 rum
323 943 380 964 tides.

296 2208 434 2228 Prooemium.

462 379 657 412 sererentur,
681 371 905 415 praesentibus
925 382 985 415 pro
1005 371 1202 406 sufficienter

461 425 617 468 expressis
638 424 803 465 habentes,
825 424 863 457 ad
883 424 1030 458 effectum
1051 436 1201 470 praesen-

462 477 551 517 tium,
576 478 638 511 illis
658 477 736 510 alias
761 478 792 510 in
820 488 878 511 suo
900 478 1018 512 robore
1044 489 1199 523 perman-

459 530 564 572 suris,
592 530 652 564 hac
676 530 743 564 vice
774 530 938 564 dumtaxat
968 532 1152 576 specialiter
1172 537 1202 566 et

460 593 609 627 expresse
626 583 819 626 derogamus
839 584 888 628 (ac
908 595 982 618 suos
1000 584 1129 618 effectus
1146 585 1202 618 ad-

459 646 569 670 versus
586 637 850 679 declarationem,
872 638 1080 678 voluntatem,
1104 644 1201 672 statu-

461 696 527 723 tum
542 690 732 724 etordinem
757 691 903 724 nostras¹
922 691 1108 725 huiusmodi
1133 701 1202 725 sor-

461 742 512 775 tiri
537 749 592 776 aut
617 743 786 777 vendicare
806 754 871 777 non
895 754 989 788 posse
1009 754 1114 788 neque
1139 745 1197 778 de-

460 794 548 836 bere,
565 795 712 830 volumus
726 802 755 830 et
769 796 986 840 decernimus)
1001 797 1200 841 caeterisque

462 849 631 883 contrariis
651 850 922 895 quibuscumque,

507 904 524 945 ἓ
537 902 568 936 8.
589 903 768 947 Caeterum,
783 904 858 949 quia
872 904 1001 938 difficile
1015 905 1098 938 foret
1110 915 1202 949 prae-

461 962 567 990 sentes
579 963 704 992 nostras
724 958 844 992 litteras
858 959 897 992 ad
912 958 1035 1001 singula
1054 969 1201 1003 quaeque

461 1010 535 1057 loca
545 1010 674 1052 deferri,
691 1011 840 1045 volumus
854 1017 885 1045 et
898 1012 1100 1045 declaramus
1114 1012 1201 1056 quod

462 1064 588 1098 illarum
622 1066 829 1110 transumptis
845 1093 851 1107 ,
884 1065 979 1100 etiam
1013 1065 1176 1110 impressis
1191 1093 1198 1107 ,

463 1128 559 1151 manu
580 1118 697 1152 notarii
717 1118 839 1162 publici
862 1119 1062 1163 subscriptis,
1091 1124 1121 1152 et
1145 1119 1202 1152 ali-

462 1171 552 1205 cuius
576 1182 734 1216 personae
758 1172 790 1205 in
812 1172 968 1215 dignitate
988 1172 1202 1205 ecclesiastica

463 1225 653 1258 constitutae
666 1225 770 1268 sigillo
785 1225 926 1265 munitis,
945 1225 1056 1258 eadem
1071 1235 1202 1269 prorsus

462 1278 541 1312 fides
559 1278 591 1312 in
612 1278 730 1312 iudicio
749 1284 780 1312 et
800 1284 888 1312 extra
908 1278 1029 1323 ubique
1049 1279 1204 1312 adhibea-

463 1337 525 1372 tur,
548 1342 630 1376 quae
651 1331 771 1365 eisdem
790 1332 1015 1376 praesentibus
1033 1331 1204 1366 adhibere-

465 1389 526 1425 tur,
543 1385 568 1418 si
589 1385 693 1419 forent
713 1385 872 1419 exhibitae
890 1385 937 1418 vel
955 1390 1111 1419 ostensae.

505 1438 618 1472 Datum
637 1439 757 1472 Romae
783 1439 869 1483 apud
891 1444 1036 1472 sanctum
1058 1439 1200 1480 Petrum,

463 1492 522 1525 sub
552 1493 673 1526 annulo
709 1493 880 1526 Piscatoris
917 1493 968 1526 die
1002 1503 1058 1526 vui
1093 1492 1204 1536 aprilis

463 1555 571 1587 uncvr,
598 1545 805 1590 pontificatus
830 1546 932 1580 nostri
951 1556 1037 1579 anno
1058 1556 1078 1579 1.

498 1608 559 1635 Dat.
577 1607 620 1635 die
637 1607 652 1634 8
667 1607 761 1643 aprilis
781 1608 856 1643 1606,
873 1607 967 1643 pontis.
987 1616 1029 1634 an.
1049 1616 1066 1635 ι.

764 1733 896 1767 XXXVI.

467 1813 630 1848 Concessio
660 1814 809 1846 ecclesiae
835 1813 942 1846 scmctiss
967 1812 1139 1846 Laurentii
1170 1813 1204 1845 in

510 1865 634 1899 Lucina
648 1866 686 1900 de
705 1866 785 1899 Urbe
802 1867 888 1909 (cum
904 1866 1127 1910 suppressione
1140 1866 1203 1899 col-

511 1919 660 1964 teqiaeae)
676 1920 928 1963 Conyreqationi
942 1918 1130 1952 clericorum
1148 1920 1204 1953 lte-

509 1973 677 2016 9ulariiim
698 1973 864 2006 Minoi-um
884 1972 1178 2016 iiimrupcttorwffl.

690 2046 802 2073 Paulus
822 2046 984 2079 Episcopus

659 2097 764 2118 servus
781 2097 934 2118 servorum
949 2089 1014 2124 Dei,

587 2135 622 2162 ad
642 2138 817 2169 perpetuam
837 2135 881 2162 rei
902 2134 1082 2163 memoriam.

511 2189 545 2222 In
559 2188 755 2232 apostolicae
769 2188 930 2231 dignitatis
951 2188 1091 2222 culmine
1106 2194 1135 2222 ct
1149 2199 1205 2232 po-

469 2241 589 2276 testatis
613 2241 813 2285 plenitudine
834 2244 959 2275 summa
981 2241 1206 2286 Redemptoris

468 2296 568 2330 nostri
588 2296 796 2340 benignitate,
821 2297 943 2330 meritis
969 2297 1041 2331 licet
1062 2297 1206 2342 imparti-

468 2350 538 2391 hus,
555 2348 731 2390 constituti,
749 2349 833 2383 circa
845 2359 892 2390 ea,
910 2360 991 2393 quae
1005 2350 1044 2383 ad
1059 2350 1206 2384 ccclesia-

468 2413 539 2436 rum
571 2402 808 2448 quarumlibet,
843 2403 1032 2447 praesertim
1062 2403 1094 2436 in
1123 2404 1206 2437 alma

468 2454 552 2490 Urbe
575 2455 818 2490 consistentium
841 2462 871 2489 et
891 2466 1002 2489 curam
1022 2456 1204 2490 animarum

468 2509 668 2550 habentium,
697 2509 937 2554 prosperiorem
955 2515 1072 2543 statum
1097 2516 1127 2543 et
1152 2510 1203 2543 di-

470 2563 656 2605 rectionem,
681 2574 716 2597 ac
741 2563 772 2596 in
793 2563 838 2597 eis
859 2563 958 2597 divini
979 2564 1102 2605 cultus,
1134 2563 1208 2597 reli-

510 2637 517 2661 t
540 2634 633 2669 Aptius
652 2634 790 2670 legeretur
804 2638 905 2662 nostra
918 2635 959 2669 (n.
981 2635 1028 2669 τ.).

506 2678 521 2705 ⁵.)
538 2679 572 2706 Ex
588 2679 694 2715 Regest.
712 2681 738 2707 in
753 2680 853 2708 Secret.
871 2680 950 2707 Brev.

1035 270 1218 295 BULLARtUM
1242 271 1394 296 ROMANUM

463 319 658 359 huiusmodi,
676 329 712 351 ac
731 318 810 351 side
830 318 927 351 verbo
946 318 984 351 ad
999 319 1132 352 verbum
1152 319 1200 352 in·
1233 320 1357 362 gionis‚
1387 325 1417 352 ct
1440 318 1655 362 spiritualium
1683 328 1829 362 operum,
1860 318 1971 352 simul-

1984 269 2032 297 An.
2049 268 2110 297 c.1
2163 265 2167 268 ’
2194 254 2218 287 ²¹*

1233 383 1295 416 quc
1308 372 1530 405 ministrorum
1547 371 1736 404 idoneorum
1751 377 1971 414 augmentum,

1234 434 1360 458 necnon
1378 423 1635 458 christifidelium
1661 424 1797 457 salutem
1818 429 1848 457 et
1865 424 1972 468 prose-

1234 483 1319 511 ctum
1338 477 1501 521 pertinere
1519 483 1707 518 noscuntur,
1728 477 1897 521 propensis
1913 483 1975 511 stu-

1235 531 1295 564 diis
1309 531 1505 564 intendimus
1519 531 1539 572 ¹,
1556 541 1592 564 ac
1610 530 1641 563 in
1660 530 1708 563 his
1721 530 1890 575 pastoralis
1906 529 1976 563 offi-

1235 585 1274 617 cii
1295 586 1395 618 nostri
1413 591 1531 629 partes,
1552 584 1647 617 etiam
1663 594 1720 628 per
1732 583 1976 628 suppressiones

1236 638 1468 672 beneficiorum
1501 638 1619 672 ibidem
1646 643 1843 677 erectorum,
1874 636 1972 670 mini-

1235 691 1367 725 sterium
1393 691 1566 725 salubriter
1583 691 1818 736 interponimus
1826 689 1849 732 ²,
1865 695 1973 735 prout,

1236 745 1442 778 ecclesiarum
1477 745 1664 778 earumdem
1693 755 1730 778 ac
1764 754 1975 789 personarum

1235 804 1266 832 ct
1288 799 1435 833 locorum
1462 799 1670 844 qualitatibus
1695 798 1801 833 debite
1825 797 1976 843 pensatis,

1235 852 1450 897 conspicimus
1477 853 1507 886 in
1529 853 1665 886 Domino
1686 852 1858 886 salubriter
1882 861 1976 896 expe-

1235 906 1314 939 dire.

1280 961 1295 1001 g
1318 959 1347 992 «1.
1372 959 1447 994 Cum
1474 959 1592 1003 itaque,
1609 959 1691 993 sicut
1707 959 1901 1004 acecpimus,
1923 969 1974 992 ec·
2028 966 2196 1000 caufaoeonr„

1235 1012 1331 1046 clesia
1351 1013 1451 1046 sancti
1469 1013 1630 1046 Laurentii
1652 1013 1683 1045 in
1701 1013 1818 1046 Lucina
1833 1012 1872 1046 de
1888 1011 1974 1046 dieta
1988 995 2171 1053 {ffissnffnaiffif

1234 1065 1319 1099 Urbe
1344 1066 1440 1110 (quae
1458 1065 1568 1100 titulus
1588 1065 1767 1110 presbyteri
1788 1064 1970 1107 cardinalis,
1988 1047 2180 1106 l'izlffssafflffi-
2193 1087 2197 1090 ,

1235 1129 1272 1152 ac
1297 1119 1391 1153 etiam
1414 1119 1608 1164 parochialis
1639 1120 1762 1160 existit,
1794 1125 1825 1153 et
1848 1119 1880 1152 in
1911 1129 1975 1164 qua
1989 1101 2194 1139 ”⁸¹³¹”¹⁰⁰‘'b¹¹''-

1235 1183 1318 1206 unus
1353 1173 1693 1218 archipresbyteratus,
1732 1173 1871 1215 dignitas
1896 1171 1975 1206 inihi

1235 1226 1444 1271 principalis,
1473 1226 1524 1260 cui
1554 1236 1630 1260 cura
1662 1225 1843 1260 animarum
1874 1235 1972 1270 paro-

1236 1280 1426 1314 chianorum
1446 1281 1545 1325 ipsius
1562 1280 1716 1315 ecclesiae
1730 1279 1887 1320 imminet,
1904 1290 1978 1314 nec-

1236 1344 1301 1367 non
1322 1345 1374 1368 sex
1395 1334 1603 1367 canonicatus
1620 1339 1651 1367 et
1670 1333 1802 1367 totidem
1821 1332 1978 1377 praeben-

1238 1389 1308 1430 dae,
1329 1399 1365 1421 ac
1387 1388 1447 1421 tria
1471 1387 1679 1422 beneficiata⁸
1699 1393 1882 1431 nuncupata
1906 1396 1979 1430 per-

1237 1446 1334 1485 petua
1365 1441 1524 1485 simplicia
1548 1440 1707 1474 beneficia
1739 1439 1974 1478 ecclesiastica,
2013 1455 2017 1457 ·

1238 1505 1388 1538 quorum,
1416 1495 1492 1527 dum
1518 1500 1641 1535 vacant,
1670 1493 1799 1527 collatio
1821 1499 1851 1526 et
1875 1492 1980 1526 omni-

1239 1548 1334 1581 moda
1351 1547 1519 1591 dispositio
1540 1548 1579 1581 ad
1599 1557 1658 1591 pro
1677 1553 1821 1591 tempore
1841 1545 1978 1580 existen-

1239 1606 1300 1634 tem
1317 1600 1398 1633 tituli
1412 1600 1511 1634 sancti
1527 1600 1687 1634 Laurentii
1705 1598 1890 1634 huiusmodi
1908 1609 1980 1643 pre-

1238 1654 1400 1699 sbyterum
1421 1654 1629 1694 cardinalem,
1654 1653 1853 1688 cessantibus
1878 1663 1980 1686 reser-

1240 1707 1418 1741 vationibus
1452 1713 1482 1741 et
1515 1707 1739 1740 affectionibus
1772 1705 1955 1751 apostolicis
1970 1732 1977 1746 ‚

1238 1761 1387 1804 pertinet,
1402 1760 1545 1794 instituta
1560 1760 1778 1804 reperiuntur)
1792 1759 1979 1804 parochiam

1239 1815 1333 1857 longe
1359 1815 1485 1858 lateque
1516 1820 1678 1858 patentem
1705 1820 1735 1847 et
1759 1813 1920 1853 diffusam,
1945 1823 1982 1846 ac

1239 1867 1368 1912 copiosa
1395 1867 1665 1912 parochianorum
1694 1866 1899 1901 multitudine
1924 1877 1977 1900 re-

1240 1921 1351 1954 fertam
1370 1921 1498 1962 habeat,
1520 1927 1550 1954 et
1568 1920 1697 1954 difficile
1721 1921 1760 1954 sit
1777 1926 1812 1954 ut
1829 1920 1914 1954 illius
1930 1930 1981 1954 ar-

1239 1974 1459 2019 chipresbyter
1490 1984 1550 2018 pro
1584 1979 1730 2018 tempore
1746 2001 1753 2012 ,
1777 1973 1887 2018 quod⁴
1905 1973 1981 2007 licet

1239 2028 1320 2061 duos
1345 2028 1528 2072 capellanos
1549 2028 1588 2062 ad
1606 2027 1674 2061 eius
1692 2033 1803 2061 nutum
1825 2026 1981 2060 amovibi-

1239 2081 1284 2115 lcs
1310 2081 1351 2114 in.
1366 2081 1606 2126 parochialibus
1627 2080 1846 2114 functionibus
1870 2086 1901 2114 et
1920 2079 1981 2113 mi-

1240 2135 1379 2168 nisteriis
1404 2135 1464 2168 sibi
1485 2135 1668 2168 assistentes
1695 2140 1904 2168 manutenere
1923 2144 1977 2168 so-

1239 2189 1312 2229 leat,
1335 2199 1430 2222 curae
1448 2189 1628 2222 animarum
1646 2193 1692 2221 tot
1708 2187 1978 2232 parochianorum

1240 2241 1426 2276 huiusmodi
1453 2241 1622 2283 exercitio,
1651 2247 1679 2274 ct
1704 2247 1978 2276 sacramentorum

1240 2295 1530 2329 ecclesiasticorum
1545 2294 1829 2336 administrationi,
1844 2294 1980 2339 aliisque

1240 2349 1479 2394 parochialibus
1499 2349 1615 2383 officiis
1644 2356 1674 2383 et
1704 2349 1891 2383 ministeriis
1914 2349 1977 2384 hu-

1241 2402 1391 2442 iusmodi,
1419 2405 1466 2439 ea,
1495 2413 1557 2447 qua
1575 2403 1675 2442 (lecet,
1696 2402 1861 2445 diligentia
1883 2408 1913 2436 et
1930 2412 1981 2436 so-

1277 2501 1288 2528 1
1312 2500 1382 2528 Edit.
1403 2501 1481 2528 Maia.
1499 2500 1582 2528 habet
1595 2500 1776 2528 intendamus
1790 2503 1827 2528 tn.
1849 2503 1895 2531 τ.).

1275 2546 1292 2572 2
1313 2545 1380 2573 ibid.
1397 2545 1496 2581 legitur
1509 2545 1731 2580 interponamus
1743 2544 1786 2579 (a.
1807 2547 1855 2578 τ.).

1276 2589 1292 2616 3
1311 2589 1352 2616 Sic
1372 2589 1437 2625 legit
1456 2589 1520 2616 edit.
1537 2588 1616 2616 Main.
1639 2589 1676 2624 (a.
1694 2589 1743 2623 T.).

1278 2635 1293 2661 4
1313 2634 1392 2662 Istam
1412 2642 1505 2662 vocem
1526 2634 1602 2669 quod
1616 2634 1782 2669 superfluam
1797 2641 1857 2662 esse
1872 2637 1899 2661 et
1917 2642 1980 2661 sen-

1241 2687 1298 2707 sum
1320 2679 1430 2707 turbare
1449 2678 1564 2714 quisque
1580 2678 1658 2706 facile
1678 2679 1775 2706 sentiet
1790 2679 1827 2714 (a.
1839 2678 1885 2714 Τ.).
