2227 3241
38 257 84 286 An.
105 256 135 284 G.
156 255 221 284 1604

79 903 137 928 Quod
152 904 221 923 tamen

40 931 130 960 aliquale
138 929 222 950 iuduce-

41 959 77 980 bat
124 961 222 979 inconve-

40 985 106 1008 niens.

86 1672 201 1698 Abu-egatus
215 1679 228 1694 a

47 1699 156 1721 Clemente.

64 2150 175 2178 nerogauo
185 2159 231 2174 cun-

52 2179 168 2200 trau-iorum.

828 253 974 278 CLEMENS
995 254 1052 278 Vlll
1072 254 1122 278 PP.

231 303 372 347 generali
394 302 527 336 militiae
547 303 648 336 sancti
668 301 778 336 ,iacobi
799 302 838 335 de
855 301 973 345 Spatba

232 356 321 399 regni
342 356 569 399 Portugalliae,
586 367 603 389 a
617 356 722 390 clarae
736 355 911 389 memoriae
925 355 975 389 Se-

233 409 378 443 bastiano
388 409 603 452 Portugalliae
615 415 646 443 et
657 409 883 452 Algarbiorum
898 418 974 451 rege

233 463 265 495 in
279 463 406 497 civitate
416 463 623 497 Ulixbonensi
638 463 677 496 de
690 473 776 496 anno
789 472 910 496 »innxlv
924 472 974 495 ce-

234 517 369 558 lebrato,
385 517 470 550 inter
483 516 545 549 alia
559 516 745 550 ordinatum
762 516 869 557 fuerit,
887 516 974 560 quod

234 580 346 603 omnes
373 569 575 610 thesaurarii,
598 569 677 603 alias
697 570 848 604 sacristae
866 570 971 603 eccle--

233 623 353 657 siarum
373 623 476 657 dictae
494 623 628 657 militiae
648 623 794 657 habitum
815 634 873 668 per
890 623 976 657 illius

234 677 347 709 fratres
372 676 554 720 capellanos
586 676 704 719 gestari
724 676 867 718 solitum,
894 677 974 710 faeta

233 730 324 776 prius
347 730 542 775 probatione
562 730 601 764 de
627 741 740 764 eorum
766 730 827 764 vita
854 737 883 764 et
905 741 975 764 mo-

236 783 335 825 ribus,
352 784 515 828 suscipere
529 785 696 826 deberent,
712 785 800 830 quod
820 785 974 819 hactenus

235 838 483 872 succedentibus
504 839 726 872 vacationibus
753 839 973 872 thesaurario-

237 902 308 925 rum
320 892 507 927 huiusmodi
521 893 725 927 observatum
740 893 809 927 suit.
819 893 879 928 Sed
892 893 978 937 quia,

237 945 319 979 sicut
344 946 457 980 eadem
482 946 638 991 expositio
662 947 899 990 subiungebat,
924 957 977 980 ex-

237 1000 393 1045 perientia
414 1007 616 1046 compertum
635 1007 692 1043 est,
713 1002 801 1046 quod
821 1001 977 1046 praedicti

239 1054 441 1096 thesaurarii,
455 1060 523 1088 tum
536 1055 611 1099 quia
624 1061 698 1088 sunt
709 1055 748 1089 ad
762 1061 876 1089 nutum
890 1066 976 1089 amo-

238 1109 360 1150 vibiles,
374 1115 441 1142 tum
454 1109 531 1154 quia
543 1119 656 1143 eorum
677 1109 793 1143 salaria
810 1110 850 1143 ad
864 1110 980 1144 decen-

240 1170 302 1198 tem
317 1174 429 1197 eorum
443 1165 710 1198 sustentationem
724 1175 789 1198 non
804 1164 976 1205 sufiiciunt,

238 1223 273 1251 ut
292 1217 469 1262 plurimum
491 1217 662 1261 qualitates
676 1218 716 1251 ad
737 1218 979 1262 suscipiendum

239 1271 386 1305 habiturn
398 1271 597 1316 praedictum
610 1271 906 1316 requisitashabere
916 1282 980 1305 non

240 1331 384 1369 possunt:
409 1331 462 1357 tuo
476 1324 608 1358 nomine
622 1324 715 1357 nobis
728 1324 895 1358 humiliter
908 1336 982 1368 sup-

240 1379 393 1423 plicatum
414 1378 482 1418 fuit,
500 1383 535 1410 ut
550 1378 717 1421 praedicto
737 1383 866 1419 statuto,
883 1379 923 1411 ad
937 1379 982 1411 ef-

241 1433 358 1465 fectum
379 1432 467 1475 quod
488 1431 639 1475 deinceps
663 1431 821 1475 praedicti
848 1431 979 1465 thesau-

241 1486 317 1519 rarii
349 1496 405 1519 seu
436 1485 586 1519 sacristae
618 1485 764 1518 habitum
796 1485 981 1518 huiusmodi

241 1539 405 1584 suscipere
435 1549 501 1572 non
532 1544 722 1581 teneantur,
756 1539 912 1581 derogare
943 1540 982 1573 de

242 1593 440 1636 benignitate
457 1592 632 1636 apostolica
654 1592 872 1634 dignaremur.

288 1648 304 1689 ξ
333 1646 363 1679 02.
395 1646 458 1679 Nos
484 1646 582 1688 igitur
607 1645 780 1678 maiestatis
805 1651 877 1678 tuae
902 1656 980 1689 sup-

242 1700 470 1744 plicationibus
494 1700 597 1741 ducti,
626 1699 742 1733 harum
767 1699 849 1733 serie
873 1700 983 1733 statui-

244 1764 314 1787 mus
328 1759 359 1787 et
372 1753 559 1787 ordinamus
577 1759 611 1786 ut
625 1753 777 1797 deinceps
793 1753 983 1787 thesaurarii

243 1818 298 1841 seu
324 1807 475 1841 sacristae
501 1807 708 1841 ecclesiarum
739 1807 861 1840 ordinis
893 1807 980 1840 mili-

245 1861 320 1895 taris
345 1861 445 1895 sancti
466 1861 571 1894 Iacobi
593 1861 632 1894 de
649 1860 768 1905 Spatha
782 1861 980 1903 huiusmodi,

243 1926 301 1959 pro
327 1921 472 1959 tempore
492 1914 690 1959 deputandi,
718 1915 860 1948 habitum
886 1926 982 1958 prae-

244 1969 366 2003 dictum
391 1968 553 2012 suscipere
579 1978 643 2001 non
675 1974 862 2007 teneantur,
891 1974 919 2002 et
946 1970 985 2002 ad

244 2023 329 2056 bunc
355 2022 503 2056 effectum
528 2028 647 2056 statuto
672 2023 838 2066 praedicto
863 2024 985 2067 specia-

245 2077 318 2111 liter
342 2083 372 2110 et
398 2087 544 2121 expresse
570 2077 773 2120 derogamus.

291 2132 307 2173 g
329 2130 359 2163 3.
383 2131 452 2163 Non
477 2130 679 2164 obstantibus
704 2130 986 2165 constitutionibus

248 2190 278 2219 et
294 2184 552 2217 ordinationibus
573 2184 767 2228 apostolicis,
789 2195 825 2217 ac
843 2185 986 2218 eiusdem

249 2238 392 2278 militiae,
409 2238 504 2271 etiam
527 2238 720 2278 iuramento,
741 2238 988 2272 confirmatione

249 2292 434 2336 apostolica,
461 2292 509 2325 vel
535 2291 646 2335 quavis·
672 2290 823 2324 firmitate
848 2291 909 2324 alia
935 2302 987 2325 ro-

249 2345 378 2386 boratis,
401 2345 525 2379 statutis
545 2350 576 2378 ct
596 2344 895 2385 consuetudinilms,
919 2350 985 2378 sta-

249 2398 434 2439 bilimentis,
455 2397 565 2431 usibus
584 2403 613 2430 et
631 2397 764 2437 naturis,
788 2397 988 2441 caeterisque

249 2452 418 2485 contrariis
442 2451 712 2495 quibuscumque.

293 2505 407 2538 Datum
439 2505 559 2538 Romae
590 2505 676 2548 aqud
705 2504 734 2537 S.
764 2504 904 2537 Marcum
929 2505 988 2537 snb

251 2557 370 2590 annulo
381 2557 550 2591 piscatoris
565 2557 615 2590 die
629 2568 658 2590 vi
677 2557 868 2600 septembris
881 2567 989 2594 immv,

252 2610 455 2654 pontificatus
475 2611 587 2651 nostri,
608 2621 692 2644 anno
714 2621 780 2644 xiii.

1652 242 1709 275 125
1756 251 1806 279 An.
1827 250 1855 278 c.
1880 251 1946 279 1604

1304 302 1442 336 CCCLvl.

1008 408 1220 442 Interdicitur
1233 409 1386 451 fratribus
1405 408 1537 442 Ordinis
1551 408 1660 442 beatae
1672 408 1745 441 Μα-

1052 462 1122 495 riae
1147 462 1183 495 de
1207 462 1314 495 Monte
1331 461 1477 495 Carmelo
1503 462 1546 496 acl
1567 461 1749 495 tribunalia

1052 515 1238 549 saecularia
1253 517 1423 559 quominus
1436 520 1618 555 recurrant,
1637 515 1690 548 scd
1708 515 1751 548 ud

1050 570 1194 612 priorem
1210 569 1395 613 gyeneralem
1410 569 1455 603 rel
1469 574 1677 613 protectorem
1692 569 1751 603 Or-

1054 622 1152 662 dinis,
1174 622 1222 656 vel
1245 622 1288 655 ad
1313 622 1481 656 Sunnnwn
1507 623 1711 666 Pontificem.

1216 713 1350 741 Clemens
1371 713 1450 748 Papa
1468 713 1549 745 vm,

1154 767 1190 794 ad
1209 767 1341 795 futuram
1361 767 1406 795 rei
1426 767 1607 797 memoriam,

1056 837 1212 878 Quoniam
1237 843 1347 871 nostro
1372 838 1525 882 pastorali
1550 839 1751 882 potissimum
1795 848 1917 869 [xm-tuum,

1012 891 1170 925 incumbit
1194 891 1321 933 officio,
1350 897 1385 925 ut
1410 902 1447 925 ea
1471 902 1553 936 quae
1578 903 1636 936 per
1661 902 1754 934 regu-

1012 946 1094 979 lares
1121 955 1275 989 personas
1302 950 1414 979 contra
1447 955 1559 978 eorum
1593 945 1754 988 regularia

1013 999 1158 1033 instituta
1192 1005 1313 1033 temere
1346 1004 1563 1039 attentantur,
1599 1005 1754 1042 quantum

1013 1053 1106 1087 nohis
1126 1063 1163 1086 ex
1181 1053 1245 1086 alto
1263 1053 1463 1094 conceditur,
1487 1053 1678 1097 opportunis
1699 1064 1751 1086 reu

1015 1106 1127 1140 mediis
1153 1116 1397 1151 compescamus
1422 1111 1452 1140 et
1476 1117 1700 1143 amoveamus:

1060 1161 1074 1203 ξ
1096 1161 1125 1194 sl.
1154 1160 1304 1202 Proinde,
1333 1161 1408 1205 quia
1430 1171 1532 1205 nuper
1552 1161 1668 1195 dilecto
1689 1161 1755 1194 lilio
1771 1166 1956 1215 dffgu—*lasgffisfigj

1016 1215 1168 1258 magistro
1193 1216 1333 1249 Henrico
1359 1216 1456 1249 Silvio
1481 1216 1618 1249 ilenrico
1647 1216 1756 1260 priore
1770 1207 1810 1242 nis.
1831 1199 1836 1220 ι

1016 1270 1159 1312 generali
1178 1270 1306 1304 Ordinis
1324 1270 1435 1303 beatae
1460 1269 1577 1303 Mariae
1596 1270 1634 1303 de
1652 1270 1758 1303 Monte

1015 1324 1170 1364 Carmelo,
1192 1334 1256 1357 non
1277 1324 1345 1357 sine
1364 1323 1462 1356 animi
1481 1323 1582 1357 nostri
1600 1323 1758 1361 molestia,

1017 1379 1177 1411 referente
1198 1378 1393 1422 accepimus,
1411 1378 1499 1421 quod
1516 1378 1691 1411 nonnullae
1712 1377 1760 1410 di-

1017 1432 1059 1465 cti
1080 1432 1220 1473 Ordinis,
1240 1432 1336 1465 etiam
1352 1431 1519 1475 utriusque
1540 1442 1643 1471 sexus,
1667 1441 1761 1474 regu-

1017 1485 1099 1518 lares
1119 1495 1288 1529 personae,
1312 1485 1367 1518 Dei
1390 1485 1505 1518 timore
1531 1485 1710 1529 postposito
1731 1491 1762 1518 et

1017 1550 1092 1573 suae
1105 1538 1315 1582 professionis
1326 1538 1544 1580 immemores,
1558 1544 1591 1571 ut
1604 1538 1634 1571 in
1647 1548 1760 1572 corum

1017 1592 1191 1626 malefactis
1206 1597 1237 1626 et
1250 1592 1490 1626 inliobedientia
1505 1603 1537 1625 se
1552 1592 1671 1625 diutius
1685 1603 1761 1626 con-

1019 1648 1155 1687 foveant,
1181 1646 1220 1678 ab
1240 1646 1289 1685 iis,
1313 1657 1395 1690 quae
1413 1657 1471 1690 per
1495 1646 1655 1689 praelatos
1676 1646 1760 1679 eius-

1019 1701 1091 1733 dem
1118 1699 1245 1733 Ordinis
1278 1705 1308 1732 et
1339 1699 1463 1743 priores
1494 1699 1706 1743 provinciales
1732 1705 1759 1732 et

1019 1754 1098 1787 alios
1119 1753 1314 1797 superiores,
1336 1753 1375 1786 ab
1398 1753 1466 1797 ipso
1492 1753 1600 1797 priore
1618 1753 1760 1795 generali

1018 1818 1077 1852 pro
1096 1813 1240 1851 tempore
1266 1807 1446 1851 deputatOS,
1470 1812 1540 1840 acta
1564 1812 1635 1840 sunt
1658 1813 1688 1840 et
1709 1807 1762 1840 de-

1020 1867 1118 1901 creta,
1139 1861 1179 1894 ad
1200 1860 1373 1893 tribunalia
1391 1860 1568 1893 saecularia
1585 1861 1759 1904 appellare,

1020 1920 1050 1948 et
1071 1916 1110 1948 ad
1132 1926 1168 1947 ea
1190 1920 1310 1947 temere
1327 1914 1498 1956 confugere
1518 1919 1762 1950 consueverunt,

1021 1969 1135 2002 innon
1165 1968 1324 2002 modicam
1356 1968 1587 2001 iurisdictionis
1618 1968 1762 2012 ipsorum

1021 2022 1223 2067 superiorum
1252 2022 1448 2063 laesionem,
1474 2027 1505 2055 et
1530 2022 1687 2064 regularis
1712 2022 1761 2054 iu-

1020 2076 1121 2110 stituti
1141 2076 1362 2110 alterationem
1385 2086 1419 2109 ac
1445 2076 1630 2109 scandalum
1655 2075 1758 2119 pluri-

1023 2139 1170 2164 morum:

1067 2184 1082 2227 g
1102 2183 1132 2216 ι).
1156 2183 1229 2223 Nos,
1247 2183 1430 2227 praemissis
1455 2183 1584 2216 obviare
1607 2182 1759 2222 volentes,

1023 2237 1179 2271 universis
1200 2242 1228 2269 et
1251 2236 1384 2279 singulis
1405 2236 1481 2269 dicti
1500 2235 1626 2269 Ordinis
1644 2235 1764 2268 utrius-

1023 2301 1086 2334 que
1103 2300 1194 2322 sexus
1208 2289 1411 2332 regularibus
1424 2288 1570 2333 personis
1585 2288 1766 2321 cuiuscum-

1024 2354 1086 2388 que
1107 2343 1282 2385 dignitatis,
1310 2348 1426 2383 status,
1454 2343 1572 2385 gradus
1598 2348 1625 2375 et
1649 2341 1763 2374 condi-

1026 2397 1119 2430 tionis
1137 2396 1356 2435 existentibus,
1373 2396 1546 2439 apostolica
1566 2395 1766 2435 auctoritate,

1025 2456 1134 2484 tenore
1151 2451 1381 2494 praesentium,
1396 2449 1612 2494 praecipimus
1626 2454 1652 2482 ct
1675 2458 1765 2481 man-

1025 2505 1159 2545 damus,
1192 2504 1301 2548 eisque
1331 2504 1390 2537 sub
1423 2502 1765 2536 exc-omiminu-ationis

1025 2558 1107 2590 latae
1131 2557 1309 2591 sentcntiae
1331 2559 1445 2600 poena,
1469 2567 1485 2588 a
1511 2567 1574 2599 qua
1599 2556 1726 2589 nonnisi
1748 2566 1765 2588 a

1025 2611 1117 2643 nobis
1134 2621 1189 2644 seu
1208 2611 1353 2643 Romano
1372 2609 1526 2642 Pontifice
1544 2619 1603 2653 pro
1621 2614 1764 2653 tempore

1805 2186 1928 2208 palulum.
1937 2185 1962 2205 de

1779 2220 1821 2242 qua
1833 2220 1853 2234 ιιι
1863 2213 1954 2233 rubrica,

289 2671 345 2698 nat.
363 2671 406 2699 die
426 2673 442 2699 6
462 2672 624 2708 septembris
647 2673 724 2707 160⁷»,
747 2672 840 2708 pontis.
863 2680 906 2700 au.
929 2678 986 2700 xm.
1025 2664 1188 2705 existente,
1202 2669 1428 2708 praeterquam
1446 2662 1477 2696 in
1493 2662 1603 2696 mortis
1617 2662 1764 2704 articulo,
