2227 3241
242 273 290 300 An.
315 273 341 300 c.
363 273 429 302 ¹605
475 263 538 297 268

271 2385 390 2406 Exordium.

440 323 604 366 quendum
620 321 719 355 nostri
733 321 904 366 pastoralis
917 322 1014 356 officii
1034 323 1177 356 debitum

440 374 612 419 praecipue
626 375 788 419 pertinere
802 374 1028 416 existimantes,
1052 376 1179 420 praein—

440 435 540 463 scrtas
560 428 606 461 Pii
624 428 883 473 praedecessoris
904 429 1036 470 litteras,
1059 441 1095 463 ac
1112 441 1179 464 om-

439 483 492 514 nia
513 481 608 515 ineis
626 488 787 524 contenta,
812 483 907 517 etiam
929 483 1014 517 iuxta
1035 485 1177 518 declara-

440 535 560 568 tionem
585 535 784 579 praedictam
810 547 869 580 per
893 537 998 581 ipsum
1024 538 1179 572 Innocen-

440 588 518 621 tium
536 589 820 633 praedecessorem
839 589 967 632 factam,
988 601 1024 624 ac
1043 591 1180 636 desuper

439 641 656 675 confectarum
682 642 863 676 litterarum
889 644 1119 678 continentiam
1150 651 1181 678 et

438 701 596 735 tenorem,
620 707 716 741 quem
738 697 861 740 pariter
879 698 1104 742 praesentibus
1124 699 1180 732 ha-

438 748 506 782 beri
532 749 680 783 volumus
704 761 764 794 pro
797 762 946 794 expresso
971 762 1008 785 ac
1037 752 1077 785 ad
1103 763 1177 786 ver-

438 802 514 835 bum
542 803 674 844 inserto,
703 804 893 838 auctoritaie
917 806 1105 849 apostolica,
1134 812 1179 839 te-

438 866 517 890 nore
541 857 778 900 praesentium,
803 859 1069 903 comprobamus,
1098 871 1176 893 con-

440 909 608 944 firmamus
629 917 659 944 et
684 911 886 954 innovamus,
907 923 1024 957 easque
1044 913 1181 947 firmiter

439 969 469 997 et
486 964 635 999 inviolate
659 976 696 999 ao
722 965 807 999 iuxta
825 966 1075 1001 declarationem
1092 979 1182 1012 prae-

439 1016 558 1051 dictam
575 1028 634 1052 nos
651 1019 800 1053 similiter
815 1025 998 1054 servaturos
1018 1031 1086 1054 esse
1107 1031 1181 1065 pro-

440 1070 596 1105 mittimus
622 1077 651 1105 et
676 1072 829 1112 iuramus,
854 1079 950 1117 atque
969 1085 1028 1118 per
1052 1085 1118 1114 eos,
1140 1074 1179 1107 ad

440 1135 521 1169 quos
545 1131 678 1169 spectat,
702 1126 822 1170 pariter
842 1133 998 1171 perpetuo
1019 1127 1180 1161 observari

439 1178 658 1222 praecipimus
683 1185 713 1212 et
738 1181 940 1214 mandamus.

483 1233 567 1266 Nulli
580 1244 658 1277 ergo
669 1235 803 1268 omnino
814 1235 982 1269 hominum
995 1236 1088 1269 liceat
1099 1236 1181 1269 hanc

439 1286 606 1330 paginam,
635 1291 690 1320 elc.

482 1340 595 1373 Datum
617 1341 738 1375 Romae
757 1342 843 1386 apud
869 1342 899 1376 S.
923 1343 1051 1376 Petrum
1066 1371 1073 1384 ,
1097 1353 1181 1376 anno

439 1394 671 1428 lucarnationis
688 1395 874 1429 Dominicae
891 1406 987 1437 iuncv,
1013 1396 1107 1430 tertio
1128 1397 1182 1430 ka-

439 1447 550 1481 lendas
562 1449 710 1491 ianuarii,
728 1449 933 1494 pontificatus
947 1450 1046 1483 nostri
1060 1461 1144 1483 anno
1159 1461 1178 1483 1.

475 1510 532 1537 Dat.
555 1510 598 1538 die
618 1512 652 1539 30
671 1511 822 1540 decembris
845 1512 926 1547 1605,
948 1513 1040 1548 pontif.
1063 1521 1105 1539 an.
1128 1519 1144 1539 1.

751 1673 867 1707 XXVII.

440 1768 486 1803 Dc
506 1770 667 1803 vocalium
688 1770 840 1804 electione
857 1775 886 1804 el
906 1772 986 1805 rotis
1006 1772 1040 1805 in
1061 1771 1181 1815 difflui-

486 1825 576 1856 toriz's
593 1828 620 1863 et
640 1823 757 1857 diaetis
775 1825 980 1868 qeneralz'bus
1003 1825 1182 1869 Conqreya-

487 1878 584 1911 tionis
603 1878 840 1913 Canom'corum
857 1879 1075 1922 Reyularz'um
1092 1880 1183 1912 Lale-

484 1933 688 1973 ranensimn,
706 1932 807 1976 (leque
823 1932 951 1965 abbatis
969 1933 1132 1976 yeneralis
1146 1944 1182 1966 ac

482 1987 705 2029 procuratoris
737 1986 888 2020 electione
919 1986 1182 2031 morinorumque

483 2039 690 2083 reccptione⁴.

685 2147 795 2174 Paulus
816 2147 894 2181 Papa
914 2147 946 2179 V,

583 2201 619 2229 ad
639 2201 770 2229 futuram
789 2201 832 2229 rei
853 2200 1033 2228 memoriam.

487 2298 657 2333 pastoralis
675 2299 776 2333 nostri
791 2299 934 2333 muneris
948 2299 1029 2332 ratio
1042 2299 1183 2343 postulat

444 2360 477 2387 ut
505 2354 536 2386 in
568 2353 629 2387 illis
658 2354 882 2387 auctoritatem
909 2359 1050 2387 nostram
1084 2354 1181 2387 inter-

444 2418 613 2452 ponamus,
645 2418 704 2452 per
731 2417 813 2452 quae
841 2407 1131 2450 Congregationum
1154 2413 1183 2440 et

445 2461 601 2495 Ordinum
617 2461 814 2504 regularium
841 2460 941 2505 quieti
968 2466 998 2494 et
1025 2471 1182 2505 prospero

445 2514 540 2547 statui
571 2519 752 2559 opportune
782 2514 990 2555 consulatur,
1027 2519 1125 2558 prout
1151 2513 1182 2547 in

445 2567 582 2601 Domino
594 2568 766 2602 salubriter
787 2567 1004 2612 conspicimus
1017 2567 1180 2611 expedire.

482 2640 493 2665 1
517 2638 554 2666 De
573 2639 727 2667 huiusmodi
741 2638 955 2675 Congregatione
970 2637 1055 2666 habes
1074 2637 1102 2665 in
1117 2638 1185 2666 Con·

447 2682 502 2709 stit.
522 2692 579 2709 xxix
598 2683 732 2711 Pasclialis
747 2684 781 2718 ll,
801 2686 865 2710 tom.
883 2691 912 2718 11,
930 2691 991 2719 pag.
1007 2682 1068 2709 246.

1022 274 1203 299 ammanium
1221 275 1373 299 ROMANUM

1970 276 2019 304 An.
2040 277 2071 304 c.
2088 262 2184 309 ιωέ-ῑ)

1259 324 1274 365 ἓ
1295 322 1325 356 l.
1350 323 1396 356 Ad
1420 322 1708 366 Congregationem
1733 323 1840 368 itaque
1865 324 1954 359 Late·
2014 344 2036 365 ῃ,
2051 343 2154 366 2100220„
2168 343 2179 354 <v

1215 387 1382 410 ranensem
1404 376 1639 410 Canonicorum
1662 376 1870 420 Regularium
1890 378 1951 413 Or-
1968 371 2188 418 ἓῖἒὲἶέὶὲἓᾞξῐὲ

1214 430 1297 463 dinis
1323 430 1353 463 S.
1381 430 1549 472 Augustini
1572 430 1686 464 mentis
1706 437 1834 465 nostrae
1851 431 1953 465 aciem
1969 423 2183 474 gsssslffffoe‘ffliaffllfc

1214 489 1447 523 convertentes,
1465 490 1493 517 et
1508 489 1626 518 attente
1638 484 1877 518 considerantes
1892 496 1956 519 ma·
1969 476 2153 524 aexncffluuponu,
2168 480 2183 519 ἶ·

1215 536 1297 569 xime
1322 536 1493 570 convenire
1520 543 1563 578 ut,
1592 537 1622 570 in
1649 537 1806 572 electione
1830 539 1955 583 praela-

1217 596 1334 630 torum,
1358 590 1563 634 superiorum
1589 597 1618 624 et
1644 590 1829 625 officialium
1856 591 1955 636 ipsius

1214 643 1489 686 Congregationis,
1507 655 1619 678 omnes
1636 644 1722 678 illius
1740 644 1890 679 Canonici
1909 656 1956 679 re-

1214 696 1340 739 gulares
1358 698 1460 742 (nulla
1480 698 1648 732 nationum
1667 705 1720 732 aut
1740 708 1953 743 personarum

1215 751 1402 795 acceptione
1420 752 1467 785 vcl
1486 753 1673 797 exceptione
1689 753 1812 797 habita)
1830 759 1954 797 partem

1214 803 1333 837 habere
1368 805 1525 847 debeant;
1553 807 1781 850 aequalitatem
1806 812 1955 841 votorum

1215 863 1245 890 et
1274 858 1501 901 suffragiorum
1533 860 1564 892 in
1595 860 1802 903 diffinitorio,
1830 866 1894 894 tam
1923 861 1956 894 in

1215 910 1356 955 capitulo
1374 923 1469 956 quam
1486 913 1517 946 in
1539 913 1651 947 diaetis
1665 914 1881 957 generalibus,
1893 919 1955 949 sta-

1216 964 1390 998 biliendam
1417 966 1576 1000 duximus.

1260 1018 1276 1059 g
1297 1017 1326 1051 ΕΖ.
1351 1018 1436 1051 Motu
1462 1019 1559 1062 igitur
1582 1020 1727 1065 proprio,
1745 1031 1810 1054 non
1829 1020 1868 1055 ad
1891 1021 1952 1056 ali·
1971 1062 1975 1065 ⁸
1993 1035 2019 1065 in
2034 1034 2154 1066 dannanus,
2172 1034 2181 1050 ι’

1215 1070 1305 1104 cuius
1331 1072 1423 1105 nobis
1448 1083 1545 1116 super
1564 1073 1626 1107 hoc
1646 1074 1772 1108 oblatae
1793 1074 1955 1119 petitionis
1970 1064 2174 1110 'vffi'ffliesflssssfflff

1216 1123 1412 1166 instantiam,
1440 1126 1495 1159 sed
1521 1137 1556 1159 ex
1583 1129 1669 1160 certa
1689 1127 1822 1161 scientia
1843 1133 1873 1161 et
1893 1114 2154 1168 ma-igfigeenidffpomouo
2192 1136 2195 1147 ¹

1217 1179 1287 1209 tura
1312 1178 1544 1213 deliberatione
1564 1184 1684 1221 nostra,
1706 1181 1810 1226 deque
1830 1187 1956 1226 aposto-

1217 1230 1296 1263 ticae
1317 1232 1482 1275 potestatis
1502 1233 1715 1276 plenitudiue,
1739 1234 1852 1268 harum
1874 1235 1956 1268 serie

1216 1284 1385 1318 statuimus
1410 1291 1440 1318 et
1465 1286 1664 1329 ordinamus,
1692 1293 1726 1321 ut
1751 1288 1790 1321 de
1815 1293 1953 1331 caetero,

1216 1347 1275 1381 pro
1306 1338 1490 1372 huiusmodi
1522 1345 1669 1374 votorum
1701 1341 1893 1385 aequalitate
1924 1341 1957 1375 in

1217 1392 1330 1424 eodem
1357 1392 1556 1435 diffinitorio,
1577 1405 1659 1428 unus
1677 1406 1713 1428 ex
1730 1395 1888 1429 Marchiae
1904 1395 1959 1429 Ec-

1216 1445 1404 1486 lesiasticae,
1426 1446 1506 1480 alius
1528 1458 1564 1480 ex
1584 1448 1688 1481 Status
1706 1453 1736 1481 et
1750 1449 1884 1482 ducatus
1899 1449 1959 1483 Me-

1217 1497 1336 1531 diolani
1352 1526 1359 1539 ‚
1387 1499 1468 1532 alius
1501 1512 1536 1533 ex
1569 1501 1727 1534 Marchiae
1750 1501 1953 1544 Trivisanae‚

1216 1552 1297 1585 alius
1322 1563 1356 1585 ex
1382 1553 1584 1597 principatus
1608 1554 1856 1589 Pedemontium
1882 1566 1958 1589 con-

1217 1605 1349 1639 iunctim
1372 1608 1434 1639 una
1453 1618 1524 1640 cum
1544 1608 1746 1642 monasteriis
1762 1609 1954 1650 Placentiae,

1217 1658 1359 1700 Parmae,
1388 1659 1544 1701 Mantuae,
1572 1661 1673 1704 Regii,
1696 1661 1835 1695 Mutinae
1855 1668 1886 1695 et
1904 1662 1957 1695 Vi-

1216 1712 1342 1754 gnolae,
1358 1717 1389 1746 et
1403 1713 1483 1746 alius
1498 1723 1535 1746 ex
1553 1713 1722 1748 Hetruriae
1734 1713 1754 1755 ¹,
1771 1714 1861 1758 regni
1878 1715 1958 1749 Nea-

1216 1765 1297 1808 polis
1312 1771 1342 1798 et
1354 1765 1483 1800 Genuae
1501 1767 1705 1800 monasteriis
1719 1767 1862 1802 eiusdem
1876 1768 1957 1802 Con-

1216 1816 1412 1859 gregationis
1437 1817 1509 1861 (qui
1536 1818 1712 1862 respective
1736 1819 1781 1852 sic
1812 1820 1851 1853 ad
1871 1819 1958 1853 hunc

1216 1869 1377 1911 effectum,
1406 1881 1465 1914 pro
1490 1874 1554 1904 una
1579 1871 1646 1905 viee
1665 1882 1699 1905 ex
1715 1872 1808 1906 dictis
1822 1882 1954 1907 monas-

1218 1923 1303 1957 teriis
1328 1924 1496 1957 Hetruriae
1523 1930 1554 1958 et
1589 1925 1734 1967 Genuae,
1763 1931 1793 1960 et
1817 1937 1876 1971 pro
1896 1926 1958 1960 alia

1216 1987 1252 2009 ex
1276 1976 1438 2020 Neapolis)
1464 1978 1629 2022 perpetuis
1655 1979 1771 2013 suturis
1796 1979 1954 2025 tempori·
2163 1999 2190 2027 φ,

1216 2030 1275 2063 bus
1300 2030 1373 2072 eligi
1400 2030 1527 2064 debeat.
2143 2023 2185 2076 ’,ἵ

1261 2085 1277 2126 g
1297 2082 1327 2116 3.
1352 2084 1497 2127 Eligendi
1519 2085 1666 2118 canonici
1684 2091 1755 2119 vota
1775 2086 1807 2119 in
1828 2087 1956 2131 quibus·
1997 2100 2036 2125 oni
2052 2101 2073 2131 iq
2087 2078 2179 2132 omri}-

1216 2148 1353 2182 cumque
1388 2138 1536 2182 capitulis
1560 2145 1590 2173 et
1614 2140 1727 2174 diaetis
1751 2140 1954 2183 generalibus
1969 2126 2181 2236 gffefiffpiiffirge

1215 2191 1319 2224 dictae
1344 2192 1607 2235 Congregationis
1632 2193 1781 2227 habeant.
1969 2180 2105 2203 πωπω
2116 2179 2154 2220 ¹¹⁸⁹·
2184 2234 2185 2237 Ἴ

1260 2246 1276 2287 5
1301 2245 1331 2278 4.
1361 2245 1447 2285 Quae
1472 2246 1614 2290 quinque
1635 2252 1707 2281 vota
1728 2247 1952 2281 diffinitorium
1995 2260 2091 2292 Quinqqe
2105 2240 2180 2293 votivi?
2199 2258 2201 2262 ⁴

1216 2308 1333 2332 novum
1361 2299 1573 2341 constituunt,
1602 2305 1631 2333 et
1656 2300 1750 2334 simul
1776 2312 1848 2334 cum
1870 2311 1951 2345 qua·
1969 2288 2177 2341 effimwngffnimf}
2199 2302 2202 2309 ’

1217 2357 1290 2385 tuor
1314 2352 1394 2386 votis
1415 2352 1594 2386 (listinitorii
1613 2353 1736 2397 antiqui
1766 2363 1880 2387 novem
1902 2364 1956 2387 vo-
1970 2339 2178 2397 illitiofi'ffi'laf

1217 2412 1323 2439 torum
1349 2416 1520 2440 numerum
1547 2406 1755 2448 constituunt,
1784 2418 1867 2451 quae
1887 2391 2158 2450 oni-{fittisslssssiihl}
2198 2434 2202 2447 ,

1218 2458 1304 2492 mnia
1330 2459 1523 2493 intervenire
1544 2459 1660 2493 debent
1681 2460 1712 2492 in
1738 2460 1887 2493 omnibus
1909 2450 1995 2493 dra-“⁸
2010 2446 2094 2467 ‘¹¹³⁰⁸'⁸'
2198 2466 2200 2471 '

1219 2512 1500 2546 terminationibus
1523 2512 1555 2545 in
1577 2512 1653 2557 ipsis
1675 2513 1788 2547 diaetis
1813 2518 1844 2547 et
1867 2513 1956 2558 capi-

1220 2565 1296 2599 tulis
1320 2566 1525 2609 generalibus
1545 2566 1710 2600 faciendis.

1968 2207 2040 2229 boanh

1256 2683 1264 2709 1
1289 2681 1357 2709 Edit.
1375 2680 1453 2709 Main.
1476 2681 1555 2709 babet
1572 2682 1713 2710 Hetruria
1730 2685 1768 2719 (n.
1791 2683 1837 2717 τ.).
