2227 3241
472 295 537 330 684
1015 301 1192 327 mmmm
1217 302 1366 327 Romnum

427 358 616 394 Hebraicam
643 356 793 400 linguam,
819 363 976 399 graecam,
1001 353 1159 389 arabicam
1184 356 1328 400 magistri
1357 354 1472 389 docere
1497 354 1635 390 debeant
1658 356 1690 391 in
1715 355 1827 391 studiis
1850 355 1956 400 Regu-

515 412 643 453 larium,
666 410 727 444 625
753 409 769 444 b
794 420 854 454 seq.

426 465 583 500 Henricus
619 466 788 508 episcopus
820 461 1028 497 virdunensis
1069 462 1326 497 reformationem
1363 464 1444 498 inter
1483 462 1653 497 monachos
1692 462 1956 508 Congregationia

513 518 558 551 Ss.
586 517 689 551 Vitoni
715 521 746 551 et
770 516 1112 560 memphi-inducere
1137 520 1242 558 curat,
1269 516 1309 550 64
1335 527 1364 549 a.

425 570 581 605 Henricus
606 569 647 604 lV
671 570 823 604 Franciae
848 579 925 612 rex,
954 570 993 603 10
1019 580 1047 603 α.
1072 568 1249 613 Collegium
1275 569 1314 603 de
1339 569 1416 603 Fixa
1441 570 1606 605 Societatis
1636 569 1710 605 Iesu
1742 570 1822 614 erigi
1846 573 1956 613 curat,

512 623 588 658 ibid.
613 622 768 659 Ordinem
792 623 961 658 m'zlitarem
992 623 1025 657 B.
1051 622 1166 657 Mariae
1193 622 1232 656 de
1257 622 1361 657 Monte
1386 622 1528 657 Carmelo
1555 624 1705 666 Instituit,
1732 623 1795 658 465.
1818 633 1884 668 seq.
1910 621 1957 658 De

512 677 644 712 basilica
669 677 872 712 Lateranensi
898 679 1016 721 optime
1042 679 1191 720 meritus,
1218 677 1280 711 235
1306 676 1332 710 b.

424 730 666 776 Herbipolensis
691 732 861 775 episcopus
885 732 1088 765 canonicatus
1110 740 1166 775 pro
1191 730 1346 776 theologis
1370 734 1548 766 reservatos
1573 732 1650 766 iuris
1676 732 1821 766 canonici
1843 731 1957 766 docto-

512 784 599 819 ribus
624 785 768 818 eonferre
793 788 913 828 potest,
940 785 1002 818 110
1027 796 1088 830 seq.

424 837 577 872 Hercules
613 837 789 872 Honoratus
825 837 969 872 Monachi
1005 837 1171 879 dominus,
1208 838 1270 871 170
1302 837 1328 871 b.
1363 837 1509 872 Monetur
1541 838 1693 882 episcopo
1718 837 1953 873 Ventimiliensi

511 901 604 935 opem
628 892 706 926 ierat
730 893 762 925 in
788 891 987 935 extirpandis
1012 891 1052 925 ab
1077 892 1146 925 elus
1171 890 1310 927 dioecesi
1334 892 1456 932 usuris,
1483 890 1559 924 ibid.

424 945 636 989 Hieronymus
668 944 838 978 cardinalis
862 944 1029 979 Mattaeius
1062 943 1192 979 Ordinis
1218 946 1318 978 sancti
1343 944 1505 979 Francisci
1529 947 1701 988 protector,
1728 944 1768 980 22
1793 945 1819 978 b.
1850 944 1956 990 Ipsius

511 998 676 1032 decretum
692 1001 800 1031 contla
817 997 1013 1032 occultantes
1039 997 1122 1032 bona
1139 1001 1170 1032 et
1186 1001 1362 1032 conventus
1379 997 1511 1033 Ordinis
1531 997 1687 1032 Minorum
1704 997 1958 1034 Reformatorum

509 1053 718 1096 pertineam,
745 1052 784 1085 2ἑέ
808 1062 836 1084 α.
862 1050 1088 1093 Confirmatur,
1115 1050 1154 1085 23
1180 1051 1205 1084 b.
1232 1050 1407 1094 Collegium
1428 1050 1546 1085 Romae
1571 1053 1651 1095 erigi
1677 1050 1779 1095 iubet,
1806 1051 1869 1087 239
1893 1062 1955 1097 seq.

423 1105 637 1150 Hieronymus
653 1105 780 1139 cardiu}¹
776 1105 823 1139 lis
837 1104 1032 1149 Pamphilius
1044 1105 1134 1139 Pauli
1151 1105 1212 1138 PP.
1225 1104 1270 1138 V
1263 1115 1294 1139 in
1312 1104 1396 1138 Urbe
1418 1106 1566 1147 vicarius,
1585 1104 1647 1139 237
1666 1104 1715 1138 bis
1731 1104 1747 1138 b
1763 1115 1824 1150 seq.
1848 1105 1957 1140 Prote-

512 1164 579 1194 ctor
596 1164 626 1195 et
642 1160 741 1194 Iudex
759 1159 866 1203 Colleg
855 1160 892 1193 ii
885 1159 1064 1201 *Matthaei‚
1083 1159 1145 1192 238
1159 1158 1216 1192 ὒῑᾞε
1233 1158 1337 1202 Ipsius
1354 1158 1518 1193 decretum
1537 1159 1705 1192 electionis
1725 1157 1801 1194 dieti
1820 1157 1957 1203 collegii,

511 1214 573 1247 237
591 1213 638 1246 bis
658 1213 683 1246 b.
709 1211 840 1247 Ordinis
848 1186 1022 1246 DMinorum
1047 1215 1222 1256 protector,
1249 1211 1312 1245 630
1337 1223 1366 1245 α.

421 1265 635 1310 Hieronymus
661 1265 741 1300 tituli
765 1266 793 1299 S.
820 1266 983 1299 Susannao
1008 1265 1178 1299 cardinalis
1202 1265 1442 1307 RusticuecIus,
1470 1265 1532 1305 580
1558 1276 1587 1299 a.

422 1319 637 1363 Hieronymus
663 1319 743 1353 tituli
769 1319 798 1353 S.
824 1319 908 1353 Petri
934 1319 973 1352 ad
1000 1317 1131 1353 Vincula
1156 1318 1326 1353 cardinalis
1351 1319 1391 1353 de
1415 1320 1558 1361 Ruvere,
1585 1319 1648 1354 580
1673 1329 1701 1353 a.
1732 1351 1736 1355 ,

422 1372 623 1406 Hierusalem
648 1372 744 1406 Terra
768 1373 892 1414 Sancta,
919 1372 981 1405 597
1007 1383 1035 1404 a.
1061 1371 1291 1417 Eleemosynae
1314 1383 1396 1419 quae
1420 1384 1478 1417 pro
1504 1375 1571 1417 ipsa
1596 1373 1675 1407 fiunt
1698 1382 1760 1407 non
1780 1372 1900 1408 debent
1924 1375 1956 1408 in

511 1425 588 1460 alios
614 1436 689 1460 usus
715 1427 873 1467 converti,
902 1425 978 1458 ibicl.

420 1479 612 1524 Hippolytus
637 1480 759 1524 Frigola
785 1481 871 1523 prior
896 1479 1081 1523 collegiatae
1106 1479 1137 1512 B.
1163 1479 1201 1512 M.
1228 1480 1267 1513 de
1284 1479 1436 1514 'Cornella
1467 1479 1613 1513 Elnensis
1638 1478 1813 1522 dioecesis,
1839 1480 1901 1513 185
1926 1490 1956 1513 α.

421 1533 611 1577 Hippolytus
636 1533 838 1567 Ravennates
864 1534 950 1576 prior
974 1532 1132 1575 generatis
1158 1531 1289 1567 Ordinis
1314 1532 1549 1567 Heremitarum
1574 1532 1604 1566 S.
1628 1532 1814 1576 Augustiiii,
1839 1533 1902 1569 135
1927 1543 1956 1568 α.

422 1586 648 1631 Hispaniarum
674 1585 803 1631 regibus
828 1596 884 1620 seu
912 1587 1069 1630 magistris
1102 1585 1246 1620 militaris
1279 1584 1411 1621 Ordinis
1436 1585 1476 1620 de
1500 1585 1656 1623 Montesia
1680 1595 1866 1624 concessum
1892 1587 1958 1622 ius-

511 1644 694 1684 patronatus
720 1640 759 1674 ad
784 1644 905 1684 septem
933 1639 1097 1682 parochias
1122 1640 1279 1674 dloeeesis
1303 1638 1527 1681 Dertusensis‚
1554 1639 1618 1674 422
1642 1650 1671 1675 α.

421 1693 569 1728 Horatius
595 1693 805 1727 Lau-cellottus
830 1694 982 1727 Gamerae
1007 1691 1208 1736 Apostolicae
1233 1692 1376 1732 auditor,
1404 1693 1442 1726 26
1470 1703 1499 1726 α.

420 1746 583 1791 Hospitale
609 1747 732 1790 regium
757 1746 920 1790 Burgense
946 1748 977 1778 in
1003 1745 1176 1789 Hispaniis,
1202 1746 1265 1780 365
1285 1757 1314 1788 a,
1341 1745 1402 1779 433
1428 1746 1454 1779 b.
1480 1745 1505 1779 A
1526 1738 1663 1791 q‘uonam
1685 1746 1811 1782 visitari.
1830 1745 1955 1788 debeat,

511 1801 571 1834 434
598 1811 626 1834 a.

418 1852 582 1898 Hospitalo
618 1863 788 1887 caecorum
819 1853 946 1895 Parisiis
979 1863 997 1887 a
1029 1854 1059 1886 S.
1084 1853 1242 1888 Lodovico
1279 1863 1356 1897 rege
1389 1856 1550 1895 ereetum,
1575 1852 1639 1887 400
1664 1852 1690 1886 b.
1711 1852 1872 1894 Quaestus
1897 1864 1955 1898 pro

506 1917 617 1942 eorum
641 1907 997 1957 alimonia-concessus,
1023 1905 1100 1940 ibid.
1127 1906 1297 1950 Privilegia
1322 1905 1397 1940 huic
1421 1905 1568 1950 hospitali
1593 1915 1756 1949 concessa,
1774 1905 1854 1940 ibid.
1876 1905 1955 1941 Con-

508 1963 646 2004 firmata,
675 1961 744 2007 403,
762 1961 790 1995 b.
1361 1974 1363 1976 ·

420 2015 585 2060 Hospitale
612 2015 863 2049 mendicantium
887 2015 927 2048 de
952 2014 1047 2056 Urbe,
1071 2015 1133 2049 573
1159 2015 1185 2048 b.
1211 2013 1314 2059 Ipsius
1338 2023 1454 2049 causae
1479 2013 1578 2048 iudici
1593 2013 1725 2058 speciali
1743 2018 1957 2065 reservantur,

508 2068 586 2103 ibid.

419 2121 582 2168 Hospitale
607 2121 756 2158 Italorum
781 2122 1007 2168 Ulyssiponae,
1035 2122 1108 2156 379.

1182 2284 1194 2318 1

421 2390 529 2426 iacobi
549 2390 605 2436 (S.)
627 2390 667 2424 de
693 2389 794 2424 Calais
813 2389 948 2423 ecclesia
979 2389 1018 2423 ad
1051 2392 1167 2423 statum
1195 2387 1393 2422 saecularem
1417 2387 1566 2430 reducta,
1592 2387 1632 2421 18
1657 2387 1674 2420 b
1694 2397 1756 2431 seq.
1781 2386 1857 2421 Eius
1881 2394 1956 2428 pro-

508 2446 588 2479 visio
612 2448 734 2488 spectat
758 2443 797 2477 ad
822 2442 969 2477 abbatem
994 2444 1176 2477 monasterii
1202 2443 1231 2475 S.
1257 2441 1362 2475 lacobi
1388 2441 1427 2475 de
1453 2440 1615 2483 Cardona‚
1642 2440 1720 2473 ibid.

419 2497 525 2532 lacobi
552 2498 608 2542 (S.)
635 2497 674 2530 de
699 2497 785 2538 Fixa,
809 2497 867 2530 101
896 2506 931 2535 (13
959 2495 1117 2530 Prioratus
1142 2497 1352 2540 supprimitur
1377 2499 1407 2529 et
1432 2494 1475 2529 ibi
1501 2496 1635 2538 erigitur
1656 2493 1832 2537 Collegium
1851 2493 1957 2526 Socie-

510 2552 582 2584 tatis
607 2550 693 2592 Iesu,
721 2548 798 2582 ibid.

422 2602 529 2637 lacobi
554 2603 611 2647 (S.)
636 2603 756 2647 Militia,
782 2603 844 2636 113
870 2602 902 2643 b;
929 2602 989 2636 531
1017 2614 1053 2644 a3
1078 2603 1141 2637 533
1167 2614 1197 2637 α.

423 2655 555 2690 lacobus
579 2656 618 2690 de
645 2656 706 2690 Leo
730 2656 1017 2691 commendatarius
1042 2658 1224 2691 monasterii
1249 2655 1278 2689 S.
1304 2655 1423 2690 Mariae
1449 2656 1479 2689 in
1506 2652 1689 2694 venticano,
1716 2652 1781 2686 432
1805 2662 1834 2687 a.

424 2709 609 2754 [agelloniaz
637 2711 707 2744 ride
731 2711 832 2745 Anna,
