2227 3241
479 287 543 322 712

528 346 631 381 dictae
655 347 830 391 Religionis
851 353 1001 384 statutum
1036 352 1080 385 De
1112 353 1172 386 ele-

522 400 689 443 ctionibus,
705 404 730 436 si
749 406 796 436 cst
814 405 843 437 in
867 414 934 447 usu,
953 405 1025 439 374.

432 452 539 487 LXIII.
564 454 625 488 Dat
649 455 829 490 facultatem
863 460 1022 503 episcopis
1047 461 1171 505 Argen-

522 508 637 541 tinensi
652 512 683 542 et
700 508 873 545 Basileensi
899 515 929 546 et
950 512 1074 547 illorum
1106 516 1171 548 sin-

520 559 603 603 gulis
628 561 811 605 applicandi
835 574 991 599 summam
1020 567 1169 601 undecim

520 612 616 646 millia
642 614 832 650 florenorum
864 622 1088 662 congestorum
1130 631 1168 655 ex

520 665 674 701 fructibus
700 671 938 713 praepositurae
967 671 1058 706 I’eris
1083 683 1167 708 nun-

520 723 654 763 cupatae
687 720 819 756 Ordinis
851 727 951 759 sancti
982 725 1168 770 Benedicti,

520 776 648 807 vacatae
684 784 740 818 per
772 775 892 811 obitum
923 779 1094 814 cardinalis
1130 781 1169 815 ab

519 825 654 869 Austria,
681 839 737 871 pro
761 830 914 872 erigendo
932 841 1103 875 puerorum
1120 844 1168 867 se-

518 880 651 914 minario
668 882 883 917 ecclesiastico
900 886 931 918 in
949 885 1168 930 landgraviatn

519 931 669 975 Alsatiae,
695 936 768 968 375.

429 983 529 1016 LXIV.
556 985 602 1019 Dc
626 990 813 1023 auctoritate
840 992 975 1026 ministri
1007 994 1168 1036 generalis

514 1036 645 1073 Ordinis
671 1040 801 1075 fratrum
828 1043 982 1078 Minorum
1014 1047 1044 1080 S.
1071 1047 1167 1081 Fran-

516 1092 594 1125 cisci
619 1093 659 1127 de
679 1093 892 1131 Observantia
907 1103 937 1131 et
958 1102 1166 1135 emmisset-ii

518 1145 678 1187 generalis
704 1146 834 1184 Ordinis
852 1151 981 1185 fratrum
1009 1153 1168 1188 Reforma-

517 1201 617 1233 torum
632 1211 730 1245 super
747 1202 897 1238 fratribus
913 1205 1089 1241 Minoribus
1106 1207 1166 1242 Re-

516 1251 656 1287 formatis
666 1254 705 1287 de
715 1258 862 1291 strictiori
873 1258 1164 1301 ol;›servantia,376.

557 1306 709 1350 Sequitur
733 1313 878 1345 extensio
896 1315 1090 1347 auctoritatis
1109 1316 1165 1348 mi-

514 1361 604 1393 nistri
635 1363 794 1404 generalis
831 1365 869 1398 ad
909 1369 1162 1402 commissarium

513 1414 707 1457 generalem,
732 1417 772 1450 de
798 1429 858 1462 qua
876 1421 906 1452 in
927 1420 1054 1455 rubrica
1073 1431 1164 1466 prae-

513 1469 649 1511 cedenti,
677 1471 750 1505 378.

425 1520 509 1555 LXV.
536 1522 706 1558 Concessio
724 1526 761 1560 ad
780 1528 871 1562 Sedis
888 1529 1091 1573 Apostolicae
1110 1532 1164 1567 be-

513 1580 704 1621 neplacitum
721 1581 1007 1617 emolumentorum
1033 1594 1072 1619 ex
1099 1587 1164 1621 dis-

510 1632 750 1674 pensationibus
782 1637 1067 1672 matrimonialibus
1091 1650 1163 1683 pre-

512 1686 715 1728 venientium,
748 1687 786 1720 ad
820 1699 975 1724 summam
1005 1694 1157 1736 quingen-

512 1742 614 1772 torum
623 1743 783 1774 scutorum
794 1750 971 1777 annuorum
986 1746 1161 1780 ascenden-

512 1792 608 1835 tium,
648 1803 705 1837 pro
744 1794 956 1830 subventione
996 1798 1160 1842 hospitalis

510 1854 687 1889 pauperum
705 1848 902 1882 infirmorum
924 1854 955 1884 et
978 1854 1161 1896 peregrino-

511 1907 578 1931 rum
596 1898 743 1933 Italerum
762 1900 948 1945 Ulyxbonae
965 1913 1161 1940 commoran-

509 1952 597 1993 tium,
617 1953 690 1986 379.

419 2003 522 2038 LXVI.
548 2005 639 2046 Quod
665 2011 805 2042 rectores
832 2009 1042 2045 ecclesiarum
1068 2023 1157 2057 paro-

507 2059 658 2094 chialium
690 2062 850 2097 Indiarum
883 2063 1157 2110 Occidentalium,

507 2112 548 2146 ab
572 2115 612 2148 iis
637 2116 691 2159 qui
716 2117 747 2149 in
774 2117 920 2152 ecclesiis
950 2122 981 2153 ct
1012 2119 1158 2155 domibus

507 2164 638 2202 Ordinis
664 2169 795 2203 fratrum
820 2170 1032 2206 Eremltarum
1057 2177 1157 2210 sancti

506 2218 675 2261 Augustini
700 2222 906 2266 sepeliuntur,
925 2227 1077 2260 maiorem
1094 2237 1156 2262 non

506 2274 636 2317 exigant
668 2274 916 2320 eleemosynam,
948 2288 1043 2323 quam
1074 2289 1155 2323 eam,

506 2336 589 2370 quae
622 2336 639 2361 a
673 2327 813 2363 Concilio
846 2330 1031 2366 Tridentino
1063 2343 1155 2377 prae-

505 2379 656 2415 scribitur
672 2385 703 2416 et
718 2390 735 2415 a
752 2382 807 2416 Pio
825 2382 850 2416 V
867 2384 1056 2428 explicatur,
1081 2387 1155 2420 381.

417 2431 534 2467 LXVII.
545 2433 712 2469 Canonicis
722 2436 982 2480 metropolitanae
1000 2439 1155 2474 ecclesiae

503 2485 631 2521 Goanae
649 2486 765 2523 Officio
788 2494 916 2524 sanctae
937 2490 1155 2536 Inquisitionis

503 2539 639 2574 addictis
665 2544 825 2586 exemptio
851 2544 1037 2579 conceditur
1053 2555 1070 2579 a
1087 2555 1156 2580 ser-

505 2593 580 2626 vItio
615 2594 770 2628 ecclcsiae
800 2599 831 2630 et
860 2597 1018 2631 indultum
1052 2600 1156 2642 perci-

502 2645 611 2688 piendi
650 2646 891 2683 distributiones
931 2650 1153 2694 quotidianas,

969 304 997 326 BI
1011 305 1109 327 runnu
1123 306 1140 326 51
1180 307 1327 330 [IOMANL'M

1205 354 1340 388 LXVIII.
1358 354 1531 399 Suspensio
1541 359 1706 393 cuiusdam
1724 363 1831 396 statuti
1848 373 1943 408 super

1294 407 1449 443 eloctione
1474 411 1708 456 archicpiscopi
1725 413 1942 459 salisburgen-

1293 463 1336 495 sis
1369 471 1386 496 a
1418 464 1557 507 capitulo
1590 468 1620 499 et
1651 469 1814 502 canonicis
1838 468 1942 503 dictae

1293 514 1449 549 ecclesiae
1467 517 1549 558 sacti,
1569 518 1642 551 384.

1204 566 1311 601 LXIX.
1344 568 1494 604 Prohibet
1532 573 1700 615 quominus
1733 574 1941 610 ecclesiastici

1293 624 1382 665 regni
1407 622 1534 656 Siciliae
1560 623 1667 668 boves,
1682 635 1805 669 vaccas,
1824 628 1939 663 vitulos

1226 703 1237 711 ,
1288 683 1324 708 ac
1355 675 1415 709 alia
1441 677 1588 711 animalia
1613 687 1761 722 agrorum
1798 680 1940 716 culturae

1293 729 1380 764 utilia
1398 730 1553 772 occidant,
1575 733 1648 766 385.

1205 780 1295 814 LXX.
1322 781 1465 817 Facultas
1490 785 1645 819 cardinali
1661 785 1700 819 de
1717 786 1819 821 Ioiosa
1842 786 1941 822 absol·

1292 835 1388 869 vendi
1414 835 1538 877 ducem,
1563 842 1726 880 senatum,
1751 842 1940 884 statutarios,

1291 888 1497 931 consultores,
1523 894 1577 924 etc.
1604 900 1621 924 a
1646 894 1789 926 censuris
1813 902 1871 937 per
1887 904 1941 928 eos

1292 942 1439 984 incursis,
1456 953 1580 978 necnon
1598 945 1803 980 interdictum
1820 956 1838 980 a
1855 945 1940 982 dicta

1292 995 1421 1029 civitate
1439 997 1620 1039 amovendi,
1639 998 1711 1032 388.

1202 1045 1306 1080 LXXI.
1324 1046 1550 1083 Ordinationes
1567 1054 1598 1084 et
1610 1055 1728 1085 statuta
1744 1061 1840 1095 super
1855 1052 1939 1087 bono

1289 1102 1446 1144 regimine
1463 1102 1725 1146 (longi-egenonis
1738 1105 1938 1140 Cassinensis

1290 1155 1515 1189 monachorum
1542 1155 1673 1191 Ordinis
1706 1160 1806 1192 sancti
1837 1158 1939 1193 Bene-

1290 1207 1376 1249 dicti,
1398 1209 1471 1242 390⁴

1332 1261 1483 1306 Sequitur
1512 1263 1683 1297 declaratio
1708 1267 1738 1297 et
1763 1263 1938 1298 moderatio

1288 1314 1534 1356 praedictarum,
1560 1325 1597 1349 ac
1621 1316 1753 1350 abarum
1771 1316 1867 1351 editio
1889 1327 1938 1350 or-

1289 1367 1496 1410 dinationum,
1523 1369 1595 1402 395.

1200 1418 1321 1452 LXXII.
1348 1420 1528 1455 Mandatum
1546 1423 1696 1466 episcopo
1710 1422 1851 1457 Civitatis
1868 1423 1937 1458 Ple-

1287 1473 1335 1507 bis
1360 1476 1508 1518 capiendi
1539 1478 1776 1519 possessionem
1808 1479 1935 1511 nomine

1286 1528 1378 1562 Sedis
1396 1533 1427 1563 et
1442 1528 1594 1563 Gamerae
1611 1530 1813 1573 Apostolicae
1838 1533 1934 1565 castri

1287 1580 1397 1625 Campi
1422 1581 1548 1617 Orseoli
1573 1588 1642 1627 post
1665 1587 1798 1618 mortem
1815 1585 1935 1628 Scipio-

1285 1636 1334 1669 nis
1352 1635 1588 1679 I'iccolominei,
1606 1637 1678 1670 399.

1196 1688 1332 1722 LXXIII.
1350 1688 1551 1724 Confirmatio
1569 1690 1810 1734 privilegiorum
1829 1691 1934 1736 hospi-

1285 1742 1337 1776 tali
1368 1746 1579 1778 tercentorum
1601 1753 1769 1778 caecorum
1803 1745 1932 1779 Parisiis

1283 1799 1388 1829 erecto
1413 1806 1431 1829 a
1455 1797 1592 1831 Summis
1623 1797 1828 1831 Pontifichus
1851 1808 1933 1832 con-

1283 1858 1454 1891 cessorum,
1481 1850 1553 1884 400.

1194 1902 1329 1936 LXXIV.
1356 1902 1505 1937 Prohibet
1530 1906 1700 1949 quominus
1723 1905 1932 1940 ecclesiastici

1283 1958 1314 1991 in
1332 1956 1476 2000 partibus
1496 1957 1659 1992 Indiarum
1677 1956 1932 1993 Occidentalium

1281 2010 1436 2054 degentes
1447 2011 1582 2055 quodvis
1600 2011 1728 2045 illicitae
1743 2013 1932 2055 negociatio-

1282 2066 1330 2097 nis
1345 2073 1447 2107 genus
1465 2069 1645 2107 exerceant,
1664 2065 1737 2099 405.

1192 2116 1307 2150 LXXV.
1334 2117 1536 2152 Conlirmatio
1560 2118 1739 2153 donationis
1765 2118 1930 2153 cuiusdam

1281 2172 1378 2205 annui
1403 2171 1545 2205 redditus
1571 2173 1601 2205 in
1620 2175 1808 2215 perpetuum
1825 2171 1931 2216 hospi-

1280 2224 1332 2258 tali
1364 2226 1464 2259 sancti
1496 2226 1622 2259 Ioannis
1650 2225 1930 2269 Hierosolymitani

1280 2278 1379 2312 sactae
1405 2288 1462 2322 per
1486 2279 1643 2323 quondam
1665 2278 1862 2322 Stephanum
1887 2279 1928 2312 de

1279 2330 1468 2372 Claramont,
1501 2331 1677 2365 baiulivum
1709 2331 1837 2375 Caspis,
1871 2341 1927 2376 pro

1278 2386 1513 2419 constructione
1539 2386 1731 2428 trirequm,
1761 2386 1815 2430 qni
1844 2386 1930 2419 eius-

1277 2438 1351 2472 dem
1385 2438 1549 2483 hospitalis
1585 2438 1738 2473 militibus
1771 2439 1927 2481 serviant,

1280 2492 1351 2526 406.

1188 2545 1322 2579 LXXVI.
1333 2544 1520 2579 Commissio
1531 2547 1647 2579 nuncio
1657 2541 1829 2589 apostolico
1842 2544 1926 2589 apud

1278 2607 1387 2642 regem
1412 2598 1637 2642 Hispaniarum
1663 2602 1697 2632 ut
1721 2597 1819 2639 illum,
1845 2601 1924 2631 tam-

1278 2661 1373 2696 quam
1412 2656 1600 2696 perpetuum
1639 2651 1927 2685 administratorem

1221 2723 1226 2727 ·
1277 2709 1308 2740 et
1330 2707 1516 2750 magistrum
1540 2705 1669 2740 Militiae
1701 2704 1740 2739 de
1773 2703 1926 2740 Montesia
