2227 3241
33 232 81 258 An.
98 228 125 256 C.
149 227 216 255 1604

839 222 985 246 CLEMENS
1006 222 1063 246 VIII
1085 223 1122 246 PP
1129 240 1134 246 .

229 273 444 320 septuaginta,
469 283 505 307 ac
525 272 627 306 sancti
647 271 781 314 Benigni
800 271 839 304 de
861 270 968 304 Cuneo
1004 281 1075 303 rum
1089 270 1265 314 respective
1277 270 1375 304 etiam
1387 268 1636 315 quinquaginta¹
1650 270 1747 303 duca-

230 329 320 362 cuius
337 327 513 370 sexaginta,
530 332 561 360 et
578 326 679 360 sancti
692 325 787 359 Marci
802 325 841 358 de
854 323 967 358 Clave-
1007 330 1111 357 torum
1123 324 1133 341 ἵ
1146 325 1216 357 auri
1237 325 1276 358 de
1296 325 1428 358 Camera
1448 324 1580 365 fructus,
1602 324 1746 358 redditus

229 382 276 416 sio
286 381 295 398 ¹
309 380 559 426 Iporregiensis⁹
577 387 607 414 et
619 379 829 413 Vercellensis
845 379 971 413 dioece-

229 445 307 468 seon
317 435 327 451 ³
341 435 517 479 respective
531 435 621 467 cuius
634 433 807 475 sexaginta,
820 443 856 466 ac
869 432 970 465 sancti

230 488 370 523 Secundi
394 489 434 522 de
458 488 558 521 Turre
586 487 687 521 rubea
713 486 854 520 Astensis
882 485 972 519 cuius

230 541 475 586 quinquaginta,
499 551 625 575 necnon
645 547 775 574 sanctae
796 539 913 573 Mariae
933 539 972 573 de

230 595 334 640 Neyve
354 595 500 629 Albensis
525 594 616 628 cuius
636 599 764 627 centum
791 599 822 627 et
846 593 969 634 decem,

230 652 262 679 et
275 646 418 680 eiusdem
439 651 569 680 sanctae
581 645 698 679 Mariae
718 645 757 678 de
770 644 874 687 Virgis
891 654 974 677 nun-

231 705 368 744 cupatae
381 700 473 733 cuius
485 700 659 742 sexaginta,
673 705 703 732 et
715 698 816 733 sancti
830 698 973 732 Gervasii

232 753 271 787 de
291 753 445 797 Hospello
457 753 477 796 ⁴,
496 764 533 787 ac
558 753 597 786 de
610 752 787 792 Gordolon,
806 751 884 785 alias
897 752 974 785 Lan-

232 812 336 847 tosca,
360 806 452 840 cuius
472 812 598 840 centem
627 811 659 840 et
683 806 817 846 decem,
845 816 971 839 necnon

231 860 453 894 sanctissimae
465 860 629 893 Trinitatis
643 860 682 893 de
695 860 804 893 Tenda
824 859 972 892 vintimi-

233 914 340 948 liensis
354 914 444 948 cuius
464 914 643 957 sexaginta,
672 920 703 947 et
722 913 823 947 sancti
844 913 973 947 Antonii

233 968 273 1001 de
286 966 439 1001 Chirasco
451 966 461 983 ⁵
477 967 683 1000 Taurinensis
701 967 793 1000 cuius
813 967 974 1011 quinqua-

232 1020 331 1063 ginta,
345 1020 500 1062 ecclesiis,
510 1031 567 1054 seu
579 1020 721 1065 capellis,
731 1020 974 1064 praeposituris,

233 1079 287 1107 aut
304 1074 382 1107 alias
398 1074 607 1118 nuncupatis;
624 1084 749 1107 necnon
765 1074 797 1106 in
815 1073 874 1107 de⁰
886 1074 974 1107 Allos

233 1127 370 1161 vicariae
395 1128 647 1162 Barcellonettae
661 1128 752 1162 cuius
763 1128 783 1169 ⁷,
812 1134 843 1161 et
866 1139 923 1162 seu
943 1139 975 1161 e-

233 1180 359 1215 iusdem
377 1181 525 1222 vicariae,
547 1181 624 1215 alias
643 1182 681 1215 de
699 1182 810 1222 Molar,
831 1182 975 1216 Ebredu-

233 1234 342 1268 nensis
371 1234 462 1267 cuius
493 1240 623 1268 centum
654 1241 686 1268 et
715 1235 826 1268 decern
844 1262 851 1276 ,
874 1241 905 1268 et
936 1235 974 1269 de

234 1287 370 1321 Lemens
396 1298 494 1332 supra
516 1288 759 1322 Camberiacum
783 1288 976 1332 Granopoli-

237 1341 395 1374 tanensis⁸
419 1352 456 1374 ac
476 1341 516 1375 de
540 1341 677 1375 Allonda
698 1341 788 1374 cuius
809 1341 972 1385 quinqua-

235 1393 334 1436 ginta,
358 1404 484 1427 necnon
503 1394 542 1427 de
559 1394 662 1437 Ugina
681 1395 976 1428 Tharentasiensis⁹

235 1447 326 1480 cuius
345 1446 594 1491 quinquaginta,
615 1453 646 1481 et
661 1453 790 1480 sanctae
803 1448 920 1481 Mariae
937 1448 976 1482 de

236 1501 347 1534 Evion.
374 1500 607 1542 Gebennensis,
632 1511 687 1534 seu
713 1501 858 1541 alterius,
886 1501 977 1535 cuius

236 1553 483 1597 quinquaginta,
510 1564 546 1586 ac
569 1559 700 1587 sanctae
721 1554 862 1587 Helenae
883 1554 974 1587 loco-

238 1618 322 1647 rum,
341 1617 398 1641 seu
419 1607 628 1653 oppidorum,
642 1608 690 1641 vel
710 1614 868 1641 terrarum
889 1609 977 1652 prio-

237 1661 361 1694 ratibus
374 1661 475 1694 sancti
486 1661 727 1701 Benedicti,seu
739 1661 879 1694 aliorum
891 1661 978 1695 Ordi-

238 1725 327 1754 num,
337 1714 577 1755 Maurianensis,
588 1715 780 1748 dioeceseon
792 1715 980 1759 respective,

238 1767 329 1801 cuius
349 1768 556 1810 ultimodicti,
584 1774 615 1801 et
633 1768 695 1801 illis
714 1769 820 1802 forsan
838 1779 979 1802 annexo-

274 1875 286 1902 1
310 1875 388 1902 Ball.
405 1874 469 1902 Ord.
487 1875 532 1902 cit.
548 1875 611 1911 tegit
630 1876 664 1902 de
685 1875 816 1903 Clavasio
835 1876 874 1910 (a.
891 1877 938 1909 Τ.).

273 1920 290 1947 2
311 1920 348 1947 ld.
366 1920 450 1948 habet
464 1921 679 1956 Ipporeyiensis
693 1921 751 1949 loeo
772 1921 981 1956 Eporecliensis

239 1961 276 1996 (a.
292 1961 341 1996 r).

275 2005 291 2032 3
311 2005 382 2032 Edit.
403 2005 482 2033 Main.
504 2005 586 2033 babet
600 2006 713 2034 dioeces.
731 2006 893 2039 breviatum,
911 2007 980 2033 Bul-

240 2046 351 2073 larium
367 2046 431 2073 Ord.
449 2046 578 2081 praedicti
595 2046 689 2073 scribit
704 2047 843 2080 dioecesis,
859 2047 906 2073 sed
924 2055 980 2074 me-

240 2086 292 2113 lius
312 2086 411 2121 legitur
426 2087 590 2114 dioeceseon
607 2087 674 2113 sicut
690 2087 768 2122 paulo
785 2091 845 2122 post
860 2092 897 2122 tn.
914 2088 962 2121 r).

277 2131 292 2157 4
313 2130 350 2157 td.
373 2130 455 2157 habet
474 2131 505 2158 de
525 2131 652 2165 Sospello
665 2131 701 2166 (a.
718 2133 766 2163 τ.).

276 2175 293 2202 5
313 2174 351 2201 ld.
373 2174 436 2210 legit
456 2175 489 2201 de
506 2175 645 2202 Cherasco
665 2178 702 2207 (R.
719 2176 767 2207 τ.).
916 2203 920 2206 ,

276 2220 293 2245 6
313 2219 379 2245 Tum
402 2219 466 2246 edit.
493 2219 572 2246 Main.
594 2223 649 2246 tum
675 2220 753 2246 Bull.
779 2220 842 2246 Ord.
869 2220 981 2255 praecit.

242 2259 334 2295 legunt
356 2260 424 2287 inde
447 2260 544 2294 Allos,
561 2261 608 2287 sed
624 2269 746 2294 erronee,
768 2265 797 2287 ut
817 2265 898 2296 puto,
922 2270 982 2288 nam

242 2308 338 2327 sensus
357 2304 413 2327 est:
434 2309 545 2327 necnon
561 2301 592 2328 in
606 2301 639 2327 de
654 2301 743 2332 Altos,
759 2302 792 2328 cle
807 2302 936 2336 Lemens,
958 2307 984 2329 et

242 2341 354 2376 reliquis
378 2341 423 2376 qui
450 2344 543 2377 postea
567 2344 780 2374 enumerantur,
803 2342 984 2376 prioratibus

243 2382 346 2415 (usin).

279 2426 293 2453 7
309 2426 350 2452 Sic
365 2426 464 2462 legitur
479 2430 534 2453 tum
549 2426 619 2461 apud
635 2426 713 2453 Main.
726 2430 781 2452 tum
793 2426 818 2452 in
832 2427 906 2453 Ball.
920 2426 983 2454 Ord.

244 2465 391 2501 praedicti;
408 2474 441 2493 an
456 2466 585 2494 mendum
600 2466 708 2501 aliquod
724 2466 874 2502 irrepserit,
886 2466 985 2494 iudicet

245 2505 364 2540 prudens
383 2506 467 2534 lector
483 2507 520 2542 (a.
537 2507 586 2542 Τ.).

280 2550 296 2576 8
315 2549 392 2578 Bull.
412 2550 476 2577 Ord.
498 2551 628 2586 praedicti
650 2550 714 2585 legit
735 2551 984 2585 Gralionopolila-

244 2590 341 2616 nensis
360 2592 397 2621 (n.
418 2591 466 2625 τ.).

280 2634 295 2659 9
316 2633 354 2660 Id.
372 2634 448 2661 Ruti.
468 2635 547 2662 habet
568 2635 804 2663 Τ(ιιίιη(ι(.κί”ν>ιςιἏ7
822 2639 856 2660 tu.
875 2641 922 2669 T„

1005 383 1033 411 et
1052 385 1238 422 proventus,
1262 379 1441 412 secundum
1463 388 1669 412 communem
1696 389 1748 411 ae-

1005 432 1236 473 stimationem,
1254 433 1396 466 valorem
1414 443 1557 466 annuum
1575 442 1641 465 non
1659 442 1748 465 exce-

1007 485 1097 525 dunt,
1114 491 1149 518 ut
1161 485 1246 518 idem
1258 486 1394 519 -Carolus
1411 486 1602 519 Emmanuel
1620 486 1683 519 dux
1701 496 1749 519 as-

1006 538 1095 578 serit,
1116 549 1190 572 cum
1210 539 1353 582 primum
1372 550 1429 583 per
1449 549 1574 573 cessum
1596 539 1692 572 etiam
1713 549 1748 572 ex

1007 595 1103 626 causa
1128 593 1387 636 permutationis,
1415 595 1463 627 vel
1489 594 1672 634 decessum,
1694 604 1750 627 seu

1007 646 1154 690 quamvis
1174 646 1270 680 aliam
1289 647 1513 680 dimissionem
1531 647 1578 680 vel
1605 647 1751 680 amissio-

1007 710 1081 733 nem
1103 699 1172 733 illas
1193 705 1223 732 et
1241 700 1313 733 illos
1339 700 1555 734 obtinentium
1569 728 1576 741 ,
1597 706 1652 734 aut
1672 701 1750 734 alias

1008 753 1173 797 quibusvis
1188 753 1304 794 modis,
1322 753 1371 786 et³
1384 754 1528 797 ipsorum
1547 754 1751 798 prioratuum

1008 806 1210 840 commendis
1231 807 1442 847 cessantibus,
1470 817 1582 840 vacare
1604 807 1749 850 contige-

1007 860 1061 900 rit,
1085 860 1229 901 nomina,
1246 860 1330 893 tituli
1349 866 1377 893 et
1401 860 1682 894 denominationes
1700 871 1752 894 ec-

1008 914 1180 947 clesiarum
1196 942 1203 955 ,
1227 925 1283 947 seu
1305 915 1502 958 capellarum
1516 942 1523 955 ,
1553 925 1590 948 ac
1619 914 1750 958 priora-

1008 973 1098 1001 tuum
1117 967 1316 1008 huiusmodi,
1337 978 1464 1002 necnon
1485 968 1516 1000 in
1539 968 1614 1011 ipsis
1631 968 1754 1011 priora—

1009 1022 1104 1060 tibus,
1117 1032 1297 1066 eorumque
1309 1022 1461 1063 ecclesiis,
1473 1021 1641 1062 aedificiis,
1657 1033 1754 1055 mem-

1008 1076 1075 1109 bris
1096 1081 1126 1109 et
1147 1075 1351 1120 pertinentiis
1371 1075 1631 1119 quibuscumque
1651 1075 1752 1108 sancti

1009 1129 1185 1169 Benedicti,
1209 1129 1260 1162 et⁴
1287 1140 1343 1162 seu
1372 1128 1425 1161 alii
1448 1128 1582 1162 Ordines
1612 1139 1751 1172 quorum

1009 1183 1159 1223 existunt,
1183 1182 1288 1215 omnis
1306 1187 1417 1222 status,
1441 1188 1576 1222 natura,
1600 1182 1749 1221 essentia,

1009 1242 1041 1270 et
1061 1236 1296 1279 dependentia³
1315 1235 1480 1278 regulares
1500 1240 1659 1278 perpetuo
1679 1245 1755 1278 sup-

1009 1289 1231 1333 primerentur
1251 1295 1282 1322 et
1298 1288 1576 1331 extinguerentur,
1600 1299 1636 1321 ac
1657 1288 1756 1321 eccle-

1009 1343 1086 1384 siae,
1099 1353 1155 1376 seu
1172 1343 1325 1386 capellae,
1343 1348 1373 1375 et
1385 1342 1548 1386 prioratus
1567 1341 1755 1375 huiusmodi

1010 1396 1056 1429 sic
1075 1396 1241 1440 suppressi
1262 1396 1344 1439 (sine
1365 1401 1473 1428 tamen
1492 1395 1563 1428 illos
1581 1401 1612 1428 et
1629 1395 1699 1427 illas
1716 1395 1756 1427 ad

1010 1459 1162 1493 praesens
1176 1449 1423 1492 quomodolibet
1434 1448 1650 1482 obtinentium
1664 1458 1757 1492 prae-

1011 1502 1145 1545 iudicio)
1160 1513 1196 1535 ex
1210 1512 1307 1543 nunc,
1324 1507 1421 1546 prout
1441 1512 1477 1534 ex
1499 1507 1586 1542 tunc,
1603 1506 1631 1534 et
1647 1511 1663 1533 e
1681 1511 1757 1534 con-

1012 1561 1071 1596 tra,
1086 1556 1116 1588 in
1133 1556 1266 1589 totidem
1288 1555 1531 1599 praeceptorias
1546 1555 1651 1588 dictae
1672 1554 1756 1587 mili-

1012 1610 1085 1650 tiae,
1115 1610 1155 1642 ad
1184 1609 1320 1642 aliarum
1344 1609 1428 1641 illius
1458 1607 1755 1653 praeceptoriarum

1013 1662 1112 1695 instar
1133 1662 1195 1705 (de
1215 1661 1334 1706 quibus
1355 1667 1418 1694 tam
1448 1661 1508 1694 bac
1538 1661 1644 1705 prima
1663 1661 1731 1694 vice
1746 1688 1753 1700 ,

1012 1726 1109 1759 quam
1132 1715 1297 1759 deinceps,
1323 1715 1451 1748 illarum
1473 1714 1640 1748 vacatione
1660 1714 1754 1748 etiam

1013 1768 1097 1812 apud
1120 1769 1238 1802 dictam
1256 1768 1371 1802 Scdem
1393 1773 1597 1809 occurrente,
1620 1778 1678 1811 per
1699 1777 1757 1810 pro

1049 1876 1060 1902 1
1078 1875 1119 1902 Sic
1136 1874 1200 1910 legit
1215 1874 1294 1902 Bull.
1309 1874 1371 1901 Ord.
1387 1874 1510 1910 praecii„
1528 1873 1647 1909 profecto
1663 1873 1758 1900 melius

1014 1928 1093 1955 quain
1110 1920 1176 1946 edit.
1188 1919 1267 1946 Main.
1279 1927 1349 1955 quae
1365 1919 1455 1946 habet:
1473 1919 1555 1945 cuius
1570 1918 1757 1950 ultimodz'cti,

1014 1965 1075 1992 illis
1089 1967 1189 1999 forsan
1205 1973 1312 1992 aunem.
1326 1964 1491 1999 respective,
1504 1967 1529 1991 ec
1540 1963 1758 1998 quinquaqinta

1014 2010 1199 2042 ducalmurm
1216 2009 1293 2036 cuius
1308 2008 1430 2035 lectionis
1445 2016 1555 2034 sensum
1569 2007 1691 2034 divinare
1707 2007 1760 2034 sor-

1016 2058 1086 2081 tasse
1109 2062 1162 2081 non
1185 2057 1235 2080 est.
1253 2053 1396 2080 Caeterum
1412 2053 1493 2080 etiam
1517 2052 1590 2087 prior
1612 2052 1658 2079 illa
1681 2052 1759 2078 lectio

1015 2099 1106 2126 forsan
1130 2102 1192 2132 eget
1216 2098 1304 2133 aliqua
1330 2098 1530 2131 emendatione,
1555 2100 1584 2123 ut
1606 2097 1711 2130 legatur
1734 2099 1759 2123 et

1016 2145 1063 2171 illi
1086 2145 1201 2178 (nempe
1222 2143 1280 2170 loco
1298 2143 1337 2169 vel
1356 2142 1485 2178 prioratui
1508 2145 1617 2168 sanctae
1641 2141 1760 2167 Helenae

1016 2189 1109 2215 ultimo
1124 2187 1209 2222 dicto)
1225 2195 1273 2222 pro
1289 2190 1316 2214 el
1331 2188 1400 2215 ictis.
1418 2187 1503 2213 Huius
1519 2189 1658 2213 contextus
1678 2185 1760 2220 expli-

1016 2234 1149 2260 cationem
1170 2233 1294 2267 require,
1321 2232 1342 2259 si
1365 2232 1449 2265 lubet,
1477 2240 1524 2266 per
1544 2231 1625 2257 alium
1645 2230 1759 2256 similem

1016 2277 1062 2312 qui
1082 2277 1151 2303 infra
1171 2276 1269 2311 legitur
1284 2284 1344 2311 pag.
1361 2276 1396 2303 93
1410 2276 1448 2311 (a.
1465 2276 1513 2309 T.).

1051 2323 1068 2349 2
1089 2322 1145 2349 Huc
1161 2322 1270 2349 tandem
1286 2322 1442 2348 reseruntur
1457 2330 1552 2348 omncs
1566 2319 1690 2347 adiectiii
1711 2328 1758 2346 nu-

1019 2368 1133 2394 merales
1157 2366 1287 2394 antedicti
1313 2366 1347 2393 ab
1373 2366 1447 2393 initio
1472 2365 1577 2401 periodi
1606 2365 1639 2392 Si
1665 2365 1760 2399 iyz'lur

1017 2414 1054 2447 (a.
1067 2413 1117 2446 τ.).

1053 2456 1069 2483 3
1090 2456 1164 2483 Bull.
1187 2455 1253 2482 Ord.
1276 2455 1388 2491 praecit.
1410 2455 1492 2481 habet
1512 2455 1601 2481 etiam
1617 2456 1657 2486 (n.
1675 2455 1723 2482 TA.

1054 2500 1070 2526 4
1086 2499 1123 2526 ld.
1141 2499 1239 2527 omittit
1255 2500 1348 2534 partic.
1361 2502 1399 2526 et:
1414 2499 1526 2525 sortasse
1542 2497 1695 2531 legendum:
1712 2505 1762 2524 seu

1019 2545 1146 2572 aliorum
1168 2544 1331 2576 Ordinum,·
1353 2543 1393 2570 vel
1414 2542 1635 2577 intelligendum:
1662 2546 1688 2568 ct
1711 2550 1761 2569 seu

1019 2589 1075 2616 aliz·
1091 2588 1144 2615 sint
1160 2588 1286 2616 Ordines
1302 2595 1427 2622 quorum
1444 2587 1573 2614 existunt
1588 2589 1626 2620 (n.
1640 2588 1688 2619 r).

1058 2633 1074 2657 ι’)
1094 2633 1132 2660 Id.
1150 2633 1215 2668 legit
1230 2632 1450 2667 dependenticw,
1465 2630 1510 2658 sol
1529 2638 1640 2658 erronee
1655 2631 1693 2664 (n.
1712 2636 1758 2664 ry.

1672 210 1714 244 83
1761 220 1810 248 An.
1831 220 1859 248 c.
1878 220 1946 250 1604

1787 547 1836 567 Cum
1846 547 1934 573 primuni

1774 574 1934 603 quomodolibet

1775 603 1903 626 tat-aierunt,
