2227 3241
253 278 343 307 Aac.
365 279 434 307 1605
480 269 544 304 266

452 328 601 362 omnibus
626 332 656 360 et
679 327 835 370 singulis,
863 337 946 371 quae
971 327 1003 360 in
1027 328 1190 372 prioribus

451 381 569 414 nostris
593 380 706 413 litteris
730 380 890 414 voluimus
910 391 974 414 non
997 381 1137 422 obstare,
1160 388 1191 416 et

452 434 616 478 quibusvis
641 433 826 477 privilegiis,
851 434 1112 468 concessionibus
1137 435 1187 468 in-

451 487 548 519 dultis
569 497 605 519 ac
623 486 737 519 litteris
757 487 951 530 apostolicis,
970 487 1065 520 etiam
1087 495 1187 529 motu,

451 540 582 574 scientia
607 546 638 573 ct
665 546 825 584 'potestate
854 541 1034 583 similibus,
1062 547 1094 576 et
1118 553 1190 575 cuin

451 593 616 638 quibusvis
633 594 784 627 clausulis
802 601 833 627 et
851 595 998 635 decretis,
1014 596 1109 629 etiam
1125 596 1193 628 irri-

452 648 594 681 tantibus
611 658 646 681 ac
664 648 946 690 derogatoriarum
966 649 1188 692 derogatoriis‚

450 701 731 745 posterioremque
745 702 852 734 datam
875 703 1138 743 concedentibus,
1156 714 1192 736 ac

451 754 529 788 alias
554 755 800 800 quomodolibet
824 756 988 800 quibusvis
1020 756 1189 797 concessis,

451 808 542 842 sactis
563 814 593 842 et
610 809 778 850 emanans,
802 815 832 843 et
855 810 976 854 pluries
1002 810 1096 844 etiam
1118 820 1193 843 eon-

450 862 609 903 firmatis,
637 863 825 907 approbatis
850 869 881 897 et
910 864 1087 905 innovatis,
1115 864 1189 909 qui-

450 917 521 958 bus,
531 921 597 958 etc„
612 917 747 958 etiamsi,
759 918 965 959 etc.‚i110rum
980 923 1194 961 tenoi·es‚ctc.‚

451 970 634 1014 specialiter
661 976 692 1004 et
716 982 863 1015 expresse
889 972 1093 1015 derogamus,
1121 983 1193 1006 cae-

452 1024 594 1068 terisque
618 1024 789 1058 contrariis
814 1025 1082 1070 quibuscumque.

267 1082 317 1104 Sola
328 1083 438 1109 signatura
498 1077 513 1121 §
529 1077 559 1110 4.
579 1078 728 1111 Volentes
746 1089 875 1123 quoque
895 1080 1073 1124 praesentis
1091 1081 1192 1114 solam

253 1109 337 1130 summ
453 1130 651 1173 signaturam
677 1132 826 1165 sufficere
858 1133 954 1165 etiam
986 1133 1107 1177 absque
1133 1133 1193 1167 alia

453 1184 527 1217 data
552 1190 582 1217 et
606 1185 828 1228 registratura,
855 1186 967 1228 regula
988 1197 1193 1230 quacumque

454 1235 616 1269 contraria
639 1236 760 1280 pariter
784 1247 849 1269 non
875 1237 1030 1270 obstante.

254 1296 437 1344 dfffieffllisdan-
498 1291 514 1331 g
540 1288 569 1322 6.
598 1289 635 1322 Et
666 1289 752 1323 illius
778 1291 997 1334 transumptis,
1017 1290 1111 1324 etiam
1134 1290 1193 1323 im-

452 1342 582 1386 pressis,
600 1348 631 1375 et
648 1342 752 1386 sigillo
771 1343 906 1377 alicuius
927 1344 957 1376 in
977 1345 1130 1386 dignitate
1148 1355 1194 1378 ec-

453 1396 630 1429 clesiastica
655 1396 844 1437 constituti²‚
866 1397 1053 1441 publicique
1075 1398 1192 1431 notarii

454 1461 551 1483 manu
576 1451 782 1494 subscriptis,
808 1452 937 1495 plenam
963 1452 994 1484 in
1018 1452 1138 1485 iudicio
1164 1458 1193 1486 et

455 1510 541 1537 extra
566 1504 662 1537 fidem
688 1505 847 1537 adbiberi.

288 1561 327 1582 ΡΡ-
343 1561 439 1583 Subscri-
499 1558 615 1599 Placet,
644 1565 733 1591 motu
759 1559 893 1603 proprio
917 1559 967 1592 0³.

255 1590 307 1614 ptio.

777 1711 867 1745 XXV.

452 1791 609 1824 Facultas
620 1793 763 1836 episcopo
782 1793 1047 1826 Wratislam‘ensi
1060 1795 1194 1837 canendi

496 1855 556 1883 em,
580 1846 640 1888 qui
659 1856 698 1878 ex
710 1846 833 1878 decreto
852 1846 992 1880 Concilii
1007 1848 1194 1880 Tridentini

497 1903 647 1931 tenentur
676 1900 718 1931 ast
748 1900 943 1932 solutionem
973 1900 1194 1934 subsidiorum

493 1961 554 1994 pro
578 1952 734 1985 erectione
758 1954 932 1986 seminarii
951 1954 1158 1987 dioecesani?

473 2032 644 2060 Venerabili
663 2033 752 2060 fratri
772 2034 910 2068 episcopo
930 2034 1174 2063 Wratislaviensi

690 2078 802 2105 Paulus
824 2080 901 2112 Papa
920 2080 952 2106 V.

670 2132 855 2159 Venerabilis
870 2133 976 2168 frater,

500 2177 630 2204 salutem
645 2180 676 2205 et
690 2179 885 2211 apostolicam
899 2180 1148 2209 benedictionem.

501 2249 517 2290 ξ
537 2247 565 2281 1.
587 2248 674 2288 Cum,
699 2249 781 2282 sicut
802 2250 995 2294 accepimus,
1019 2253 1195 2287 nonnullae

455 2311 612 2344 personae
638 2302 870 2337 ecclesiasticae
901 2309 972 2337 tuae
1004 2305 1140 2339 civitatis
1165 2312 1195 2340 et

456 2353 612 2387 dioecesis
631 2355 901 2390 Wratislaviensis
923 2358 1097 2392 seminario
1117 2369 1194 2403 pue-

455 2417 566 2440 rorum
592 2408 808 2449 ecclesiastico
834 2409 865 2442 in
890 2410 974 2444 dicta
1000 2411 1126 2446 civitate
1147 2413 1194 2446 iu-

300 2266 398 2287 Facultas
415 2267 441 2295 de

257 2299 299 2320 qua
314 2294 333 2314 in
347 2294 439 2315 rubrica.

491 2506 500 2531 t
525 2505 626 2541 Supple
642 2505 674 2532 de
691 2514 763 2533 more
779 2507 857 2534 solito
873 2516 963 2534 vocem
976 2510 1099 2537 munitis
1116 2511 1191 2546 (nst).

490 2549 506 2575 2
527 2550 562 2576 lix
588 2550 652 2577 edit.
681 2551 797 2578 Cherub.
815 2551 931 2580 habetur
944 2554 1015 2589 quod
1031 2556 1128 2582 cedula
1147 2565 1194 2583 su-

455 2593 577 2628 pradicta
593 2595 728 2629 publicata
743 2595 792 2622 suit
807 2597 851 2623 die
862 2597 896 2624 26
911 2598 1016 2632 augusti
1035 2599 1112 2633 1605,
1129 2609 1195 2635 pon-

457 2637 496 2663 tif.
518 2640 651 2673 an.11(1‹.
669 2640 715 2673 Τ.>.

492 2681 508 2708 3
523 2681 560 2708 Ex
577 2681 683 2718 Regest.
701 2684 726 2710 in
743 2684 843 2712 Secret.
866 2684 998 2713 Brevium.

1033 280 1216 305 BULLARIUM
1237 281 1390 306 ROMANUM

1222 334 1274 362 xta
1298 328 1431 363 Concilii
1455 328 1632 363 Tridentini
1657 330 1787 365 decreta
1815 331 1962 366 instituto

1223 383 1529 424 subventionem,ex
1543 384 1732 417 eorumdem
1753 385 1885 419 Concilii
1906 387 1962 420 de·

1224 440 1385 467 eretorum
1421 435 1622 479 praescripto
1657 436 1811 477 debitam,
1837 437 1960 471 contri-

1225 487 1323 520 buere
1349 493 1509 528 recusent,
1538 498 1607 528 nos,
1635 488 1779 522 eiusdem
1799 489 1963 524 seminarii

1226 540 1427 574 indemnitati
1447 541 1634 585 prospicere
1652 542 1828 586 cupientes,
1849 544 1964 577 frater-

1225 594 1316 627 nitati
1344 600 1415 627 tuae
1439 605 1498 638 per
1520 601 1706 638 praesentes
1734 596 1966 630 committimus

1226 652 1257 680 et
1272 647 1474 687 mandamus,
1491 657 1528 680 ac
1544 648 1674 691 plenam
1691 654 1722 682 et
1739 649 1878 693 amplam
1894 660 1966 694 apo-

1225 699 1337 733 stolica
1351 700 1539 734 auctoritate
1553 701 1735 735 facultatem
1748 702 1967 745 concedimus,

1226 759 1261 786 ut
1280 763 1393 786 omnes
1414 758 1444 786 et
1468 753 1610 796 singulas
1629 765 1785 799 personas
1809 755 1963 789 ecclesia-

1226 806 1331 847 sucas,
1353 812 1416 840 tarn
1434 807 1615 841 saeculares
1640 819 1735 852 quam
1757 807 1894 843 cuiusvis
1910 808 1967 843 Or—

1227 860 1310 894 dinis
1328 866 1359 894 et
1378 861 1514 894 instituti
1535 861 1710 904 regulares,
1734 861 1967 907 cuiuscumque

1226 920 1348 955 status,
1376 907 1517 957 gradtis,
1546 914 1710 958 qualitatis
1739 920 1769 948 et
1803 915 1967 959 dignitatis

1228 968 1356 1009 suerint,
1380 980 1463 1013 quac
1488 969 1527 1002 ad
1553 968 1739 1002 huiusmodi
1762 969 1969 1003 contributio-

1227 1032 1300 1055 nem
1323 1022 1408 1055 dicto
1433 1021 1608 1055 seminario
1628 1022 1807 1055 faciendam
1829 1033 1867 1056 ex
1886 1022 1969 1056 eius-

1226 1076 1300 1108 dem
1321 1075 1454 1108 Concilii
1476 1076 1679 1109 decretorum
1702 1075 1907 1110 ordinatione
1925 1082 1969 1110 te-

1227 1134 1355 1170 nentur,
1383 1129 1423 1162 ad
1448 1130 1594 1163 eamdem
1621 1129 1894 1163 contributionem
1924 1130 1969 1163 sa—

1227 1182 1386 1223 ciendam‚
1416 1183 1511 1216 etiam
1536 1194 1595 1227 per
1619 1193 1770 1216 censuras
1795 1189 1826 1217 et
1848 1194 1987 1228 poenas-

1228 1235 1469 1277 ecclesiasticas,
1491 1237 1618 1280 aliaque
1635 1241 1821 1281 opportuna
1841 1236 1919 1270 iuris
1939 1243 1971 1272 et

1229 1290 1301 1323 sacti
1331 1290 1496 1331 remedia,
1535 1290 1619 1324 dicta
1643 1290 1834 1324 auctoritate
1859 1293 1969 1325 nostra

1227 1343 1403 1387 apostolica
1429 1354 1523 1386 cogas
1548 1348 1580 1377 et
1603 1344 1788 1388 compellas.

1272 1398 1288 1439 g
1314 1396 1343 1429 Ξ).
1372 1397 1439 1430 Non
1466 1397 1668 1430 obstantibus
1693 1397 1857 1441 quibusvis
1890 1409 1966 1432 con-

1226 1450 1448 1484 stitutionibus
1473 1456 1504 1484 et
1531 1450 1790 1484 ordinationibus
1814 1452 1967 1496 apostoli-

1227 1503 1282 1544 cis,
1315 1514 1351 1537 ac
1379 1503 1566 1547 quarumvis
1595 1504 1824 1546 ecclesiarum,
1856 1515 1968 1539 mona-

1227 1557 1398 1590 steriorum
1426 1563 1457 1590 et
1481 1556 1642 1592 Ordinum
1664 1568 1964 1603 quorumcumque,

1227 1610 1322 1642 etiam
1348 1610 1542 1650 iuramento,
1570 1610 1817 1644 confirmatione
1841 1617 1968 1656 aposto-

1227 1662 1298 1703 liea,
1323 1663 1370 1695 vel
1395 1663 1506 1707 quavis
1531 1663 1683 1696 firmitate
1708 1663 1770 1697 alia
1794 1664 1964 1707 roboratis,

1226 1715 1351 1749 statutis
1387 1722 1418 1749 et
1448 1717 1757 1759 consuetudinibus,
1792 1717 1968 1761 privilegiis

1227 1780 1368 1813 quoque,
1392 1769 1525 1803 indultis
1546 1776 1576 1803 et
1596 1770 1710 1804 litteris
1731 1771 1915 1815 apostolicis
1935 1772 1968 1805 in

1227 1822 1424 1856 contrarium
1450 1824 1702 1867 praemissorum
1725 1825 1969 1869 quomodolibet

1227 1876 1395 1919 concessis,
1415 1877 1614 1911 confirmatis
1633 1883 1662 1911 et
1679 1879 1881 1923 approbatis;
1902 1879 1969 1923 qui-

1228 1930 1286 1963 bus
1307 1930 1457 1963 omnibus
1479 1936 1508 1964 et
1529 1931 1674 1974 singulis,
1706 1943 1817 1965 eorum
1841 1938 1968 1966 tenores

1226 1984 1451 2028 praesentibus
1471 1996 1532 2029 pro
1545 1985 1701 2029 expressis
1721 1986 1886 2028 habentes,
1907 1986 1967 2021 hac

1226 2038 1294 2071 vice
1316 2039 1480 2072 dumtaxat
1499 2039 1680 2083 specialiter
1700 2046 1731 2073 et
1750 2051 1897 2084 expresse
1917 2041 1969 2074 de-

1227 2103 1390 2135 rogamus,
1415 2093 1615 2138 caeterisque
1640 2093 1810 2128 contrariis
1835 2094 1967 2139 quibus-

1228 2157 1377 2191 cumque.

1271 2201 1384 2234 Datum
1409 2201 1530 2234 Romae
1557 2201 1643 2245 apud
1670 2207 1815 2236 sanctum
1837 2201 1966 2237 Petrum

1227 2254 1286 2288 sub
1314 2255 1433 2288 annulo
1459 2255 1630 2289 Piscatoris
1655 2256 1707 2290 die
1729 2267 1809 2291 xxiu
1833 2257 1964 2291 decern-

1228 2308 1294 2341 bris
1315 2319 1410 2350 uncv,
1431 2309 1637 2353 pontificatus
1657 2310 1757 2343 nostri
1778 2321 1863 2344 anno
1884 2320 1904 2344 1.

1264 2370 1320 2397 Dat.
1344 2370 1387 2398 die
1407 2371 1440 2398 ΞΒ
1461 2371 1615 2398 decembris
1637 2371 1714 2407 1005,
1736 2371 1831 2407 pontif.
1855 2381 1898 2400 an.
1920 2380 1938 2400 1.

1495 2488 1498 2489 ⁷
1541 2504 1645 2538 xxvi.

1230 2574 1439 2618 Canfirmatio
1464 2576 1705 2609 constitutionis
1729 2577 1788 2611 Pii
1816 2577 1842 2609 V
1863 2577 1901 2611 de
1924 2579 1968 2612 ci·

1272 2628 1444 2668 vitatibus,
1474 2629 1568 2662 terris
1595 2632 1624 2661 et
1649 2628 1726 2662 locis
1750 2634 1882 2663 sanctae
1905 2631 1966 2665 Ro-

1270 2691 1390 2714 manae
1412 2680 1572 2715 Ecclesiae
1595 2691 1660 2716 non
1684 2682 1909 2726 infeudandis,
1937 2688 1966 2717 et

1978 284 2027 312 An.
2039 283 2068 312 G.

1996 1418 2111 1449 Dei-ogatio
2120 1422 2171 1440 con·
2204 1413 2206 1442 J>

1983 1448 2103 1467 trariorum.
2203 1453 2205 1463 ι
