<?xml version="1.0" encoding="UTF-8"?>
<!DOCTYPE html PUBLIC "-//W3C//DTD XHTML 1.0 Transitional//EN"
    "http://www.w3.org/TR/xhtml1/DTD/xhtml1-transitional.dtd">
<html xmlns="http://www.w3.org/1999/xhtml" xml:lang="en" lang="en">
 <head>
  <title>
</title>
<meta http-equiv="Content-Type" content="text/html;charset=utf-8" />
  <meta name='ocr-system' content='tesseract 3.04.00' />
  <meta name='ocr-capabilities' content='ocr_page ocr_carea ocr_par ocr_line ocrx_word'/>
</head>
<body>
  <div class='ocr_page' id='page_1' title='image "./bullarumdiplomat11cath_0025.png"; bbox 0 0 2227 3241; ppageno 0'>
   <div class='ocr_carea' id='block_1_1' title="bbox 918 287 1107 312">
    <p class='ocr_par' dir='ltr' id='par_1_1' title="bbox 918 287 1107 312">
     <span class='ocr_line' id='line_1_1' title="bbox 918 287 1107 312; baseline 0 0"><span class='ocrx_word' id='word_1_1' title='bbox 918 287 1107 312; x_wconf 74' lang='lat' dir='ltr'>—XIX—</span> 
     </span>
    </p>
   </div>
   <div class='ocr_carea' id='block_1_2' title="bbox 325 341 878 371">
    <p class='ocr_par' dir='ltr' id='par_1_2' title="bbox 325 341 878 371">
     <span class='ocr_line' id='line_1_2' title="bbox 325 341 878 371; baseline -0.002 -5"><span class='ocrx_word' id='word_1_2' title='bbox 325 341 392 367; x_wconf 74' lang='lat' dir='ltr'>Edit.</span> <span class='ocrx_word' id='word_1_3' title='bbox 411 343 481 367; x_wconf 83' lang='lat' dir='ltr'>Rom.</span> <span class='ocrx_word' id='word_1_4' title='bbox 506 343 600 371; x_wconf 80' lang='lat' dir='ltr'>Main.,</span> <span class='ocrx_word' id='word_1_5' title='bbox 622 342 685 366; x_wconf 80' lang='lat' dir='ltr'>Tum.</span> <span class='ocrx_word' id='word_1_6' title='bbox 705 349 735 371; x_wconf 79' lang='lat' dir='ltr'>v,</span> <span class='ocrx_word' id='word_1_7' title='bbox 756 342 823 366; x_wconf 76' lang='lat' dir='ltr'>Part.</span> <span class='ocrx_word' id='word_1_8' title='bbox 845 349 878 365; x_wconf 82' lang='lat'>111.</span> 
     </span>
    </p>
   </div>
   <div class='ocr_carea' id='block_1_3' title="bbox 233 399 979 1146">
    <p class='ocr_par' dir='ltr' id='par_1_3' title="bbox 233 399 975 714">
     <span class='ocr_line' id='line_1_3' title="bbox 233 399 972 431; baseline -0.003 -7"><span class='ocrx_word' id='word_1_9' title='bbox 233 401 292 431; x_wconf 75' lang='lat' dir='ltr'>Paq.</span> <span class='ocrx_word' id='word_1_10' title='bbox 327 401 358 424; x_wconf 84' lang='lat'>69</span> <span class='ocrx_word' id='word_1_11' title='bbox 374 408 387 424; x_wconf 86' lang='lat' dir='ltr'>a</span> <span class='ocrx_word' id='word_1_12' title='bbox 401 400 469 425; x_wconf 86' lang='lat' dir='ltr'>linea</span> <span class='ocrx_word' id='word_1_13' title='bbox 500 402 531 424; x_wconf 85' lang='lat'>-25</span> <span class='ocrx_word' id='word_1_14' title='bbox 609 399 757 424; x_wconf 84' lang='lat' dir='ltr'>conferendi</span> <span class='ocrx_word' id='word_1_15' title='bbox 801 418 972 423; x_wconf 82' lang='grc'><em>.....</em></span> 
     </span>
     <span class='ocr_line' id='line_1_4' title="bbox 265 440 972 464; baseline 0 -1"><span class='ocrx_word' id='word_1_16' title='bbox 265 450 276 462; x_wconf 64' lang='lat'>&gt;0</span> <span class='ocrx_word' id='word_1_17' title='bbox 327 441 357 464; x_wconf 87' lang='grc'>69</span> <span class='ocrx_word' id='word_1_18' title='bbox 374 449 390 464; x_wconf 87' lang='grc' dir='ltr'><em>α</em></span> <span class='ocrx_word' id='word_1_19' title='bbox 422 451 434 464; x_wconf 79' lang='lat'><strong>»</strong></span> <span class='ocrx_word' id='word_1_20' title='bbox 500 441 529 464; x_wconf 87' lang='lat'>18</span> <span class='ocrx_word' id='word_1_21' title='bbox 545 441 591 464; x_wconf 77' lang='lat' dir='ltr'>ult.</span> <span class='ocrx_word' id='word_1_22' title='bbox 612 443 683 464; x_wconf 80' lang='lat' dir='ltr'>extra</span> <span class='ocrx_word' id='word_1_23' title='bbox 702 440 794 464; x_wconf 80' lang='lat' dir='ltr'>dictam</span> <span class='ocrx_word' id='word_1_24' title='bbox 812 440 908 464; x_wconf 85' lang='lat' dir='ltr'>curiam</span> <span class='ocrx_word' id='word_1_25' title='bbox 927 459 931 463; x_wconf 95' lang='lat'>.</span> <span class='ocrx_word' id='word_1_26' title='bbox 968 459 972 463; x_wconf 95' lang='lat'>.</span> 
     </span>
     <span class='ocr_line' id='line_1_5' title="bbox 266 520 973 545; baseline 0.003 -3"><span class='ocrx_word' id='word_1_27' title='bbox 266 530 278 542; x_wconf 62' lang='lat' dir='ltr'>x</span> <span class='ocrx_word' id='word_1_28' title='bbox 328 520 358 544; x_wconf 87' lang='grc'>69</span> <span class='ocrx_word' id='word_1_29' title='bbox 374 528 389 544; x_wconf 81' lang='lat' dir='ltr'>a</span> <span class='ocrx_word' id='word_1_30' title='bbox 421 530 433 542; x_wconf 65' lang='lat'>&gt;1</span> <span class='ocrx_word' id='word_1_31' title='bbox 500 521 529 544; x_wconf 84' lang='grc'>14</span> <span class='ocrx_word' id='word_1_32' title='bbox 545 520 590 544; x_wconf 72' lang='lat' dir='ltr'>ult.</span> <span class='ocrx_word' id='word_1_33' title='bbox 611 521 759 545; x_wconf 84' lang='lat' dir='ltr'>vacantibus</span> <span class='ocrx_word' id='word_1_34' title='bbox 803 539 973 545; x_wconf 83' lang='grc'><em>.....</em></span> 
     </span>
     <span class='ocr_line' id='line_1_6' title="bbox 266 561 974 585; baseline 0.003 -3"><span class='ocrx_word' id='word_1_35' title='bbox 266 569 278 582; x_wconf 81' lang='grc'>»</span> <span class='ocrx_word' id='word_1_36' title='bbox 328 561 358 584; x_wconf 83' lang='grc'>69</span> <span class='ocrx_word' id='word_1_37' title='bbox 376 561 388 583; x_wconf 83' lang='lat' dir='ltr'>b</span> <span class='ocrx_word' id='word_1_38' title='bbox 420 570 432 583; x_wconf 73' lang='lat'>»</span> <span class='ocrx_word' id='word_1_39' title='bbox 497 561 573 584; x_wconf 84' lang='lat'>31-33</span> <span class='ocrx_word' id='word_1_40' title='bbox 606 569 692 585; x_wconf 81' lang='lat' dir='ltr'>nec‚..</span> <span class='ocrx_word' id='word_1_41' title='bbox 716 561 863 585; x_wconf 76' lang='lat' dir='ltr'>nullatenus</span> <span class='ocrx_word' id='word_1_42' title='bbox 886 580 891 585; x_wconf 90' lang='lat'>.</span> <span class='ocrx_word' id='word_1_43' title='bbox 928 580 931 584; x_wconf 96' lang='lat'>.</span> <span class='ocrx_word' id='word_1_44' title='bbox 970 580 974 584; x_wconf 92' lang='lat'>.</span> 
     </span>
     <span class='ocr_line' id='line_1_7' title="bbox 266 600 975 626; baseline 0.003 -3"><span class='ocrx_word' id='word_1_45' title='bbox 266 609 278 622; x_wconf 81' lang='lat'><strong>»</strong></span> <span class='ocrx_word' id='word_1_46' title='bbox 327 600 357 624; x_wconf 87' lang='lat'>69</span> <span class='ocrx_word' id='word_1_47' title='bbox 375 601 387 624; x_wconf 90' lang='lat' dir='ltr'>b</span> <span class='ocrx_word' id='word_1_48' title='bbox 419 609 431 623; x_wconf 74' lang='lat'>»</span> <span class='ocrx_word' id='word_1_49' title='bbox 496 602 526 624; x_wconf 80' lang='lat'>34</span> <span class='ocrx_word' id='word_1_50' title='bbox 605 609 653 625; x_wconf 85' lang='lat' dir='ltr'>nec</span> <span class='ocrx_word' id='word_1_51' title='bbox 678 618 975 626; x_wconf 86' lang='grc'><em>........</em></span> 
     </span>
     <span class='ocr_line' id='line_1_8' title="bbox 266 641 974 673; baseline 0 -10"><span class='ocrx_word' id='word_1_52' title='bbox 266 649 278 662; x_wconf 83' lang='grc'>&gt;&gt;</span> <span class='ocrx_word' id='word_1_53' title='bbox 327 641 358 664; x_wconf 92' lang='lat'>70</span> <span class='ocrx_word' id='word_1_54' title='bbox 375 641 387 663; x_wconf 91' lang='lat' dir='ltr'><strong><em>b</em></strong></span> <span class='ocrx_word' id='word_1_55' title='bbox 419 649 431 663; x_wconf 84' lang='lat'>›&gt;</span> <span class='ocrx_word' id='word_1_56' title='bbox 498 641 527 663; x_wconf 79' lang='lat'>14</span> <span class='ocrx_word' id='word_1_57' title='bbox 604 649 714 673; x_wconf 88' lang='lat' dir='ltr'>cumque</span> <span class='ocrx_word' id='word_1_58' title='bbox 727 641 804 665; x_wconf 87' lang='lat' dir='ltr'>etiam</span> <span class='ocrx_word' id='word_1_59' title='bbox 845 660 850 664; x_wconf 94' lang='lat'>.</span> <span class='ocrx_word' id='word_1_60' title='bbox 886 660 890 664; x_wconf 92' lang='lat'>.</span> <span class='ocrx_word' id='word_1_61' title='bbox 927 659 933 664; x_wconf 86' lang='lat'><em>.</em></span> <span class='ocrx_word' id='word_1_62' title='bbox 970 659 974 663; x_wconf 95' lang='lat'>.</span> 
     </span>
     <span class='ocr_line' id='line_1_9' title="bbox 268 680 915 714; baseline 0.005 -12"><span class='ocrx_word' id='word_1_63' title='bbox 268 689 272 694; x_wconf 66' lang='lat'>=</span> <span class='ocrx_word' id='word_1_64' title='bbox 328 680 358 703; x_wconf 85' lang='lat'>71</span> <span class='ocrx_word' id='word_1_65' title='bbox 375 688 388 703; x_wconf 88' lang='grc' dir='ltr'><em>α</em></span> <span class='ocrx_word' id='word_1_66' title='bbox 423 689 446 711; x_wconf 52' lang='grc' dir='ltr'>η7</span> <span class='ocrx_word' id='word_1_67' title='bbox 501 681 530 704; x_wconf 88' lang='grc'>16</span> <span class='ocrx_word' id='word_1_68' title='bbox 609 689 770 714; x_wconf 86' lang='lat' dir='ltr'>quocumque</span> <span class='ocrx_word' id='word_1_69' title='bbox 783 681 915 706; x_wconf 82' lang='lat' dir='ltr'><strong>faciendae</strong></span> 
     </span>
    </p>

    <p class='ocr_par' dir='ltr' id='par_1_4' title="bbox 329 761 976 826">
     <span class='ocr_line' id='line_1_10' title="bbox 329 761 976 794; baseline 0.005 -11"><span class='ocrx_word' id='word_1_70' title='bbox 329 761 358 784; x_wconf 93' lang='lat'>71</span> <span class='ocrx_word' id='word_1_71' title='bbox 376 768 392 784; x_wconf 85' lang='lat' dir='ltr'>a</span> <span class='ocrx_word' id='word_1_72' title='bbox 423 769 436 783; x_wconf 81' lang='lat'><strong>»</strong></span> <span class='ocrx_word' id='word_1_73' title='bbox 501 761 531 784; x_wconf 95' lang='grc'>30</span> <span class='ocrx_word' id='word_1_74' title='bbox 610 763 753 790; x_wconf 83' lang='lat' dir='ltr'>teneantur,</span> <span class='ocrx_word' id='word_1_75' title='bbox 774 769 822 786; x_wconf 85' lang='lat' dir='ltr'>nec</span> <span class='ocrx_word' id='word_1_76' title='bbox 839 770 888 786; x_wconf 92' lang='lat' dir='ltr'>non</span> <span class='ocrx_word' id='word_1_77' title='bbox 900 770 976 794; x_wconf 84' lang='lat' dir='ltr'>prae—</span> 
     </span>
     <span class='ocr_line' id='line_1_11' title="bbox 637 802 974 826; baseline 0 0"><span class='ocrx_word' id='word_1_78' title='bbox 637 802 716 826; x_wconf 82' lang='lat' dir='ltr'>missa</span> <span class='ocrx_word' id='word_1_79' title='bbox 759 821 974 826; x_wconf 91' lang='grc'><em>......</em></span> 
     </span>
    </p>

    <p class='ocr_par' dir='ltr' id='par_1_5' title="bbox 266 841 979 1146">
     <span class='ocr_line' id='line_1_12' title="bbox 267 841 975 874; baseline 0.004 -11"><span class='ocrx_word' id='word_1_80' title='bbox 267 849 278 862; x_wconf 89' lang='lat'>»</span> <span class='ocrx_word' id='word_1_81' title='bbox 329 841 359 864; x_wconf 74' lang='lat'>72</span> <span class='ocrx_word' id='word_1_82' title='bbox 377 841 389 864; x_wconf 89' lang='lat' dir='ltr'><strong><em>b</em></strong></span> <span class='ocrx_word' id='word_1_83' title='bbox 421 851 432 863; x_wconf 66' lang='lat'>&gt;2</span> <span class='ocrx_word' id='word_1_84' title='bbox 498 842 528 865; x_wconf 71' lang='lat'>23</span> <span class='ocrx_word' id='word_1_85' title='bbox 607 842 733 874; x_wconf 76' lang='lat' dir='ltr'><strong>disposuit</strong></span> <span class='ocrx_word' id='word_1_86' title='bbox 762 861 975 866; x_wconf 82' lang='grc'>......</span> 
     </span>
     <span class='ocr_line' id='line_1_13' title="bbox 267 881 976 914; baseline 0.003 -10"><span class='ocrx_word' id='word_1_87' title='bbox 267 890 278 903; x_wconf 81' lang='lat'>»</span> <span class='ocrx_word' id='word_1_88' title='bbox 327 881 359 905; x_wconf 74' lang='lat'>72</span> <span class='ocrx_word' id='word_1_89' title='bbox 375 881 388 904; x_wconf 84' lang='lat' dir='ltr'>b</span> <span class='ocrx_word' id='word_1_90' title='bbox 420 890 432 903; x_wconf 77' lang='lat'>»</span> <span class='ocrx_word' id='word_1_91' title='bbox 497 882 527 905; x_wconf 74' lang='lat'>28</span> <span class='ocrx_word' id='word_1_92' title='bbox 607 882 743 914; x_wconf 79' lang='lat' dir='ltr'>applicavit</span> <span class='ocrx_word' id='word_1_93' title='bbox 762 901 976 906; x_wconf 28' lang='grc'>......</span> 
     </span>
     <span class='ocr_line' id='line_1_14' title="bbox 266 920 977 946; baseline 0.004 -3"><span class='ocrx_word' id='word_1_94' title='bbox 266 930 277 943; x_wconf 74' lang='lat'>»</span> <span class='ocrx_word' id='word_1_95' title='bbox 327 921 357 944; x_wconf 91' lang='lat'>73</span> <span class='ocrx_word' id='word_1_96' title='bbox 374 929 389 945; x_wconf 88' lang='lat' dir='ltr'>a</span> <span class='ocrx_word' id='word_1_97' title='bbox 422 930 434 944; x_wconf 81' lang='lat'>›&gt;</span> <span class='ocrx_word' id='word_1_98' title='bbox 514 923 530 946; x_wconf 74' lang='lat'>2</span> <span class='ocrx_word' id='word_1_99' title='bbox 546 922 592 945; x_wconf 82' lang='lat' dir='ltr'>ult.</span> <span class='ocrx_word' id='word_1_100' title='bbox 613 923 672 946; x_wconf 88' lang='grc'>1603</span> <span class='ocrx_word' id='word_1_101' title='bbox 691 931 731 946; x_wconf 80' lang='lat' dir='ltr'>an.</span> <span class='ocrx_word' id='word_1_102' title='bbox 751 920 799 946; x_wconf 62' lang='lat' dir='ltr'>xn⁰</span> <span class='ocrx_word' id='word_1_103' title='bbox 804 942 977 946; x_wconf 88' lang='grc'>.....</span> 
     </span>
     <span class='ocr_line' id='line_1_15' title="bbox 268 962 977 994; baseline 0.004 -11"><span class='ocrx_word' id='word_1_104' title='bbox 268 970 279 983; x_wconf 87' lang='lat'>&gt;›</span> <span class='ocrx_word' id='word_1_105' title='bbox 330 962 360 984; x_wconf 83' lang='lat'>75</span> <span class='ocrx_word' id='word_1_106' title='bbox 377 962 390 984; x_wconf 91' lang='lat' dir='ltr'>b</span> <span class='ocrx_word' id='word_1_107' title='bbox 422 972 434 984; x_wconf 80' lang='lat'>»</span> <span class='ocrx_word' id='word_1_108' title='bbox 499 962 528 985; x_wconf 73' lang='lat'>21</span> <span class='ocrx_word' id='word_1_109' title='bbox 545 962 591 986; x_wconf 81' lang='lat' dir='ltr'>ult.</span> <span class='ocrx_word' id='word_1_110' title='bbox 611 962 740 994; x_wconf 78' lang='lat' dir='ltr'>primitiali</span> <span class='ocrx_word' id='word_1_111' title='bbox 765 981 977 986; x_wconf 87' lang='grc'>......</span> 
     </span>
     <span class='ocr_line' id='line_1_16' title="bbox 268 1001 976 1033; baseline 0.003 -10"><span class='ocrx_word' id='word_1_112' title='bbox 268 1009 279 1022; x_wconf 57' lang='grc' dir='ltr'>υ</span> <span class='ocrx_word' id='word_1_113' title='bbox 330 1001 360 1024; x_wconf 79' lang='grc'>78</span> <span class='ocrx_word' id='word_1_114' title='bbox 378 1001 390 1024; x_wconf 89' lang='lat' dir='ltr'>b</span> <span class='ocrx_word' id='word_1_115' title='bbox 422 1010 434 1023; x_wconf 77' lang='lat'>»</span> <span class='ocrx_word' id='word_1_116' title='bbox 515 1002 530 1024; x_wconf 92' lang='lat'>7</span> <span class='ocrx_word' id='word_1_117' title='bbox 609 1001 688 1033; x_wconf 75' lang='lat' dir='ltr'>aliqui</span> <span class='ocrx_word' id='word_1_118' title='bbox 722 1020 976 1025; x_wconf 77' lang='lat'>.......</span> 
     </span>
     <span class='ocr_line' id='line_1_17' title="bbox 268 1040 978 1066; baseline 0.003 -3"><span class='ocrx_word' id='word_1_119' title='bbox 268 1050 280 1062; x_wconf 77' lang='lat'>»</span> <span class='ocrx_word' id='word_1_120' title='bbox 330 1040 360 1064; x_wconf 83' lang='lat'>79</span> <span class='ocrx_word' id='word_1_121' title='bbox 376 1048 391 1064; x_wconf 90' lang='lat' dir='ltr'>a</span> <span class='ocrx_word' id='word_1_122' title='bbox 425 1050 436 1063; x_wconf 81' lang='lat'>»</span> <span class='ocrx_word' id='word_1_123' title='bbox 501 1042 531 1064; x_wconf 73' lang='lat'>24</span> <span class='ocrx_word' id='word_1_124' title='bbox 610 1041 741 1066; x_wconf 85' lang='lat' dir='ltr'>modicum</span> <span class='ocrx_word' id='word_1_125' title='bbox 765 1061 978 1066; x_wconf 92' lang='grc'><em>......</em></span> 
     </span>
     <span class='ocr_line' id='line_1_18' title="bbox 267 1081 978 1114; baseline 0.004 -11"><span class='ocrx_word' id='word_1_126' title='bbox 267 1089 279 1103; x_wconf 80' lang='grc'>»</span> <span class='ocrx_word' id='word_1_127' title='bbox 329 1081 360 1104; x_wconf 87' lang='lat'>79</span> <span class='ocrx_word' id='word_1_128' title='bbox 377 1081 390 1104; x_wconf 89' lang='lat' dir='ltr'>b</span> <span class='ocrx_word' id='word_1_129' title='bbox 423 1090 434 1103; x_wconf 74' lang='lat'>»</span> <span class='ocrx_word' id='word_1_130' title='bbox 515 1082 530 1104; x_wconf 85' lang='grc'><strong>4</strong></span> <span class='ocrx_word' id='word_1_131' title='bbox 609 1081 751 1114; x_wconf 82' lang='lat' dir='ltr'>quemlibet</span> <span class='ocrx_word' id='word_1_132' title='bbox 806 1100 978 1105; x_wconf 72' lang='grc'><em>.....</em></span> 
     </span>
     <span class='ocr_line' id='line_1_19' title="bbox 268 1120 979 1146; baseline 0.006 -5"><span class='ocrx_word' id='word_1_133' title='bbox 268 1128 280 1142; x_wconf 78' lang='lat'>»</span> <span class='ocrx_word' id='word_1_134' title='bbox 330 1120 360 1143; x_wconf 87' lang='lat'>80</span> <span class='ocrx_word' id='word_1_135' title='bbox 378 1120 390 1144; x_wconf 88' lang='lat' dir='ltr'><strong><em>b</em></strong></span> <span class='ocrx_word' id='word_1_136' title='bbox 423 1130 434 1143; x_wconf 86' lang='lat'>»</span> <span class='ocrx_word' id='word_1_137' title='bbox 515 1122 529 1144; x_wconf 86' lang='lat'><strong>3</strong></span> <span class='ocrx_word' id='word_1_138' title='bbox 609 1121 635 1145; x_wconf 90' lang='lat' dir='ltr'>in</span> <span class='ocrx_word' id='word_1_139' title='bbox 651 1129 722 1145; x_wconf 85' lang='lat' dir='ltr'>mora</span> <span class='ocrx_word' id='word_1_140' title='bbox 766 1140 979 1146; x_wconf 88' lang='lat'>......</span> 
     </span>
    </p>
   </div>
   <div class='ocr_carea' id='block_1_4' title="bbox 268 1161 530 1223">
    <p class='ocr_par' dir='ltr' id='par_1_6' title="bbox 268 1161 530 1223">
     <span class='ocr_line' id='line_1_20' title="bbox 268 1161 530 1184; baseline 0.008 -2"><span class='ocrx_word' id='word_1_141' title='bbox 268 1170 279 1182; x_wconf 81' lang='lat'>»</span> <span class='ocrx_word' id='word_1_142' title='bbox 329 1161 357 1184; x_wconf 90' lang='lat'>81</span> <span class='ocrx_word' id='word_1_143' title='bbox 375 1169 390 1184; x_wconf 88' lang='grc' dir='ltr'><em>α</em></span> <span class='ocrx_word' id='word_1_144' title='bbox 422 1170 434 1183; x_wconf 76' lang='grc'>&gt;&gt;</span> <span class='ocrx_word' id='word_1_145' title='bbox 501 1161 530 1184; x_wconf 88' lang='grc'>14</span> 
     </span>
     <span class='ocr_line' id='line_1_21' title="bbox 269 1200 436 1223; baseline 0.012 -2"><span class='ocrx_word' id='word_1_146' title='bbox 269 1209 280 1221; x_wconf 74' lang='grc'><em>»</em></span> <span class='ocrx_word' id='word_1_147' title='bbox 330 1200 358 1223; x_wconf 84' lang='grc'>81</span> <span class='ocrx_word' id='word_1_148' title='bbox 376 1208 391 1223; x_wconf 83' lang='grc' dir='ltr'><em>α</em></span> <span class='ocrx_word' id='word_1_149' title='bbox 424 1210 436 1223; x_wconf 78' lang='grc'>&gt;&gt;</span> 
     </span>
    </p>
   </div>
   <div class='ocr_carea' id='block_1_5' title="bbox 502 1162 981 1426">
    <p class='ocr_par' dir='ltr' id='par_1_7' title="bbox 502 1162 981 1426">
     <span class='ocr_line' id='line_1_22' title="bbox 609 1162 977 1194; baseline 0.003 -9"><span class='ocrx_word' id='word_1_150' title='bbox 609 1169 703 1186; x_wconf 85' lang='lat' dir='ltr'>annum</span> <span class='ocrx_word' id='word_1_151' title='bbox 720 1162 888 1194; x_wconf 75' lang='lat' dir='ltr'>compleverit</span> <span class='ocrx_word' id='word_1_152' title='bbox 931 1182 936 1186; x_wconf 95' lang='lat'>.</span> <span class='ocrx_word' id='word_1_153' title='bbox 973 1182 977 1186; x_wconf 92' lang='lat'>.</span> 
     </span>
     <span class='ocr_line' id='line_1_23' title="bbox 502 1201 981 1234; baseline 0.004 -10"><span class='ocrx_word' id='word_1_154' title='bbox 502 1201 578 1225; x_wconf 68' lang='lat'><strong>30-32</strong></span> <span class='ocrx_word' id='word_1_155' title='bbox 610 1201 729 1234; x_wconf 86' lang='lat' dir='ltr'>supplere</span> <span class='ocrx_word' id='word_1_156' title='bbox 740 1202 764 1226; x_wconf 85' lang='lat' dir='ltr'>in</span> <span class='ocrx_word' id='word_1_157' title='bbox 776 1202 857 1233; x_wconf 91' lang='lat' dir='ltr'>primo</span> <span class='ocrx_word' id='word_1_158' title='bbox 869 1202 981 1234; x_wconf 88' lang='lat' dir='ltr'>relique-</span> 
     </span>
     <span class='ocr_line' id='line_1_24' title="bbox 642 1242 980 1274; baseline 0.003 -9"><span class='ocrx_word' id='word_1_159' title='bbox 642 1242 673 1265; x_wconf 87' lang='lat' dir='ltr'>rit</span> <span class='ocrx_word' id='word_1_160' title='bbox 700 1243 809 1266; x_wconf 81' lang='lat' dir='ltr'>honeste</span> <span class='ocrx_word' id='word_1_161' title='bbox 837 1246 980 1274; x_wconf 82' lang='lat' dir='ltr'>reparatum</span> 
     </span>
     <span class='ocr_line' id='line_1_25' title="bbox 641 1281 980 1306; baseline 0 0"><span class='ocrx_word' id='word_1_162' title='bbox 641 1285 667 1306; x_wconf 81' lang='lat' dir='ltr'>et</span> <span class='ocrx_word' id='word_1_163' title='bbox 695 1281 841 1306; x_wconf 77' lang='lat' dir='ltr'>notabiliter</span> <span class='ocrx_word' id='word_1_164' title='bbox 870 1282 912 1306; x_wconf 82' lang='lat' dir='ltr'>vel</span> <span class='ocrx_word' id='word_1_165' title='bbox 940 1290 980 1306; x_wconf 85' lang='lat' dir='ltr'>se-</span> 
     </span>
     <span class='ocr_line' id='line_1_26' title="bbox 641 1322 979 1354; baseline 0.003 -9"><span class='ocrx_word' id='word_1_166' title='bbox 641 1322 779 1354; x_wconf 85' lang='lat' dir='ltr'>quentibus</span> <span class='ocrx_word' id='word_1_167' title='bbox 796 1322 894 1346; x_wconf 82' lang='lat' dir='ltr'>annis.</span> <span class='ocrx_word' id='word_1_168' title='bbox 933 1341 937 1346; x_wconf 92' lang='lat'><em>.</em></span> <span class='ocrx_word' id='word_1_169' title='bbox 975 1341 979 1345; x_wconf 90' lang='lat'>.</span> 
     </span>
     <span class='ocr_line' id='line_1_27' title="bbox 612 1361 979 1386; baseline -0.003 -1"><span class='ocrx_word' id='word_1_170' title='bbox 612 1361 725 1386; x_wconf 87' lang='lat' dir='ltr'>interiori</span> <span class='ocrx_word' id='word_1_171' title='bbox 768 1380 979 1386; x_wconf 89' lang='lat'>......</span> 
     </span>
     <span class='ocr_line' id='line_1_28' title="bbox 610 1401 978 1426; baseline 0 -2"><span class='ocrx_word' id='word_1_172' title='bbox 610 1401 670 1425; x_wconf 88' lang='lat' dir='ltr'>dicti</span> <span class='ocrx_word' id='word_1_173' title='bbox 688 1402 784 1426; x_wconf 77' lang='lat' dir='ltr'>ordinis</span> <span class='ocrx_word' id='word_1_174' title='bbox 808 1420 978 1425; x_wconf 89' lang='grc'><em>.....</em></span> 
     </span>
    </p>
   </div>
   <div class='ocr_carea' id='block_1_6' title="bbox 228 1361 534 1424">
    <p class='ocr_par' dir='ltr' id='par_1_8' title="bbox 228 1361 534 1424">
     <span class='ocr_line' id='line_1_29' title="bbox 271 1361 534 1385; baseline 0.011 -3"><span class='ocrx_word' id='word_1_175' title='bbox 271 1370 283 1382; x_wconf 71' lang='grc'><strong>»</strong></span> <span class='ocrx_word' id='word_1_176' title='bbox 332 1361 438 1384; x_wconf 76' lang='grc' dir='ltr'><strong>81η»</strong></span> <span class='ocrx_word' id='word_1_177' title='bbox 519 1363 534 1385; x_wconf 71' lang='lat'>9</span> 
     </span>
     <span class='ocr_line' id='line_1_30' title="bbox 228 1401 532 1424; baseline 0.01 -3"><span class='ocrx_word' id='word_1_178' title='bbox 228 1409 282 1421; x_wconf 21' lang='grc' dir='ltr'>γ»</span> <span class='ocrx_word' id='word_1_179' title='bbox 332 1401 435 1424; x_wconf 75' lang='lat'>8212»</span> <span class='ocrx_word' id='word_1_180' title='bbox 502 1402 532 1424; x_wconf 86' lang='lat'>30</span> 
     </span>
    </p>
   </div>
   <div class='ocr_carea' id='block_1_7' title="bbox 269 1469 980 1704">
    <p class='ocr_par' dir='ltr' id='par_1_9' title="bbox 269 1469 980 1704">
     <span class='ocr_line' id='line_1_31' title="bbox 269 1469 979 1509; baseline 0.004 -8"><span class='ocrx_word' id='word_1_181' title='bbox 269 1487 280 1500; x_wconf 84' lang='lat'>›&gt;</span> <span class='ocrx_word' id='word_1_182' title='bbox 330 1479 360 1502; x_wconf 87' lang='grc'>85</span> <span class='ocrx_word' id='word_1_183' title='bbox 378 1480 390 1502; x_wconf 85' lang='lat' dir='ltr'>b</span> <span class='ocrx_word' id='word_1_184' title='bbox 403 1469 409 1474; x_wconf 50' lang='lat'>⁸</span> <span class='ocrx_word' id='word_1_185' title='bbox 422 1488 434 1501; x_wconf 87' lang='lat'>»</span> <span class='ocrx_word' id='word_1_186' title='bbox 499 1481 529 1503; x_wconf 89' lang='lat'>34</span> <span class='ocrx_word' id='word_1_187' title='bbox 546 1480 592 1504; x_wconf 72' lang='lat' dir='ltr'>ult.</span> <span class='ocrx_word' id='word_1_188' title='bbox 613 1488 664 1504; x_wconf 85' lang='lat' dir='ltr'>non</span> <span class='ocrx_word' id='word_1_189' title='bbox 676 1484 778 1504; x_wconf 79' lang='lat' dir='ltr'>servant</span> <span class='ocrx_word' id='word_1_190' title='bbox 797 1482 823 1509; x_wconf 68' lang='lat'>(*)</span> <span class='ocrx_word' id='word_1_191' title='bbox 851 1499 855 1503; x_wconf 93' lang='lat'>.</span> <span class='ocrx_word' id='word_1_192' title='bbox 891 1498 896 1504; x_wconf 86' lang='lat'>.</span> <span class='ocrx_word' id='word_1_193' title='bbox 932 1499 936 1503; x_wconf 77' lang='grc'><strong>.</strong></span> <span class='ocrx_word' id='word_1_194' title='bbox 975 1499 979 1503; x_wconf 94' lang='grc'><em>.</em></span> 
     </span>
     <span class='ocr_line' id='line_1_32' title="bbox 269 1518 979 1544; baseline 0.001 -3"><span class='ocrx_word' id='word_1_195' title='bbox 269 1528 281 1540; x_wconf 72' lang='grc'>»</span> <span class='ocrx_word' id='word_1_196' title='bbox 330 1518 361 1542; x_wconf 87' lang='grc'>86</span> <span class='ocrx_word' id='word_1_197' title='bbox 376 1527 391 1542; x_wconf 84' lang='lat' dir='ltr'>a</span> <span class='ocrx_word' id='word_1_198' title='bbox 425 1528 437 1542; x_wconf 70' lang='lat'>»</span> <span class='ocrx_word' id='word_1_199' title='bbox 503 1521 532 1543; x_wconf 87' lang='grc'>18</span> <span class='ocrx_word' id='word_1_200' title='bbox 610 1520 763 1544; x_wconf 72' lang='lat' dir='ltr'>christianae</span> <span class='ocrx_word' id='word_1_201' title='bbox 807 1538 979 1543; x_wconf 90' lang='grc'><em>.....</em></span> 
     </span>
     <span class='ocr_line' id='line_1_33' title="bbox 269 1559 978 1584; baseline 0 -2"><span class='ocrx_word' id='word_1_202' title='bbox 269 1566 281 1579; x_wconf 82' lang='lat'>&gt;›</span> <span class='ocrx_word' id='word_1_203' title='bbox 332 1559 362 1582; x_wconf 83' lang='lat'>89</span> <span class='ocrx_word' id='word_1_204' title='bbox 379 1567 394 1582; x_wconf 93' lang='grc' dir='ltr'><em>α</em></span> <span class='ocrx_word' id='word_1_205' title='bbox 427 1568 438 1581; x_wconf 83' lang='grc'>&gt;&gt;</span> <span class='ocrx_word' id='word_1_206' title='bbox 503 1560 534 1583; x_wconf 73' lang='lat'>22</span> <span class='ocrx_word' id='word_1_207' title='bbox 613 1559 786 1584; x_wconf 80' lang='lat' dir='ltr'>ordinationes</span> <span class='ocrx_word' id='word_1_208' title='bbox 808 1578 978 1583; x_wconf 77' lang='grc'><em>.....</em></span> 
     </span>
     <span class='ocr_line' id='line_1_34' title="bbox 269 1598 979 1632; baseline 0.001 -11"><span class='ocrx_word' id='word_1_209' title='bbox 269 1607 281 1620; x_wconf 86' lang='lat'>&gt;›</span> <span class='ocrx_word' id='word_1_210' title='bbox 331 1598 361 1622; x_wconf 83' lang='lat'>89</span> <span class='ocrx_word' id='word_1_211' title='bbox 377 1606 392 1622; x_wconf 86' lang='grc' dir='ltr'><em>α</em></span> <span class='ocrx_word' id='word_1_212' title='bbox 426 1608 438 1621; x_wconf 78' lang='lat'>»</span> <span class='ocrx_word' id='word_1_213' title='bbox 502 1600 532 1622; x_wconf 72' lang='lat'>23</span> <span class='ocrx_word' id='word_1_214' title='bbox 611 1600 781 1632; x_wconf 82' lang='lat' dir='ltr'>praescriptas</span> <span class='ocrx_word' id='word_1_215' title='bbox 799 1599 910 1624; x_wconf 80' lang='lat' dir='ltr'>habeant</span> <span class='ocrx_word' id='word_1_216' title='bbox 934 1618 938 1622; x_wconf 93' lang='lat'>.</span> <span class='ocrx_word' id='word_1_217' title='bbox 975 1618 979 1622; x_wconf 92' lang='lat'>.</span> 
     </span>
     <span class='ocr_line' id='line_1_35' title="bbox 270 1638 979 1664; baseline 0.004 -4"><span class='ocrx_word' id='word_1_218' title='bbox 270 1647 281 1660; x_wconf 75' lang='lat'>7)</span> <span class='ocrx_word' id='word_1_219' title='bbox 330 1638 360 1661; x_wconf 82' lang='grc'>89</span> <span class='ocrx_word' id='word_1_220' title='bbox 377 1647 392 1662; x_wconf 91' lang='grc' dir='ltr'><em>α</em></span> <span class='ocrx_word' id='word_1_221' title='bbox 425 1648 436 1661; x_wconf 61' lang='lat' dir='ltr'>&gt;i</span> <span class='ocrx_word' id='word_1_222' title='bbox 501 1640 532 1662; x_wconf 70' lang='lat'>26</span> <span class='ocrx_word' id='word_1_223' title='bbox 611 1640 664 1663; x_wconf 73' lang='lat' dir='ltr'>Etsi</span> <span class='ocrx_word' id='word_1_224' title='bbox 684 1658 979 1664; x_wconf 81' lang='lat'>........</span> 
     </span>
     <span class='ocr_line' id='line_1_36' title="bbox 270 1679 980 1704; baseline 0.003 -4"><span class='ocrx_word' id='word_1_225' title='bbox 270 1687 282 1700; x_wconf 84' lang='lat'><strong>»</strong></span> <span class='ocrx_word' id='word_1_226' title='bbox 332 1679 362 1702; x_wconf 85' lang='lat'>89</span> <span class='ocrx_word' id='word_1_227' title='bbox 378 1687 393 1702; x_wconf 84' lang='lat' dir='ltr'>a</span> <span class='ocrx_word' id='word_1_228' title='bbox 428 1688 439 1701; x_wconf 72' lang='lat'>»</span> <span class='ocrx_word' id='word_1_229' title='bbox 505 1680 534 1702; x_wconf 85' lang='lat'>35</span> <span class='ocrx_word' id='word_1_230' title='bbox 614 1679 656 1703; x_wconf 88' lang='lat' dir='ltr'>illo</span> <span class='ocrx_word' id='word_1_231' title='bbox 674 1679 785 1704; x_wconf 89' lang='lat' dir='ltr'>triennio</span> <span class='ocrx_word' id='word_1_232' title='bbox 809 1697 980 1703; x_wconf 87' lang='grc'><em>.....</em></span> 
     </span>
    </p>
   </div>
   <div class='ocr_carea' id='block_1_8' title="bbox 271 1719 980 1751">
    <p class='ocr_par' dir='ltr' id='par_1_10' title="bbox 271 1719 980 1751">
     <span class='ocr_line' id='line_1_37' title="bbox 271 1719 980 1751; baseline 0 -9"><span class='ocrx_word' id='word_1_233' title='bbox 271 1729 282 1741; x_wconf 81' lang='lat'><strong>»</strong></span> <span class='ocrx_word' id='word_1_234' title='bbox 331 1719 392 1742; x_wconf 70' lang='lat'>8911</span> <span class='ocrx_word' id='word_1_235' title='bbox 425 1728 436 1740; x_wconf 66' lang='lat'>&gt;›</span> <span class='ocrx_word' id='word_1_236' title='bbox 502 1720 532 1742; x_wconf 78' lang='lat'>34</span> <span class='ocrx_word' id='word_1_237' title='bbox 613 1721 639 1743; x_wconf 87' lang='lat' dir='ltr'>et</span> <span class='ocrx_word' id='word_1_238' title='bbox 655 1719 813 1751; x_wconf 77' lang='lat' dir='ltr'>paupertatis</span> <span class='ocrx_word' id='word_1_239' title='bbox 851 1737 856 1742; x_wconf 91' lang='lat'><em>.</em></span> <span class='ocrx_word' id='word_1_240' title='bbox 893 1737 897 1742; x_wconf 92' lang='lat'>.</span> <span class='ocrx_word' id='word_1_241' title='bbox 934 1738 938 1742; x_wconf 95' lang='lat'>.</span> <span class='ocrx_word' id='word_1_242' title='bbox 976 1737 980 1742; x_wconf 92' lang='lat'><em>.</em></span> 
     </span>
    </p>
   </div>
   <div class='ocr_carea' id='block_1_9' title="bbox 598 1802 605 1814">
    <p class='ocr_par' dir='ltr' id='par_1_11' title="bbox 598 1802 605 1814">
     <span class='ocr_line' id='line_1_38' title="bbox 598 1802 605 1814; baseline 0 -4"><span class='ocrx_word' id='word_1_243' title='bbox 598 1802 605 1814; x_wconf 46' lang='lat'><em>4</em></span> 
     </span>
    </p>
   </div>
   <div class='ocr_carea' id='block_1_10' title="bbox 361 1877 879 1910">
    <p class='ocr_par' dir='ltr' id='par_1_12' title="bbox 361 1877 879 1910">
     <span class='ocr_line' id='line_1_39' title="bbox 361 1877 879 1910; baseline 0 -9"><span class='ocrx_word' id='word_1_244' title='bbox 361 1877 427 1901; x_wconf 87' lang='lat' dir='ltr'>Edit.</span> <span class='ocrx_word' id='word_1_245' title='bbox 440 1877 527 1901; x_wconf 79' lang='lat' dir='ltr'>‘Main.</span> <span class='ocrx_word' id='word_1_246' title='bbox 550 1885 610 1909; x_wconf 85' lang='lat' dir='ltr'>pag.</span> <span class='ocrx_word' id='word_1_247' title='bbox 634 1878 664 1902; x_wconf 79' lang='lat'>85</span> <span class='ocrx_word' id='word_1_248' title='bbox 681 1879 694 1901; x_wconf 87' lang='lat' dir='ltr'>b</span> <span class='ocrx_word' id='word_1_249' title='bbox 710 1877 755 1902; x_wconf 83' lang='lat' dir='ltr'>lin.</span> <span class='ocrx_word' id='word_1_250' title='bbox 779 1878 809 1902; x_wconf 76' lang='lat'>26</span> <span class='ocrx_word' id='word_1_251' title='bbox 826 1886 879 1910; x_wconf 89' lang='lat' dir='ltr'>seq.</span> 
     </span>
    </p>
   </div>
   <div class='ocr_carea' id='block_1_11' title="bbox 239 1943 985 2714">
    <p class='ocr_par' dir='ltr' id='par_1_13' title="bbox 239 1943 985 2714">
     <span class='ocr_line' id='line_1_40' title="bbox 270 1943 977 1977; baseline -0.001 -8"><span class='ocrx_word' id='word_1_252' title='bbox 270 1947 404 1977; x_wconf 80' lang='lat' dir='ltr'>propterea</span> <span class='ocrx_word' id='word_1_253' title='bbox 424 1944 479 1969; x_wconf 90' lang='lat' dir='ltr'>sive</span> <span class='ocrx_word' id='word_1_254' title='bbox 496 1943 655 1976; x_wconf 76' lang='lat' dir='ltr'>negligentia</span> <span class='ocrx_word' id='word_1_255' title='bbox 671 1945 830 1977; x_wconf 82' lang='lat' dir='ltr'>superiorum</span> <span class='ocrx_word' id='word_1_256' title='bbox 848 1945 977 1973; x_wconf 83' lang='lat' dir='ltr'>ordinum,</span> 
     </span>
     <span class='ocr_line' id='line_1_41' title="bbox 239 1994 981 2027; baseline 0 -9"><span class='ocrx_word' id='word_1_257' title='bbox 239 1995 390 2027; x_wconf 81' lang='lat' dir='ltr'>religionum</span> <span class='ocrx_word' id='word_1_258' title='bbox 408 1997 433 2019; x_wconf 88' lang='lat' dir='ltr'>et</span> <span class='ocrx_word' id='word_1_259' title='bbox 444 1994 617 2019; x_wconf 88' lang='lat' dir='ltr'>institutorum</span> <span class='ocrx_word' id='word_1_260' title='bbox 629 1995 670 2019; x_wconf 90' lang='lat' dir='ltr'>vel</span> <span class='ocrx_word' id='word_1_261' title='bbox 687 1995 833 2019; x_wconf 86' lang='lat' dir='ltr'>officialium</span> <span class='ocrx_word' id='word_1_262' title='bbox 851 1995 981 2019; x_wconf 86' lang='lat' dir='ltr'>archicon-</span> 
     </span>
     <span class='ocr_line' id='line_1_42' title="bbox 239 2043 982 2076; baseline -0.001 -8"><span class='ocrx_word' id='word_1_263' title='bbox 239 2043 424 2068; x_wconf 75' lang='lat' dir='ltr'>fraternitatum</span> <span class='ocrx_word' id='word_1_264' title='bbox 441 2047 467 2068; x_wconf 86' lang='lat' dir='ltr'>et</span> <span class='ocrx_word' id='word_1_265' title='bbox 483 2044 711 2076; x_wconf 81' lang='lat' dir='ltr'>congregationum</span> <span class='ocrx_word' id='word_1_266' title='bbox 728 2044 889 2076; x_wconf 68' lang='lat' dir='ltr'>erigentium,</span> <span class='ocrx_word' id='word_1_267' title='bbox 911 2044 982 2067; x_wconf 89' lang='lat' dir='ltr'>insti-</span> 
     </span>
     <span class='ocr_line' id='line_1_43' title="bbox 240 2093 981 2126; baseline 0.003 -10"><span class='ocrx_word' id='word_1_268' title='bbox 240 2093 373 2122; x_wconf 78' lang='lat' dir='ltr'>tuentium,</span> <span class='ocrx_word' id='word_1_269' title='bbox 394 2093 587 2125; x_wconf 83' lang='lat' dir='ltr'>aggregantium</span> <span class='ocrx_word' id='word_1_270' title='bbox 602 2096 628 2118; x_wconf 86' lang='lat' dir='ltr'>et</span> <span class='ocrx_word' id='word_1_271' title='bbox 645 2094 895 2121; x_wconf 87' lang='lat' dir='ltr'>communicantium,</span> <span class='ocrx_word' id='word_1_272' title='bbox 916 2102 981 2126; x_wconf 82' lang='lat' dir='ltr'>qnae</span> 
     </span>
     <span class='ocr_line' id='line_1_44' title="bbox 240 2143 979 2175; baseline 0.003 -9"><span class='ocrx_word' id='word_1_273' title='bbox 240 2143 489 2167; x_wconf 83' lang='lat' dir='ltr'>confraternitatibus</span> <span class='ocrx_word' id='word_1_274' title='bbox 516 2146 542 2168; x_wconf 87' lang='lat' dir='ltr'>et</span> <span class='ocrx_word' id='word_1_275' title='bbox 568 2144 808 2175; x_wconf 83' lang='lat' dir='ltr'>congregationibus</span> <span class='ocrx_word' id='word_1_276' title='bbox 836 2144 979 2175; x_wconf 78' lang='lat' dir='ltr'>erigendis,</span> 
     </span>
     <span class='ocr_line' id='line_1_45' title="bbox 241 2192 983 2225; baseline 0.001 -9"><span class='ocrx_word' id='word_1_277' title='bbox 241 2192 404 2217; x_wconf 84' lang='lat' dir='ltr'>instituendis</span> <span class='ocrx_word' id='word_1_278' title='bbox 421 2196 446 2217; x_wconf 82' lang='lat' dir='ltr'>et</span> <span class='ocrx_word' id='word_1_279' title='bbox 464 2193 641 2224; x_wconf 82' lang='lat' dir='ltr'>aggregandis,</span> <span class='ocrx_word' id='word_1_280' title='bbox 662 2196 687 2218; x_wconf 87' lang='lat' dir='ltr'>et</span> <span class='ocrx_word' id='word_1_281' title='bbox 704 2193 796 2225; x_wconf 86' lang='lat' dir='ltr'>quibus</span> <span class='ocrx_word' id='word_1_282' title='bbox 813 2194 983 2217; x_wconf 82' lang='lat' dir='ltr'>communica-</span> 
     </span>
     <span class='ocr_line' id='line_1_46' title="bbox 242 2241 982 2274; baseline 0.003 -9"><span class='ocrx_word' id='word_1_283' title='bbox 242 2241 324 2266; x_wconf 80' lang='lat' dir='ltr'>tiones</span> <span class='ocrx_word' id='word_1_284' title='bbox 347 2241 546 2274; x_wconf 83' lang='lat' dir='ltr'>privilegiorum,</span> <span class='ocrx_word' id='word_1_285' title='bbox 574 2242 798 2273; x_wconf 82' lang='lat' dir='ltr'>indulgentiarum,</span> <span class='ocrx_word' id='word_1_286' title='bbox 825 2243 982 2274; x_wconf 83' lang='lat' dir='ltr'>aliarumque</span> 
     </span>
     <span class='ocr_line' id='line_1_47' title="bbox 241 2290 983 2322; baseline 0.001 -8"><span class='ocrx_word' id='word_1_287' title='bbox 241 2290 378 2322; x_wconf 78' lang='lat' dir='ltr'>gratiarum</span> <span class='ocrx_word' id='word_1_288' title='bbox 395 2291 582 2322; x_wconf 84' lang='lat' dir='ltr'>praedictarum</span> <span class='ocrx_word' id='word_1_289' title='bbox 600 2292 670 2319; x_wconf 82' lang='lat' dir='ltr'>fiunt,</span> <span class='ocrx_word' id='word_1_290' title='bbox 691 2299 741 2315; x_wconf 89' lang='lat' dir='ltr'>non</span> <span class='ocrx_word' id='word_1_291' title='bbox 759 2294 861 2316; x_wconf 78' lang='lat' dir='ltr'>servant</span> <span class='ocrx_word' id='word_1_292' title='bbox 878 2293 983 2315; x_wconf 85' lang='lat' dir='ltr'>formam</span> 
     </span>
     <span class='ocr_line' id='line_1_48' title="bbox 242 2339 983 2373; baseline 0.003 -10"><span class='ocrx_word' id='word_1_293' title='bbox 242 2339 268 2363; x_wconf 93' lang='lat' dir='ltr'>in</span> <span class='ocrx_word' id='word_1_294' title='bbox 284 2340 427 2364; x_wconf 85' lang='lat' dir='ltr'>huiusmodi</span> <span class='ocrx_word' id='word_1_295' title='bbox 440 2339 618 2368; x_wconf 83' lang='lat' dir='ltr'>erectionibus,</span> <span class='ocrx_word' id='word_1_296' title='bbox 634 2339 842 2369; x_wconf 84' lang='lat' dir='ltr'>institutionibus,</span> <span class='ocrx_word' id='word_1_297' title='bbox 858 2349 983 2373; x_wconf 81' lang='lat' dir='ltr'>aggrega—</span> 
     </span>
     <span class='ocr_line' id='line_1_49' title="bbox 242 2389 980 2418; baseline 0.001 -5"><span class='ocrx_word' id='word_1_298' title='bbox 242 2389 354 2414; x_wconf 84' lang='lat' dir='ltr'>tionibus</span> <span class='ocrx_word' id='word_1_299' title='bbox 377 2392 403 2414; x_wconf 87' lang='lat' dir='ltr'>et</span> <span class='ocrx_word' id='word_1_300' title='bbox 427 2389 700 2414; x_wconf 78' lang='lat' dir='ltr'>communicationibus</span> <span class='ocrx_word' id='word_1_301' title='bbox 734 2390 829 2414; x_wconf 86' lang='lat' dir='ltr'>servari</span> <span class='ocrx_word' id='word_1_302' title='bbox 855 2390 980 2418; x_wconf 82' lang='lat' dir='ltr'>debitam,</span> 
     </span>
     <span class='ocr_line' id='line_1_50' title="bbox 242 2439 983 2472; baseline 0.001 -10"><span class='ocrx_word' id='word_1_303' title='bbox 242 2445 326 2470; x_wconf 84' lang='lat' dir='ltr'>neque</span> <span class='ocrx_word' id='word_1_304' title='bbox 343 2439 520 2471; x_wconf 86' lang='lat' dir='ltr'>praescribunt</span> <span class='ocrx_word' id='word_1_305' title='bbox 537 2439 640 2463; x_wconf 90' lang='lat' dir='ltr'>modum</span> <span class='ocrx_word' id='word_1_306' title='bbox 658 2447 708 2472; x_wconf 88' lang='lat' dir='ltr'>quo</span> <span class='ocrx_word' id='word_1_307' title='bbox 725 2439 873 2471; x_wconf 84' lang='lat' dir='ltr'>privilegia,</span> <span class='ocrx_word' id='word_1_308' title='bbox 899 2439 983 2463; x_wconf 80' lang='lat' dir='ltr'>indul-</span> 
     </span>
     <span class='ocr_line' id='line_1_51' title="bbox 243 2486 985 2520; baseline 0.003 -10"><span class='ocrx_word' id='word_1_309' title='bbox 243 2486 350 2518; x_wconf 83' lang='lat' dir='ltr'>gentias,</span> <span class='ocrx_word' id='word_1_310' title='bbox 370 2487 512 2517; x_wconf 78' lang='lat' dir='ltr'>facultates,</span> <span class='ocrx_word' id='word_1_311' title='bbox 533 2488 647 2520; x_wconf 84' lang='lat' dir='ltr'>aliasque</span> <span class='ocrx_word' id='word_1_312' title='bbox 675 2488 821 2520; x_wconf 81' lang='lat' dir='ltr'>spirituales</span> <span class='ocrx_word' id='word_1_313' title='bbox 849 2489 942 2520; x_wconf 79' lang='lat' dir='ltr'>gratias</span> <span class='ocrx_word' id='word_1_314' title='bbox 961 2491 985 2512; x_wconf 79' lang='lat' dir='ltr'>et</span> 
     </span>
     <span class='ocr_line' id='line_1_52' title="bbox 244 2536 984 2570; baseline 0.001 -10"><span class='ocrx_word' id='word_1_315' title='bbox 244 2536 342 2561; x_wconf 72' lang='lat' dir='ltr'>indulta</span> <span class='ocrx_word' id='word_1_316' title='bbox 353 2537 482 2569; x_wconf 79' lang='lat' dir='ltr'>praedicta</span> <span class='ocrx_word' id='word_1_317' title='bbox 490 2538 611 2570; x_wconf 85' lang='lat' dir='ltr'>consequi</span> <span class='ocrx_word' id='word_1_318' title='bbox 625 2538 742 2565; x_wconf 84' lang='lat' dir='ltr'>debeant,</span> <span class='ocrx_word' id='word_1_319' title='bbox 753 2545 797 2561; x_wconf 82' lang='lat' dir='ltr'>seu</span> <span class='ocrx_word' id='word_1_320' title='bbox 806 2537 984 2569; x_wconf 79' lang='lat' dir='ltr'>ipsarnmcon-</span> 
     </span>
     <span class='ocr_line' id='line_1_53' title="bbox 244 2584 985 2618; baseline 0.001 -10"><span class='ocrx_word' id='word_1_321' title='bbox 244 2584 429 2610; x_wconf 75' lang='lat' dir='ltr'>fraternitatum</span> <span class='ocrx_word' id='word_1_322' title='bbox 446 2590 471 2610; x_wconf 89' lang='lat' dir='ltr'>et</span> <span class='ocrx_word' id='word_1_323' title='bbox 488 2587 714 2618; x_wconf 81' lang='lat' dir='ltr'>congregationum</span> <span class='ocrx_word' id='word_1_324' title='bbox 733 2586 836 2615; x_wconf 82' lang='lat' dir='ltr'>incuria,</span> <span class='ocrx_word' id='word_1_325' title='bbox 853 2594 917 2618; x_wconf 85' lang='lat' dir='ltr'>quae</span> <span class='ocrx_word' id='word_1_326' title='bbox 936 2594 985 2610; x_wconf 89' lang='lat' dir='ltr'>non</span> 
     </span>
     <span class='ocr_line' id='line_1_54' title="bbox 246 2634 985 2667; baseline 0.003 -10"><span class='ocrx_word' id='word_1_327' title='bbox 246 2634 376 2666; x_wconf 88' lang='lat' dir='ltr'>inquirunt</span> <span class='ocrx_word' id='word_1_328' title='bbox 403 2643 433 2659; x_wconf 83' lang='lat' dir='ltr'>ea</span> <span class='ocrx_word' id='word_1_329' title='bbox 450 2643 515 2667; x_wconf 82' lang='lat' dir='ltr'>quae</span> <span class='ocrx_word' id='word_1_330' title='bbox 525 2638 653 2667; x_wconf 79' lang='lat' dir='ltr'>praestare</span> <span class='ocrx_word' id='word_1_331' title='bbox 671 2637 770 2667; x_wconf 82' lang='lat' dir='ltr'>oportet</span> <span class='ocrx_word' id='word_1_332' title='bbox 798 2638 823 2658; x_wconf 84' lang='lat' dir='ltr'>ut</span> <span class='ocrx_word' id='word_1_333' title='bbox 841 2634 883 2659; x_wconf 80' lang='lat' dir='ltr'>illa</span> <span class='ocrx_word' id='word_1_334' title='bbox 895 2643 985 2659; x_wconf 59' lang='lat' dir='ltr'>conse&gt;</span> 
     </span>
     <span class='ocr_line' id='line_1_55' title="bbox 246 2685 432 2714; baseline -0.005 -6"><span class='ocrx_word' id='word_1_335' title='bbox 246 2685 363 2714; x_wconf 69' lang='lat' dir='ltr'>quantur,</span> <span class='ocrx_word' id='word_1_336' title='bbox 383 2687 432 2708; x_wconf 83' lang='lat' dir='ltr'>etc.</span> 
     </span>
    </p>
   </div>
   <div class='ocr_carea' id='block_1_12' title="bbox 1306 338 1473 363">
    <p class='ocr_par' dir='ltr' id='par_1_14' title="bbox 1306 338 1473 363">
     <span class='ocr_line' id='line_1_56' title="bbox 1306 338 1473 363; baseline 0 0"><span class='ocrx_word' id='word_1_337' title='bbox 1306 338 1375 363; x_wconf 69' lang='lat' dir='ltr'>Edit.</span> <span class='ocrx_word' id='word_1_338' title='bbox 1401 339 1473 363; x_wconf 74' lang='lat' dir='ltr'>Taur.</span> 
     </span>
    </p>
   </div>
   <div class='ocr_carea' id='block_1_13' title="bbox 1296 396 1773 501">
    <p class='ocr_par' dir='ltr' id='par_1_15' title="bbox 1296 396 1773 501">
     <span class='ocr_line' id='line_1_57' title="bbox 1312 396 1579 421; baseline -0.007 0"><span class='ocrx_word' id='word_1_339' title='bbox 1312 399 1327 421; x_wconf 69' lang='lat'>2</span> <span class='ocrx_word' id='word_1_340' title='bbox 1346 398 1389 421; x_wconf 76' lang='lat' dir='ltr'>ult.</span> <span class='ocrx_word' id='word_1_341' title='bbox 1409 396 1579 421; x_wconf 87' lang='lat' dir='ltr'>conferendos</span> 
     </span>
     <span class='ocr_line' id='line_1_58' title="bbox 1296 435 1773 462; baseline -0.006 -1"><span class='ocrx_word' id='word_1_342' title='bbox 1296 439 1324 461; x_wconf 85' lang='lat'>15</span> <span class='ocrx_word' id='word_1_343' title='bbox 1343 438 1386 461; x_wconf 71' lang='lat' dir='ltr'>ult.</span> <span class='ocrx_word' id='word_1_344' title='bbox 1407 439 1477 462; x_wconf 82' lang='lat' dir='ltr'>extra</span> <span class='ocrx_word' id='word_1_345' title='bbox 1500 436 1592 460; x_wconf 87' lang='lat' dir='ltr'>dictam</span> <span class='ocrx_word' id='word_1_346' title='bbox 1616 435 1712 459; x_wconf 84' lang='lat' dir='ltr'>curiam</span> <span class='ocrx_word' id='word_1_347' title='bbox 1729 443 1773 459; x_wconf 78' lang='lat' dir='ltr'>va-</span> 
     </span>
     <span class='ocr_line' id='line_1_59' title="bbox 1435 480 1522 501; baseline -0.011 -1"><span class='ocrx_word' id='word_1_348' title='bbox 1435 480 1522 501; x_wconf 77' lang='lat' dir='ltr'>carent</span> 
     </span>
    </p>
   </div>
   <div class='ocr_carea' id='block_1_14' title="bbox 1030 397 1264 461">
    <p class='ocr_par' dir='ltr' id='par_1_16' title="bbox 1030 397 1264 461">
     <span class='ocr_line' id='line_1_60' title="bbox 1030 397 1264 428; baseline 0.004 -8"><span class='ocrx_word' id='word_1_349' title='bbox 1030 398 1087 428; x_wconf 66' lang='lat' dir='ltr'>pay.</span> <span class='ocrx_word' id='word_1_350' title='bbox 1110 398 1152 421; x_wconf 90' lang='grc'>111</span> <span class='ocrx_word' id='word_1_351' title='bbox 1169 397 1264 422; x_wconf 80' lang='lat' dir='ltr'>alinea</span> 
     </span>
     <span class='ocr_line' id='line_1_61' title="bbox 1062 438 1228 461; baseline -0.006 -1"><span class='ocrx_word' id='word_1_352' title='bbox 1062 448 1073 460; x_wconf 77' lang='lat'>»</span> <span class='ocrx_word' id='word_1_353' title='bbox 1110 438 1152 461; x_wconf 88' lang='grc'>111</span> <span class='ocrx_word' id='word_1_354' title='bbox 1171 439 1183 461; x_wconf 87' lang='lat' dir='ltr'>b</span> <span class='ocrx_word' id='word_1_355' title='bbox 1218 448 1228 460; x_wconf 53' lang='grc' dir='ltr'>γ)</span> 
     </span>
    </p>
   </div>
   <div class='ocr_carea' id='block_1_15' title="bbox 1061 517 1777 1747">
    <p class='ocr_par' dir='ltr' id='par_1_17' title="bbox 1061 517 1526 540">
     <span class='ocr_line' id='line_1_62' title="bbox 1061 517 1526 540; baseline 0.002 -1"><span class='ocrx_word' id='word_1_356' title='bbox 1061 526 1072 539; x_wconf 77' lang='grc'><strong>»</strong></span> <span class='ocrx_word' id='word_1_357' title='bbox 1108 517 1151 540; x_wconf 92' lang='grc'>111</span> <span class='ocrx_word' id='word_1_358' title='bbox 1171 517 1183 539; x_wconf 67' lang='lat' dir='ltr'>l»</span> <span class='ocrx_word' id='word_1_359' title='bbox 1216 526 1227 537; x_wconf 64' lang='lat'>›&gt;</span> <span class='ocrx_word' id='word_1_360' title='bbox 1295 518 1321 539; x_wconf 95' lang='grc'>11</span> <span class='ocrx_word' id='word_1_361' title='bbox 1340 517 1384 540; x_wconf 75' lang='lat' dir='ltr'>ult.</span> <span class='ocrx_word' id='word_1_362' title='bbox 1406 520 1526 540; x_wconf 83' lang='lat' dir='ltr'>vacantes</span> 
     </span>
    </p>

    <p class='ocr_par' dir='ltr' id='par_1_18' title="bbox 1062 556 1630 581">
     <span class='ocr_line' id='line_1_63' title="bbox 1062 556 1630 581; baseline 0.005 -4"><span class='ocrx_word' id='word_1_363' title='bbox 1062 567 1072 579; x_wconf 66' lang='lat' dir='ltr'>&gt;r</span> <span class='ocrx_word' id='word_1_364' title='bbox 1108 557 1152 580; x_wconf 59' lang='lat'>1122</span> <span class='ocrx_word' id='word_1_365' title='bbox 1169 565 1184 579; x_wconf 85' lang='grc' dir='ltr'><em>α</em></span> <span class='ocrx_word' id='word_1_366' title='bbox 1218 566 1229 579; x_wconf 71' lang='grc' dir='ltr'>&gt;ι</span> <span class='ocrx_word' id='word_1_367' title='bbox 1279 558 1324 580; x_wconf 83' lang='grc'>8-6</span> <span class='ocrx_word' id='word_1_368' title='bbox 1340 557 1387 580; x_wconf 77' lang='lat' dir='ltr'>ult.</span> <span class='ocrx_word' id='word_1_369' title='bbox 1407 565 1484 581; x_wconf 83' lang='lat' dir='ltr'>nec...</span> <span class='ocrx_word' id='word_1_370' title='bbox 1504 556 1630 581; x_wconf 79' lang='lat' dir='ltr'>ullatenus</span> 
     </span>
    </p>

    <p class='ocr_par' dir='ltr' id='par_1_19' title="bbox 1061 598 1435 629">
     <span class='ocr_line' id='line_1_64' title="bbox 1061 598 1435 629; baseline 0.005 -10"><span class='ocrx_word' id='word_1_371' title='bbox 1061 606 1072 619; x_wconf 73' lang='lat'>&gt;1</span> <span class='ocrx_word' id='word_1_372' title='bbox 1108 598 1153 620; x_wconf 70' lang='grc' dir='ltr'><strong>1Ῑῖ</strong></span> <span class='ocrx_word' id='word_1_373' title='bbox 1169 605 1183 620; x_wconf 82' lang='grc' dir='ltr'><em>α</em></span> <span class='ocrx_word' id='word_1_374' title='bbox 1219 607 1230 629; x_wconf 65' lang='lat'>&gt;3</span> <span class='ocrx_word' id='word_1_375' title='bbox 1312 598 1326 620; x_wconf 82' lang='lat'>5</span> <span class='ocrx_word' id='word_1_376' title='bbox 1342 598 1389 620; x_wconf 67' lang='lat' dir='ltr'>uit.</span> <span class='ocrx_word' id='word_1_377' title='bbox 1409 602 1435 621; x_wconf 79' lang='lat' dir='ltr'>et</span> 
     </span>
    </p>

    <p class='ocr_par' dir='ltr' id='par_1_20' title="bbox 1062 637 1481 662">
     <span class='ocr_line' id='line_1_65' title="bbox 1062 637 1481 662; baseline 0.005 -3"><span class='ocrx_word' id='word_1_378' title='bbox 1062 647 1073 659; x_wconf 62' lang='lat' dir='ltr'>&gt;s</span> <span class='ocrx_word' id='word_1_379' title='bbox 1109 638 1152 661; x_wconf 81' lang='lat'>113</span> <span class='ocrx_word' id='word_1_380' title='bbox 1171 638 1182 660; x_wconf 85' lang='lat' dir='ltr'>b</span> <span class='ocrx_word' id='word_1_381' title='bbox 1215 647 1226 659; x_wconf 50' lang='lat'>&gt;³</span> <span class='ocrx_word' id='word_1_382' title='bbox 1307 638 1321 660; x_wconf 83' lang='lat'>7</span> <span class='ocrx_word' id='word_1_383' title='bbox 1338 637 1384 661; x_wconf 79' lang='lat' dir='ltr'>ult.</span> <span class='ocrx_word' id='word_1_384' title='bbox 1404 638 1481 662; x_wconf 81' lang='lat' dir='ltr'>etiam</span> 
     </span>
    </p>

    <p class='ocr_par' dir='ltr' id='par_1_21' title="bbox 1064 677 1774 741">
     <span class='ocr_line' id='line_1_66' title="bbox 1064 677 1774 709; baseline 0.001 -10"><span class='ocrx_word' id='word_1_385' title='bbox 1064 686 1075 697; x_wconf 60' lang='lat' dir='ltr'>a&gt;</span> <span class='ocrx_word' id='word_1_386' title='bbox 1111 677 1154 700; x_wconf 85' lang='grc'>114</span> <span class='ocrx_word' id='word_1_387' title='bbox 1174 678 1185 699; x_wconf 83' lang='lat' dir='ltr'>b</span> <span class='ocrx_word' id='word_1_388' title='bbox 1220 687 1231 699; x_wconf 65' lang='grc' dir='ltr'>υ</span> <span class='ocrx_word' id='word_1_389' title='bbox 1297 678 1326 701; x_wconf 86' lang='grc'>18</span> <span class='ocrx_word' id='word_1_390' title='bbox 1406 685 1567 709; x_wconf 86' lang='lat' dir='ltr'>quocumque</span> <span class='ocrx_word' id='word_1_391' title='bbox 1586 677 1661 701; x_wconf 85' lang='lat' dir='ltr'>modo</span> <span class='ocrx_word' id='word_1_392' title='bbox 1679 677 1774 700; x_wconf 81' lang='lat' dir='ltr'>facien-</span> 
     </span>
     <span class='ocr_line' id='line_1_67' title="bbox 1436 717 1703 741; baseline 0 -1"><span class='ocrx_word' id='word_1_393' title='bbox 1436 717 1482 741; x_wconf 88' lang='lat' dir='ltr'>dae</span> <span class='ocrx_word' id='word_1_394' title='bbox 1500 717 1618 741; x_wconf 80' lang='lat' dir='ltr'>standum</span> <span class='ocrx_word' id='word_1_395' title='bbox 1635 720 1703 741; x_wconf 86' lang='lat' dir='ltr'>esset</span> 
     </span>
    </p>

    <p class='ocr_par' dir='ltr' id='par_1_22' title="bbox 1063 756 1776 828">
     <span class='ocr_line' id='line_1_68' title="bbox 1063 756 1776 784; baseline -0.001 -4"><span class='ocrx_word' id='word_1_396' title='bbox 1063 766 1074 780; x_wconf 64' lang='lat'>71</span> <span class='ocrx_word' id='word_1_397' title='bbox 1110 757 1154 779; x_wconf 82' lang='grc'>114</span> <span class='ocrx_word' id='word_1_398' title='bbox 1173 757 1185 779; x_wconf 74' lang='grc' dir='ltr'>ὁ</span> <span class='ocrx_word' id='word_1_399' title='bbox 1217 766 1227 778; x_wconf 58' lang='lat' dir='ltr'>&gt;s</span> <span class='ocrx_word' id='word_1_400' title='bbox 1312 756 1322 778; x_wconf 94' lang='lat' dir='ltr'>l</span> <span class='ocrx_word' id='word_1_401' title='bbox 1341 756 1387 779; x_wconf 78' lang='lat' dir='ltr'>ult.</span> <span class='ocrx_word' id='word_1_402' title='bbox 1408 759 1562 784; x_wconf 86' lang='lat' dir='ltr'>tenerentur,</span> <span class='ocrx_word' id='word_1_403' title='bbox 1584 760 1609 780; x_wconf 83' lang='lat' dir='ltr'>et</span> <span class='ocrx_word' id='word_1_404' title='bbox 1627 765 1675 780; x_wconf 91' lang='lat' dir='ltr'>non</span> <span class='ocrx_word' id='word_1_405' title='bbox 1689 759 1776 780; x_wconf 84' lang='lat' dir='ltr'>eontra</span> 
     </span>
     <span class='ocr_line' id='line_1_69' title="bbox 1436 797 1574 828; baseline 0 -8"><span class='ocrx_word' id='word_1_406' title='bbox 1436 797 1574 828; x_wconf 87' lang='lat' dir='ltr'>praemissa</span> 
     </span>
    </p>

    <p class='ocr_par' dir='ltr' id='par_1_23' title="bbox 1064 836 1560 869">
     <span class='ocr_line' id='line_1_70' title="bbox 1064 836 1560 869; baseline 0 -9"><span class='ocrx_word' id='word_1_407' title='bbox 1064 848 1075 860; x_wconf 63' lang='lat'>2&gt;</span> <span class='ocrx_word' id='word_1_408' title='bbox 1111 838 1155 860; x_wconf 85' lang='lat'>117</span> <span class='ocrx_word' id='word_1_409' title='bbox 1172 845 1186 860; x_wconf 88' lang='grc' dir='ltr'><em>α</em></span> <span class='ocrx_word' id='word_1_410' title='bbox 1221 848 1231 858; x_wconf 47' lang='grc' dir='ltr'>τιν</span> <span class='ocrx_word' id='word_1_411' title='bbox 1313 838 1327 859; x_wconf 85' lang='grc'>5</span> <span class='ocrx_word' id='word_1_412' title='bbox 1343 836 1388 860; x_wconf 76' lang='lat' dir='ltr'>ult.</span> <span class='ocrx_word' id='word_1_413' title='bbox 1406 837 1560 869; x_wconf 84' lang='lat' dir='ltr'>disposuerit</span> 
     </span>
    </p>

    <p class='ocr_par' dir='ltr' id='par_1_24' title="bbox 1064 876 1574 908">
     <span class='ocr_line' id='line_1_71' title="bbox 1064 876 1574 908; baseline 0 -8"><span class='ocrx_word' id='word_1_414' title='bbox 1064 887 1074 899; x_wconf 52' lang='grc' dir='ltr'>υ»</span> <span class='ocrx_word' id='word_1_415' title='bbox 1111 878 1155 900; x_wconf 91' lang='lat'>117</span> <span class='ocrx_word' id='word_1_416' title='bbox 1174 878 1185 899; x_wconf 87' lang='lat' dir='ltr'>b</span> <span class='ocrx_word' id='word_1_417' title='bbox 1220 890 1230 899; x_wconf 49' lang='lat' dir='ltr'>,r</span> <span class='ocrx_word' id='word_1_418' title='bbox 1314 878 1325 899; x_wconf 99' lang='lat'>1</span> <span class='ocrx_word' id='word_1_419' title='bbox 1406 876 1574 908; x_wconf 72' lang='lat' dir='ltr'>applicaverit</span> 
     </span>
    </p>

    <p class='ocr_par' dir='ltr' id='par_1_25' title="bbox 1065 917 1640 945">
     <span class='ocr_line' id='line_1_72' title="bbox 1065 917 1640 945; baseline 0.002 -6"><span class='ocrx_word' id='word_1_420' title='bbox 1065 928 1075 939; x_wconf 78' lang='lat'>&gt;›</span> <span class='ocrx_word' id='word_1_421' title='bbox 1112 918 1156 940; x_wconf 76' lang='grc'>118</span> <span class='ocrx_word' id='word_1_422' title='bbox 1175 918 1186 939; x_wconf 70' lang='grc' dir='ltr'>ῘῚ</span> <span class='ocrx_word' id='word_1_423' title='bbox 1221 927 1231 938; x_wconf 77' lang='grc'>&gt;&gt;</span> <span class='ocrx_word' id='word_1_424' title='bbox 1299 918 1327 940; x_wconf 81' lang='grc'>18</span> <span class='ocrx_word' id='word_1_425' title='bbox 1408 917 1467 940; x_wconf 79' lang='grc'><strong>1604</strong></span> <span class='ocrx_word' id='word_1_426' title='bbox 1484 924 1525 940; x_wconf 76' lang='lat' dir='ltr'>an.</span> <span class='ocrx_word' id='word_1_427' title='bbox 1550 924 1592 940; x_wconf 81' lang='lat' dir='ltr'>Xlll</span> <span class='ocrx_word' id='word_1_428' title='bbox 1612 918 1640 945; x_wconf 54' lang='lat' dir='ltr'>(P)</span> 
     </span>
    </p>

    <p class='ocr_par' dir='ltr' id='par_1_26' title="bbox 1064 957 1541 988">
     <span class='ocr_line' id='line_1_73' title="bbox 1064 957 1541 988; baseline -0.004 -7"><span class='ocrx_word' id='word_1_429' title='bbox 1064 967 1076 980; x_wconf 78' lang='lat'><strong>»</strong></span> <span class='ocrx_word' id='word_1_430' title='bbox 1112 959 1156 981; x_wconf 66' lang='lat'>122</span> <span class='ocrx_word' id='word_1_431' title='bbox 1175 958 1186 980; x_wconf 80' lang='lat' dir='ltr'>b</span> <span class='ocrx_word' id='word_1_432' title='bbox 1298 958 1326 980; x_wconf 89' lang='lat'>15</span> <span class='ocrx_word' id='word_1_433' title='bbox 1405 957 1541 988; x_wconf 81' lang='lat' dir='ltr'>primatiali</span> 
     </span>
    </p>

    <p class='ocr_par' dir='ltr' id='par_1_27' title="bbox 1065 996 1487 1020">
     <span class='ocr_line' id='line_1_74' title="bbox 1065 996 1487 1020; baseline -0.002 0"><span class='ocrx_word' id='word_1_434' title='bbox 1065 1008 1076 1020; x_wconf 59' lang='grc' dir='ltr'>ι»</span> <span class='ocrx_word' id='word_1_435' title='bbox 1113 998 1157 1020; x_wconf 63' lang='grc'><strong>196</strong></span> <span class='ocrx_word' id='word_1_436' title='bbox 1176 998 1187 1020; x_wconf 82' lang='lat' dir='ltr'>b</span> <span class='ocrx_word' id='word_1_437' title='bbox 1221 1007 1231 1019; x_wconf 83' lang='lat'>»</span> <span class='ocrx_word' id='word_1_438' title='bbox 1314 997 1328 1019; x_wconf 76' lang='grc'>6</span> <span class='ocrx_word' id='word_1_439' title='bbox 1345 996 1391 1019; x_wconf 80' lang='lat' dir='ltr'>ult.</span> <span class='ocrx_word' id='word_1_440' title='bbox 1412 996 1487 1020; x_wconf 74' lang='lat' dir='ltr'>alicui</span> 
     </span>
    </p>

    <p class='ocr_par' dir='ltr' id='par_1_28' title="bbox 1066 1037 1533 1061">
     <span class='ocr_line' id='line_1_75' title="bbox 1066 1037 1533 1061; baseline -0.002 0"><span class='ocrx_word' id='word_1_441' title='bbox 1066 1048 1077 1060; x_wconf 63' lang='grc' dir='ltr'>υ</span> <span class='ocrx_word' id='word_1_442' title='bbox 1114 1039 1158 1061; x_wconf 71' lang='lat'>128</span> <span class='ocrx_word' id='word_1_443' title='bbox 1174 1046 1187 1061; x_wconf 88' lang='grc' dir='ltr'><em>α</em></span> <span class='ocrx_word' id='word_1_444' title='bbox 1223 1048 1234 1060; x_wconf 70' lang='lat'>20</span> <span class='ocrx_word' id='word_1_445' title='bbox 1315 1038 1329 1060; x_wconf 84' lang='lat'>9</span> <span class='ocrx_word' id='word_1_446' title='bbox 1409 1037 1533 1060; x_wconf 83' lang='lat' dir='ltr'>modicam</span> 
     </span>
    </p>

    <p class='ocr_par' dir='ltr' id='par_1_29' title="bbox 1066 1077 1597 1109">
     <span class='ocr_line' id='line_1_76' title="bbox 1066 1077 1597 1109; baseline -0.004 -7"><span class='ocrx_word' id='word_1_447' title='bbox 1066 1088 1076 1101; x_wconf 50' lang='lat' dir='ltr'>&gt;x</span> <span class='ocrx_word' id='word_1_448' title='bbox 1113 1080 1157 1102; x_wconf 75' lang='lat'>128</span> <span class='ocrx_word' id='word_1_449' title='bbox 1175 1079 1187 1101; x_wconf 84' lang='lat' dir='ltr'>b</span> <span class='ocrx_word' id='word_1_450' title='bbox 1220 1088 1231 1099; x_wconf 64' lang='lat'>÷›</span> <span class='ocrx_word' id='word_1_451' title='bbox 1313 1079 1327 1100; x_wconf 85' lang='grc'><strong>4</strong></span> <span class='ocrx_word' id='word_1_452' title='bbox 1407 1077 1597 1109; x_wconf 80' lang='lat' dir='ltr'>quomodolibet</span> 
     </span>
    </p>

    <p class='ocr_par' dir='ltr' id='par_1_30' title="bbox 1068 1118 1568 1141">
     <span class='ocr_line' id='line_1_77' title="bbox 1068 1118 1568 1141; baseline 0 -1"><span class='ocrx_word' id='word_1_453' title='bbox 1068 1128 1077 1140; x_wconf 61' lang='grc' dir='ltr'>,υ</span> <span class='ocrx_word' id='word_1_454' title='bbox 1116 1119 1160 1141; x_wconf 86' lang='grc'><strong>130</strong></span> <span class='ocrx_word' id='word_1_455' title='bbox 1177 1127 1192 1141; x_wconf 68' lang='grc' dir='ltr'>α,</span> <span class='ocrx_word' id='word_1_456' title='bbox 1226 1127 1237 1139; x_wconf 74' lang='lat'>»</span> <span class='ocrx_word' id='word_1_457' title='bbox 1305 1118 1332 1140; x_wconf 73' lang='lat'>16</span> <span class='ocrx_word' id='word_1_458' title='bbox 1413 1120 1437 1141; x_wconf 91' lang='lat' dir='ltr'>et</span> <span class='ocrx_word' id='word_1_459' title='bbox 1456 1118 1480 1141; x_wconf 91' lang='lat' dir='ltr'>in</span> <span class='ocrx_word' id='word_1_460' title='bbox 1499 1126 1568 1141; x_wconf 83' lang='lat' dir='ltr'>mora</span> 
     </span>
    </p>

    <p class='ocr_par' dir='ltr' id='par_1_31' title="bbox 1068 1157 1755 1188">
     <span class='ocr_line' id='line_1_78' title="bbox 1068 1157 1755 1188; baseline -0.003 -7"><span class='ocrx_word' id='word_1_461' title='bbox 1068 1168 1078 1180; x_wconf 53' lang='grc' dir='ltr'>ν·</span> <span class='ocrx_word' id='word_1_462' title='bbox 1114 1158 1156 1181; x_wconf 85' lang='grc'>131</span> <span class='ocrx_word' id='word_1_463' title='bbox 1175 1167 1189 1181; x_wconf 84' lang='grc' dir='ltr'><em>α</em></span> <span class='ocrx_word' id='word_1_464' title='bbox 1301 1158 1329 1180; x_wconf 77' lang='lat'>15</span> <span class='ocrx_word' id='word_1_465' title='bbox 1409 1165 1502 1180; x_wconf 84' lang='lat' dir='ltr'>annum</span> <span class='ocrx_word' id='word_1_466' title='bbox 1522 1165 1571 1180; x_wconf 89' lang='lat' dir='ltr'>non</span> <span class='ocrx_word' id='word_1_467' title='bbox 1589 1157 1755 1188; x_wconf 74' lang='lat' dir='ltr'>compleverit</span> 
     </span>
    </p>

    <p class='ocr_par' dir='ltr' id='par_1_32' title="bbox 1067 1196 1777 1267">
     <span class='ocr_line' id='line_1_79' title="bbox 1067 1196 1777 1228; baseline 0 -9"><span class='ocrx_word' id='word_1_468' title='bbox 1067 1208 1077 1219; x_wconf 79' lang='lat' dir='ltr'>l!</span> <span class='ocrx_word' id='word_1_469' title='bbox 1114 1198 1155 1220; x_wconf 89' lang='lat'>131</span> <span class='ocrx_word' id='word_1_470' title='bbox 1174 1206 1189 1221; x_wconf 85' lang='lat' dir='ltr'>a</span> <span class='ocrx_word' id='word_1_471' title='bbox 1315 1198 1329 1220; x_wconf 77' lang='grc'><strong>6</strong></span> <span class='ocrx_word' id='word_1_472' title='bbox 1346 1197 1390 1220; x_wconf 75' lang='lat' dir='ltr'>ult.</span> <span class='ocrx_word' id='word_1_473' title='bbox 1411 1196 1530 1228; x_wconf 76' lang='lat' dir='ltr'>supplere</span> <span class='ocrx_word' id='word_1_474' title='bbox 1559 1197 1584 1220; x_wconf 88' lang='lat' dir='ltr'>in</span> <span class='ocrx_word' id='word_1_475' title='bbox 1612 1197 1706 1227; x_wconf 83' lang='lat' dir='ltr'>primo,</span> <span class='ocrx_word' id='word_1_476' title='bbox 1738 1196 1777 1219; x_wconf 87' lang='lat' dir='ltr'>vel</span> 
     </span>
     <span class='ocr_line' id='line_1_80' title="bbox 1438 1236 1694 1267; baseline 0 -8"><span class='ocrx_word' id='word_1_477' title='bbox 1438 1236 1604 1267; x_wconf 74' lang='lat' dir='ltr'>sequentibus</span> <span class='ocrx_word' id='word_1_478' title='bbox 1621 1237 1694 1260; x_wconf 79' lang='lat' dir='ltr'>annis</span> 
     </span>
    </p>

    <p class='ocr_par' dir='ltr' id='par_1_33' title="bbox 1067 1356 1530 1380">
     <span class='ocr_line' id='line_1_81' title="bbox 1067 1356 1530 1380; baseline 0.004 -3"><span class='ocrx_word' id='word_1_479' title='bbox 1067 1369 1078 1377; x_wconf 63' lang='grc' dir='ltr'><em>υ</em></span> <span class='ocrx_word' id='word_1_480' title='bbox 1115 1356 1156 1379; x_wconf 87' lang='lat'>131</span> <span class='ocrx_word' id='word_1_481' title='bbox 1177 1356 1189 1378; x_wconf 89' lang='lat' dir='ltr'><strong><em>b</em></strong></span> <span class='ocrx_word' id='word_1_482' title='bbox 1222 1366 1232 1378; x_wconf 56' lang='grc' dir='ltr'>ι)</span> <span class='ocrx_word' id='word_1_483' title='bbox 1314 1356 1327 1378; x_wconf 89' lang='grc'>4</span> <span class='ocrx_word' id='word_1_484' title='bbox 1345 1356 1390 1379; x_wconf 72' lang='lat' dir='ltr'>ult.</span> <span class='ocrx_word' id='word_1_485' title='bbox 1411 1356 1530 1380; x_wconf 80' lang='lat' dir='ltr'>exteriori</span> 
     </span>
    </p>

    <p class='ocr_par' dir='ltr' id='par_1_34' title="bbox 1068 1395 1775 1460">
     <span class='ocr_line' id='line_1_82' title="bbox 1068 1395 1775 1425; baseline 0.001 -8"><span class='ocrx_word' id='word_1_486' title='bbox 1068 1405 1079 1417; x_wconf 49' lang='grc' dir='ltr'>ν,</span> <span class='ocrx_word' id='word_1_487' title='bbox 1116 1396 1159 1418; x_wconf 87' lang='grc'>133</span> <span class='ocrx_word' id='word_1_488' title='bbox 1178 1395 1189 1418; x_wconf 81' lang='lat' dir='ltr'>b</span> <span class='ocrx_word' id='word_1_489' title='bbox 1224 1404 1235 1417; x_wconf 66' lang='lat'>»</span> <span class='ocrx_word' id='word_1_490' title='bbox 1317 1396 1328 1418; x_wconf 88' lang='lat' dir='ltr'>l</span> <span class='ocrx_word' id='word_1_491' title='bbox 1347 1395 1392 1418; x_wconf 78' lang='lat' dir='ltr'>ult.</span> <span class='ocrx_word' id='word_1_492' title='bbox 1413 1395 1480 1419; x_wconf 83' lang='lat' dir='ltr'>dicto</span> <span class='ocrx_word' id='word_1_493' title='bbox 1506 1395 1586 1419; x_wconf 87' lang='lat' dir='ltr'>ordini</span> <span class='ocrx_word' id='word_1_494' title='bbox 1616 1396 1686 1425; x_wconf 75' lang='lat' dir='ltr'>(vel.)</span> <span class='ocrx_word' id='word_1_495' title='bbox 1716 1395 1775 1419; x_wconf 84' lang='lat' dir='ltr'>dicti</span> 
     </span>
     <span class='ocr_line' id='line_1_83' title="bbox 1439 1435 1636 1460; baseline -0.005 -1"><span class='ocrx_word' id='word_1_496' title='bbox 1439 1435 1534 1459; x_wconf 86' lang='lat' dir='ltr'>ordinis</span> <span class='ocrx_word' id='word_1_497' title='bbox 1552 1435 1636 1460; x_wconf 83' lang='lat' dir='ltr'>decori</span> 
     </span>
    </p>

    <p class='ocr_par' dir='ltr' id='par_1_35' title="bbox 1068 1474 1620 1504">
     <span class='ocr_line' id='line_1_84' title="bbox 1068 1474 1620 1504; baseline 0.004 -8"><span class='ocrx_word' id='word_1_498' title='bbox 1068 1485 1077 1496; x_wconf 47' lang='lat' dir='ltr'>:v</span> <span class='ocrx_word' id='word_1_499' title='bbox 1114 1475 1158 1497; x_wconf 81' lang='lat'>138</span> <span class='ocrx_word' id='word_1_500' title='bbox 1175 1474 1187 1496; x_wconf 82' lang='lat' dir='ltr'>b</span> <span class='ocrx_word' id='word_1_501' title='bbox 1220 1484 1231 1497; x_wconf 57' lang='grc' dir='ltr'>»ι</span> <span class='ocrx_word' id='word_1_502' title='bbox 1314 1476 1325 1498; x_wconf 95' lang='lat' dir='ltr'>l</span> <span class='ocrx_word' id='word_1_503' title='bbox 1344 1475 1390 1498; x_wconf 78' lang='lat' dir='ltr'>ult.</span> <span class='ocrx_word' id='word_1_504' title='bbox 1411 1482 1462 1498; x_wconf 93' lang='lat' dir='ltr'>non</span> <span class='ocrx_word' id='word_1_505' title='bbox 1479 1475 1581 1498; x_wconf 87' lang='lat' dir='ltr'>tradunt</span> <span class='ocrx_word' id='word_1_506' title='bbox 1595 1476 1620 1504; x_wconf 54' lang='grc' dir='ltr'>(ἢ</span> 
     </span>
    </p>

    <p class='ocr_par' dir='ltr' id='par_1_36' title="bbox 1074 1515 1606 1539">
     <span class='ocr_line' id='line_1_85' title="bbox 1074 1515 1606 1539; baseline 0.004 -2"><span class='ocrx_word' id='word_1_507' title='bbox 1074 1526 1078 1536; x_wconf 89' lang='lat'>›</span> <span class='ocrx_word' id='word_1_508' title='bbox 1114 1516 1158 1538; x_wconf 81' lang='lat'>139</span> <span class='ocrx_word' id='word_1_509' title='bbox 1179 1515 1190 1537; x_wconf 87' lang='lat' dir='ltr'>b</span> <span class='ocrx_word' id='word_1_510' title='bbox 1224 1524 1235 1537; x_wconf 51' lang='lat'>&gt;⁸</span> <span class='ocrx_word' id='word_1_511' title='bbox 1302 1516 1331 1538; x_wconf 82' lang='lat'>13</span> <span class='ocrx_word' id='word_1_512' title='bbox 1410 1518 1436 1538; x_wconf 87' lang='lat' dir='ltr'>et</span> <span class='ocrx_word' id='word_1_513' title='bbox 1453 1515 1606 1539; x_wconf 77' lang='lat' dir='ltr'>christianae</span> 
     </span>
    </p>

    <p class='ocr_par' dir='ltr' id='par_1_37' title="bbox 1068 1555 1567 1579">
     <span class='ocr_line' id='line_1_86' title="bbox 1068 1555 1567 1579; baseline 0.004 -2"><span class='ocrx_word' id='word_1_514' title='bbox 1068 1568 1077 1575; x_wconf 53' lang='lat' dir='ltr'>r·</span> <span class='ocrx_word' id='word_1_515' title='bbox 1114 1556 1158 1578; x_wconf 75' lang='grc'>144</span> <span class='ocrx_word' id='word_1_516' title='bbox 1176 1555 1188 1577; x_wconf 83' lang='lat' dir='ltr'>b</span> <span class='ocrx_word' id='word_1_517' title='bbox 1221 1564 1231 1576; x_wconf 64' lang='lat'>&gt;2</span> <span class='ocrx_word' id='word_1_518' title='bbox 1314 1556 1327 1578; x_wconf 83' lang='lat'>3</span> <span class='ocrx_word' id='word_1_519' title='bbox 1407 1555 1567 1579; x_wconf 83' lang='lat' dir='ltr'>conditiones</span> 
     </span>
    </p>

    <p class='ocr_par' dir='ltr' id='par_1_38' title="bbox 1068 1595 1577 1627">
     <span class='ocr_line' id='line_1_87' title="bbox 1068 1595 1577 1627; baseline 0.004 -10"><span class='ocrx_word' id='word_1_520' title='bbox 1068 1605 1078 1616; x_wconf 84' lang='lat'>&gt;·</span> <span class='ocrx_word' id='word_1_521' title='bbox 1114 1595 1156 1617; x_wconf 83' lang='grc'>144</span> <span class='ocrx_word' id='word_1_522' title='bbox 1176 1595 1188 1617; x_wconf 84' lang='lat' dir='ltr'>b</span> <span class='ocrx_word' id='word_1_523' title='bbox 1221 1604 1232 1617; x_wconf 62' lang='lat' dir='ltr'>&gt;v</span> <span class='ocrx_word' id='word_1_524' title='bbox 1314 1595 1327 1617; x_wconf 78' lang='lat'>4</span> <span class='ocrx_word' id='word_1_525' title='bbox 1408 1595 1577 1627; x_wconf 79' lang='lat' dir='ltr'>praescriptas</span> 
     </span>
    </p>

    <p class='ocr_par' dir='ltr' id='par_1_39' title="bbox 1068 1635 1479 1659">
     <span class='ocr_line' id='line_1_88' title="bbox 1068 1635 1479 1659; baseline 0.005 -3"><span class='ocrx_word' id='word_1_526' title='bbox 1068 1647 1077 1655; x_wconf 57' lang='grc' dir='ltr'>«ι</span> <span class='ocrx_word' id='word_1_527' title='bbox 1114 1635 1158 1656; x_wconf 79' lang='grc'>144</span> <span class='ocrx_word' id='word_1_528' title='bbox 1176 1635 1188 1657; x_wconf 82' lang='lat' dir='ltr'>b</span> <span class='ocrx_word' id='word_1_529' title='bbox 1223 1645 1233 1656; x_wconf 62' lang='lat'>),</span> <span class='ocrx_word' id='word_1_530' title='bbox 1315 1636 1330 1657; x_wconf 79' lang='lat'><em>8</em></span> <span class='ocrx_word' id='word_1_531' title='bbox 1409 1636 1440 1658; x_wconf 81' lang='lat' dir='ltr'>Et</span> <span class='ocrx_word' id='word_1_532' title='bbox 1458 1635 1479 1659; x_wconf 87' lang='lat' dir='ltr'>si</span> 
     </span>
    </p>

    <p class='ocr_par' dir='ltr' id='par_1_40' title="bbox 1067 1674 1592 1698">
     <span class='ocr_line' id='line_1_89' title="bbox 1067 1674 1592 1698; baseline 0.004 -2"><span class='ocrx_word' id='word_1_533' title='bbox 1067 1684 1077 1695; x_wconf 57' lang='lat' dir='ltr'>a&gt;</span> <span class='ocrx_word' id='word_1_534' title='bbox 1114 1674 1158 1697; x_wconf 87' lang='grc'>144</span> <span class='ocrx_word' id='word_1_535' title='bbox 1177 1675 1188 1697; x_wconf 84' lang='lat' dir='ltr'>b</span> <span class='ocrx_word' id='word_1_536' title='bbox 1222 1684 1233 1696; x_wconf 67' lang='lat'>3»</span> <span class='ocrx_word' id='word_1_537' title='bbox 1300 1675 1329 1697; x_wconf 82' lang='lat'>18</span> <span class='ocrx_word' id='word_1_538' title='bbox 1409 1674 1476 1698; x_wconf 86' lang='lat' dir='ltr'>illius</span> <span class='ocrx_word' id='word_1_539' title='bbox 1489 1675 1592 1698; x_wconf 85' lang='lat' dir='ltr'>triennii</span> 
     </span>
    </p>

    <p class='ocr_par' dir='ltr' id='par_1_41' title="bbox 1068 1715 1566 1747">
     <span class='ocr_line' id='line_1_90' title="bbox 1068 1715 1566 1747; baseline 0 -9"><span class='ocrx_word' id='word_1_540' title='bbox 1068 1725 1079 1737; x_wconf 72' lang='lat'>&gt;1</span> <span class='ocrx_word' id='word_1_541' title='bbox 1116 1716 1159 1738; x_wconf 70' lang='lat'>145</span> <span class='ocrx_word' id='word_1_542' title='bbox 1177 1715 1189 1738; x_wconf 81' lang='lat' dir='ltr'>b</span> <span class='ocrx_word' id='word_1_543' title='bbox 1222 1724 1233 1737; x_wconf 85' lang='lat'>&gt;›</span> <span class='ocrx_word' id='word_1_544' title='bbox 1315 1716 1328 1738; x_wconf 85' lang='lat'>3</span> <span class='ocrx_word' id='word_1_545' title='bbox 1409 1716 1566 1747; x_wconf 80' lang='lat' dir='ltr'>paupertatis</span> 
     </span>
    </p>
   </div>
   <div class='ocr_carea' id='block_1_16' title="bbox 630 1801 1416 1833">
    <p class='ocr_par' dir='ltr' id='par_1_42' title="bbox 630 1801 1416 1833">
     <span class='ocr_line' id='line_1_91' title="bbox 630 1801 1416 1833; baseline -0.004 -7"><span class='ocrx_word' id='word_1_546' title='bbox 630 1801 673 1826; x_wconf 75' lang='lat' dir='ltr'>Vel</span> <span class='ocrx_word' id='word_1_547' title='bbox 687 1803 771 1833; x_wconf 78' lang='lat' dir='ltr'>potius</span> <span class='ocrx_word' id='word_1_548' title='bbox 789 1804 837 1825; x_wconf 81' lang='lat' dir='ltr'>tota</span> <span class='ocrx_word' id='word_1_549' title='bbox 852 1802 968 1832; x_wconf 60' lang='lat' dir='ltr'>periodus</span> <span class='ocrx_word' id='word_1_550' title='bbox 984 1801 1135 1825; x_wconf 77' lang='lat' dir='ltr'>emendanda</span> <span class='ocrx_word' id='word_1_551' title='bbox 1153 1804 1186 1825; x_wconf 84' lang='lat' dir='ltr'>est</span> <span class='ocrx_word' id='word_1_552' title='bbox 1204 1801 1273 1825; x_wconf 63' lang='lat' dir='ltr'>inodo</span> <span class='ocrx_word' id='word_1_553' title='bbox 1291 1802 1400 1832; x_wconf 69' lang='lat' dir='ltr'>sequenti</span> <span class='ocrx_word' id='word_1_554' title='bbox 1410 1811 1416 1823; x_wconf 97' lang='grc'>.-</span> 
     </span>
    </p>
   </div>
   <div class='ocr_carea' id='block_1_17' title="bbox 1191 1877 1687 1909">
    <p class='ocr_par' dir='ltr' id='par_1_43' title="bbox 1191 1877 1687 1909">
     <span class='ocr_line' id='line_1_92' title="bbox 1191 1877 1687 1909; baseline 0 -8"><span class='ocrx_word' id='word_1_555' title='bbox 1191 1878 1256 1902; x_wconf 85' lang='lat' dir='ltr'>Edit.</span> <span class='ocrx_word' id='word_1_556' title='bbox 1280 1877 1382 1902; x_wconf 80' lang='lat' dir='ltr'>Taurin.</span> <span class='ocrx_word' id='word_1_557' title='bbox 1410 1886 1467 1909; x_wconf 77' lang='lat' dir='ltr'>pag.</span> <span class='ocrx_word' id='word_1_558' title='bbox 1494 1878 1537 1901; x_wconf 80' lang='lat'>138</span> <span class='ocrx_word' id='word_1_559' title='bbox 1555 1879 1567 1901; x_wconf 85' lang='lat' dir='ltr'>b</span> <span class='ocrx_word' id='word_1_560' title='bbox 1585 1878 1610 1901; x_wconf 90' lang='lat' dir='ltr'>in</span> <span class='ocrx_word' id='word_1_561' title='bbox 1628 1880 1687 1901; x_wconf 78' lang='lat' dir='ltr'>nota</span> 
     </span>
    </p>
   </div>
   <div class='ocr_carea' id='block_1_18' title="bbox 1036 1945 1781 2666">
    <p class='ocr_par' dir='ltr' id='par_1_44' title="bbox 1036 1945 1781 2666">
     <span class='ocr_line' id='line_1_93' title="bbox 1066 1945 1777 1978; baseline -0.001 -9"><span class='ocrx_word' id='word_1_562' title='bbox 1066 1948 1201 1978; x_wconf 84' lang='lat' dir='ltr'>propterea</span> <span class='ocrx_word' id='word_1_563' title='bbox 1218 1946 1271 1970; x_wconf 85' lang='lat' dir='ltr'>sive</span> <span class='ocrx_word' id='word_1_564' title='bbox 1295 1945 1453 1977; x_wconf 65' lang='lat' dir='ltr'>negligentia</span> <span class='ocrx_word' id='word_1_565' title='bbox 1470 1945 1629 1977; x_wconf 81' lang='lat' dir='ltr'>superiorum</span> <span class='ocrx_word' id='word_1_566' title='bbox 1646 1945 1777 1972; x_wconf 82' lang='lat' dir='ltr'>ordinum,</span> 
     </span>
     <span class='ocr_line' id='line_1_94' title="bbox 1037 1994 1780 2027; baseline -0.001 -8"><span class='ocrx_word' id='word_1_567' title='bbox 1037 1995 1188 2027; x_wconf 86' lang='lat' dir='ltr'>religionum</span> <span class='ocrx_word' id='word_1_568' title='bbox 1201 1998 1226 2019; x_wconf 92' lang='lat' dir='ltr'>et</span> <span class='ocrx_word' id='word_1_569' title='bbox 1238 1995 1416 2020; x_wconf 80' lang='lat' dir='ltr'>institutorum.</span> <span class='ocrx_word' id='word_1_570' title='bbox 1432 1994 1472 2019; x_wconf 79' lang='lat' dir='ltr'>vol</span> <span class='ocrx_word' id='word_1_571' title='bbox 1484 1995 1631 2019; x_wconf 78' lang='lat' dir='ltr'>officialium</span> <span class='ocrx_word' id='word_1_572' title='bbox 1648 1994 1780 2019; x_wconf 75' lang='lat' dir='ltr'>archieon-</span> 
     </span>
     <span class='ocr_line' id='line_1_95' title="bbox 1036 2042 1778 2075; baseline -0.003 -7"><span class='ocrx_word' id='word_1_573' title='bbox 1036 2044 1222 2068; x_wconf 76' lang='lat' dir='ltr'>fraternitatum</span> <span class='ocrx_word' id='word_1_574' title='bbox 1239 2047 1265 2068; x_wconf 91' lang='lat' dir='ltr'>et</span> <span class='ocrx_word' id='word_1_575' title='bbox 1280 2044 1508 2075; x_wconf 81' lang='lat' dir='ltr'>congregationum</span> <span class='ocrx_word' id='word_1_576' title='bbox 1526 2043 1686 2075; x_wconf 81' lang='lat' dir='ltr'>erigentium,</span> <span class='ocrx_word' id='word_1_577' title='bbox 1703 2042 1778 2066; x_wconf 75' lang='lat' dir='ltr'>insti-</span> 
     </span>
     <span class='ocr_line' id='line_1_96' title="bbox 1038 2092 1776 2124; baseline -0.001 -8"><span class='ocrx_word' id='word_1_578' title='bbox 1038 2093 1170 2121; x_wconf 76' lang='lat' dir='ltr'>tuentium,</span> <span class='ocrx_word' id='word_1_579' title='bbox 1190 2092 1386 2124; x_wconf 80' lang='lat' dir='ltr'>aggregantium</span> <span class='ocrx_word' id='word_1_580' title='bbox 1403 2095 1429 2116; x_wconf 90' lang='lat' dir='ltr'>ct</span> <span class='ocrx_word' id='word_1_581' title='bbox 1445 2092 1694 2120; x_wconf 83' lang='lat' dir='ltr'>communicantium,</span> <span class='ocrx_word' id='word_1_582' title='bbox 1711 2100 1776 2124; x_wconf 73' lang='lat' dir='ltr'>quae</span> 
     </span>
     <span class='ocr_line' id='line_1_97' title="bbox 1037 2141 1776 2167; baseline -0.003 -1"><span class='ocrx_word' id='word_1_583' title='bbox 1037 2151 1088 2166; x_wconf 89' lang='lat' dir='ltr'>non</span> <span class='ocrx_word' id='word_1_584' title='bbox 1111 2145 1214 2166; x_wconf 86' lang='lat' dir='ltr'>servant</span> <span class='ocrx_word' id='word_1_585' title='bbox 1242 2142 1346 2166; x_wconf 81' lang='lat' dir='ltr'>formam</span> <span class='ocrx_word' id='word_1_586' title='bbox 1373 2142 1398 2165; x_wconf 90' lang='lat' dir='ltr'>in</span> <span class='ocrx_word' id='word_1_587' title='bbox 1424 2142 1568 2165; x_wconf 84' lang='lat' dir='ltr'>huiusmodi</span> <span class='ocrx_word' id='word_1_588' title='bbox 1592 2141 1776 2167; x_wconf 76' lang='lat' dir='ltr'>erectionibus,</span> 
     </span>
     <span class='ocr_line' id='line_1_98' title="bbox 1038 2191 1780 2223; baseline -0.003 -7"><span class='ocrx_word' id='word_1_589' title='bbox 1038 2192 1246 2219; x_wconf 83' lang='lat' dir='ltr'>institutionibus,</span> <span class='ocrx_word' id='word_1_590' title='bbox 1267 2192 1491 2223; x_wconf 81' lang='lat' dir='ltr'>aggregationibus</span> <span class='ocrx_word' id='word_1_591' title='bbox 1520 2195 1545 2216; x_wconf 91' lang='lat' dir='ltr'>et</span> <span class='ocrx_word' id='word_1_592' title='bbox 1572 2191 1780 2215; x_wconf 84' lang='lat' dir='ltr'>communicatio-</span> 
     </span>
     <span class='ocr_line' id='line_1_99' title="bbox 1039 2241 1780 2273; baseline -0.003 -8"><span class='ocrx_word' id='word_1_593' title='bbox 1039 2242 1112 2266; x_wconf 87' lang='lat' dir='ltr'>nibus</span> <span class='ocrx_word' id='word_1_594' title='bbox 1129 2241 1224 2267; x_wconf 80' lang='lat' dir='ltr'>servari</span> <span class='ocrx_word' id='word_1_595' title='bbox 1242 2242 1361 2270; x_wconf 85' lang='lat' dir='ltr'>debitam,</span> <span class='ocrx_word' id='word_1_596' title='bbox 1383 2250 1466 2273; x_wconf 81' lang='lat' dir='ltr'>neque</span> <span class='ocrx_word' id='word_1_597' title='bbox 1488 2241 1736 2265; x_wconf 73' lang='lat' dir='ltr'>consraternitatibus</span> <span class='ocrx_word' id='word_1_598' title='bbox 1754 2245 1780 2263; x_wconf 80' lang='lat' dir='ltr'>et</span> 
     </span>
     <span class='ocr_line' id='line_1_100' title="bbox 1038 2291 1780 2323; baseline -0.001 -8"><span class='ocrx_word' id='word_1_599' title='bbox 1038 2291 1278 2323; x_wconf 83' lang='lat' dir='ltr'>congregationibus</span> <span class='ocrx_word' id='word_1_600' title='bbox 1300 2291 1436 2322; x_wconf 78' lang='lat' dir='ltr'>erigendis,</span> <span class='ocrx_word' id='word_1_601' title='bbox 1463 2291 1625 2315; x_wconf 81' lang='lat' dir='ltr'>instituendis</span> <span class='ocrx_word' id='word_1_602' title='bbox 1647 2294 1672 2315; x_wconf 81' lang='lat' dir='ltr'>et</span> <span class='ocrx_word' id='word_1_603' title='bbox 1690 2298 1780 2321; x_wconf 81' lang='lat' dir='ltr'>aggre-</span> 
     </span>
     <span class='ocr_line' id='line_1_101' title="bbox 1039 2339 1780 2372; baseline -0.003 -8"><span class='ocrx_word' id='word_1_604' title='bbox 1039 2340 1129 2371; x_wconf 73' lang='lat' dir='ltr'>gandis</span> <span class='ocrx_word' id='word_1_605' title='bbox 1147 2341 1323 2372; x_wconf 86' lang='lat' dir='ltr'>praescribunt</span> <span class='ocrx_word' id='word_1_606' title='bbox 1339 2340 1442 2364; x_wconf 81' lang='lat' dir='ltr'>modum</span> <span class='ocrx_word' id='word_1_607' title='bbox 1461 2348 1510 2372; x_wconf 83' lang='lat' dir='ltr'>qno</span> <span class='ocrx_word' id='word_1_608' title='bbox 1534 2340 1674 2372; x_wconf 72' lang='lat' dir='ltr'>privilegia,</span> <span class='ocrx_word' id='word_1_609' title='bbox 1696 2339 1780 2363; x_wconf 89' lang='lat' dir='ltr'>indul-</span> 
     </span>
     <span class='ocr_line' id='line_1_102' title="bbox 1039 2389 1781 2422; baseline -0.001 -9"><span class='ocrx_word' id='word_1_610' title='bbox 1039 2389 1145 2421; x_wconf 84' lang='lat' dir='ltr'>gentias,</span> <span class='ocrx_word' id='word_1_611' title='bbox 1177 2389 1311 2413; x_wconf 80' lang='lat' dir='ltr'>facultates</span> <span class='ocrx_word' id='word_1_612' title='bbox 1329 2389 1443 2422; x_wconf 77' lang='lat' dir='ltr'>aliasque</span> <span class='ocrx_word' id='word_1_613' title='bbox 1471 2389 1616 2421; x_wconf 82' lang='lat' dir='ltr'>spirituales</span> <span class='ocrx_word' id='word_1_614' title='bbox 1643 2389 1737 2420; x_wconf 81' lang='lat' dir='ltr'>gratias</span> <span class='ocrx_word' id='word_1_615' title='bbox 1755 2391 1781 2412; x_wconf 84' lang='lat' dir='ltr'>et</span> 
     </span>
     <span class='ocr_line' id='line_1_103' title="bbox 1040 2438 1781 2470; baseline -0.001 -9"><span class='ocrx_word' id='word_1_616' title='bbox 1040 2438 1137 2462; x_wconf 84' lang='lat' dir='ltr'>indulta</span> <span class='ocrx_word' id='word_1_617' title='bbox 1164 2439 1293 2470; x_wconf 83' lang='lat' dir='ltr'>praedicta</span> <span class='ocrx_word' id='word_1_618' title='bbox 1311 2439 1433 2470; x_wconf 74' lang='lat' dir='ltr'>consequi</span> <span class='ocrx_word' id='word_1_619' title='bbox 1452 2438 1575 2463; x_wconf 82' lang='lat' dir='ltr'>debeant:</span> <span class='ocrx_word' id='word_1_620' title='bbox 1596 2446 1641 2462; x_wconf 88' lang='lat' dir='ltr'>scu</span> <span class='ocrx_word' id='word_1_621' title='bbox 1670 2438 1781 2469; x_wconf 80' lang='lat' dir='ltr'>ipsarum</span> 
     </span>
     <span class='ocr_line' id='line_1_104' title="bbox 1039 2486 1781 2519; baseline -0.001 -9"><span class='ocrx_word' id='word_1_622' title='bbox 1039 2487 1274 2511; x_wconf 77' lang='lat' dir='ltr'>confraternitatum</span> <span class='ocrx_word' id='word_1_623' title='bbox 1287 2490 1311 2511; x_wconf 90' lang='lat' dir='ltr'>et</span> <span class='ocrx_word' id='word_1_624' title='bbox 1331 2487 1557 2519; x_wconf 78' lang='lat' dir='ltr'>congregationum</span> <span class='ocrx_word' id='word_1_625' title='bbox 1570 2486 1673 2514; x_wconf 71' lang='lat' dir='ltr'>incuria,</span> <span class='ocrx_word' id='word_1_626' title='bbox 1689 2486 1781 2518; x_wconf 83' lang='lat' dir='ltr'>quibus</span> 
     </span>
     <span class='ocr_line' id='line_1_105' title="bbox 1040 2534 1781 2568; baseline -0.001 -9"><span class='ocrx_word' id='word_1_627' title='bbox 1040 2536 1283 2560; x_wconf 71' lang='lat' dir='ltr'>communicationes</span> <span class='ocrx_word' id='word_1_628' title='bbox 1317 2535 1521 2568; x_wconf 76' lang='lat' dir='ltr'>privilegiorum.</span> <span class='ocrx_word' id='word_1_629' title='bbox 1564 2534 1781 2566; x_wconf 80' lang='lat' dir='ltr'>indulgentiarum</span> 
     </span>
     <span class='ocr_line' id='line_1_106' title="bbox 1041 2585 1781 2617; baseline -0.003 -8"><span class='ocrx_word' id='word_1_630' title='bbox 1041 2585 1197 2617; x_wconf 82' lang='lat' dir='ltr'>aliarumque</span> <span class='ocrx_word' id='word_1_631' title='bbox 1215 2586 1350 2617; x_wconf 81' lang='lat' dir='ltr'>gratiarum</span> <span class='ocrx_word' id='word_1_632' title='bbox 1370 2585 1555 2617; x_wconf 70' lang='lat' dir='ltr'>praedicturum</span> <span class='ocrx_word' id='word_1_633' title='bbox 1568 2586 1638 2613; x_wconf 86' lang='lat' dir='ltr'>fiunt,</span> <span class='ocrx_word' id='word_1_634' title='bbox 1652 2593 1717 2616; x_wconf 78' lang='lat' dir='ltr'>quac</span> <span class='ocrx_word' id='word_1_635' title='bbox 1732 2592 1781 2608; x_wconf 88' lang='lat' dir='ltr'>non</span> 
     </span>
     <span class='ocr_line' id='line_1_107' title="bbox 1042 2633 1781 2666; baseline -0.001 -9"><span class='ocrx_word' id='word_1_636' title='bbox 1042 2634 1172 2666; x_wconf 83' lang='lat' dir='ltr'>inquirunt</span> <span class='ocrx_word' id='word_1_637' title='bbox 1189 2642 1219 2658; x_wconf 79' lang='lat' dir='ltr'>ea</span> <span class='ocrx_word' id='word_1_638' title='bbox 1241 2642 1305 2666; x_wconf 76' lang='lat' dir='ltr'>quae</span> <span class='ocrx_word' id='word_1_639' title='bbox 1323 2636 1449 2666; x_wconf 75' lang='lat' dir='ltr'>praestare</span> <span class='ocrx_word' id='word_1_640' title='bbox 1469 2636 1568 2665; x_wconf 80' lang='lat' dir='ltr'>oportet</span> <span class='ocrx_word' id='word_1_641' title='bbox 1585 2637 1610 2657; x_wconf 84' lang='lat' dir='ltr'>ut</span> <span class='ocrx_word' id='word_1_642' title='bbox 1629 2633 1670 2657; x_wconf 78' lang='lat' dir='ltr'>illa</span> <span class='ocrx_word' id='word_1_643' title='bbox 1692 2641 1781 2657; x_wconf 73' lang='lat' dir='ltr'>conse·</span> 
     </span>
    </p>
   </div>
   <div class='ocr_carea' id='block_1_19' title="bbox 1041 2686 1227 2714">
    <p class='ocr_par' dir='ltr' id='par_1_45' title="bbox 1041 2686 1227 2714">
     <span class='ocr_line' id='line_1_108' title="bbox 1041 2686 1227 2714; baseline 0.005 -8"><span class='ocrx_word' id='word_1_644' title='bbox 1041 2687 1158 2714; x_wconf 81' lang='lat' dir='ltr'>quantur,</span> <span class='ocrx_word' id='word_1_645' title='bbox 1179 2686 1227 2707; x_wconf 81' lang='lat' dir='ltr'>ete.</span> 
     </span>
    </p>
   </div>
  </div>
 </body>
</html>
