2227 3241
255 300 301 324 An.
321 297 349 324 C.
369 297 437 325 1605

297 1734 366 1754 Causa
383 1734 446 1754 liuius

259 1764 422 1782 constitutionis

482 287 546 321 178
575 290 580 293 “
1022 297 1197 321 ιιιί,ιΑῐιιῐ·.·ιι

452 357 526 389 que.
543 345 709 378 Caeterum
726 345 918 388 pereasdem
929 349 1115 388 praesentes
1127 355 1192 378 non

454 399 650 432 intendimus
675 404 800 430 nostras
825 408 861 430 ac
886 408 1108 431 successorum
1133 409 1192 432 no-

453 458 593 484 strorum
616 451 834 483 Romanorum
861 450 1053 483 Pontificum
1080 461 1193 484 manus

454 505 565 547 ligare,
589 504 761 547 quominus
782 503 905 547 aliquas
922 515 958 537 ex
979 504 1098 537 eisdem
1120 515 1194 538 cau-

456 558 498 590 sis
518 557 784 600 appellationum,
809 557 1081 601 quandocumque
1102 558 1194 591 nobis

454 611 502 642 vel
518 610 595 653 ipsis
608 610 760 653 expedire
772 610 875 643 visum
890 610 997 650 suerit,
1015 611 1191 651 collectori,

454 669 507 695 aut
529 663 657 702 nuncio,
679 663 724 695 vet
745 664 849 705 legato
870 663 959 696 Sedis
978 664 1191 707 Apostolicae,

454 721 509 748 aul,
526 715 589 747 alio
611 715 806 759 cuicumque
819 716 916 749 iudici
932 716 963 748 in
978 716 1123 760 partibus
1143 727 1196 750 au-

454 767 598 808 diendas,
616 769 855 810 cognoscendas
873 775 903 802 et
923 769 987 802 fine
1008 769 1117 802 debito
1136 775 1196 802 ter-

455 821 634 861 minandas,
658 819 715 865 per
734 822 872 865 speciale
890 822 1080 866 rescriptum
1107 833 1194 856 com-

454 874 582 907 mittere
602 875 775 908 valeamus.
1129 901 1132 903 v

498 928 612 961 Datum
638 929 759 961 Romae
786 929 871 972 apud
897 936 1042 963 sanctum
1066 930 1195 963 Petrum

454 981 512 1014 sub
523 981 642 1014 annulo
651 982 822 1015 piscatoris
836 982 887 1016 die
900 993 930 1016 1v
943 983 1078 1016 sebruaii
1097 994 1193 1023 rmcv,

454 1034 660 1078 pontificatus
680 1035 781 1068 nostri
803 1047 888 1069 anno
908 1047 977 1070 xm.

490 1096 548 1123 Dat.
571 1096 615 1123 die
635 1097 650 1123 4
670 1096 800 1123 februarii
824 1098 900 1132 1605,
922 1098 1017 1132 pontif.
1041 1107 1084 1125 an.
1108 1105 1162 1125 λιιι.

723 1243 923 1291 ccccxxvi.

455 1354 649 1388 Iurisdiclio
669 1354 790 1386 vicarii
802 1355 915 1397 Papae
932 1355 968 1387 in
992 1355 1073 1387 Urbe
1086 1366 1199 1398 cayno-

499 1408 610 1440 scendi
629 1418 852 1452 quascumque
865 1419 979 1440 causas
992 1409 1199 1452 arcltileospz'-

503 1462 581 1494 tulis
601 1461 633 1494 S.
658 1461 804 1505 Spiritus
824 1462 861 1494 in
876 1461 990 1495 Samia.

668 1578 802 1604 clemens
819 1578 897 1611 Papa
915 1578 992 1612 V111,

583 1632 618 1658 ad
639 1634 818 1665 perpetuam
837 1631 882 1658 rei
901 1631 1081 1659 memoriam.

505 1728 598 1768 Cum,
626 1728 708 1761 sient
727 1728 926 1772 accepimus,
951 1729 1201 1773 arcltihospitale

461 1788 606 1814 nostrum
621 1782 650 1815 S.
668 1781 804 1825 Spiritus
818 1782 849 1814 in
862 1782 953 1815 Saxia
975 1783 1013 1815 de
1027 1783 1122 1822 Urbe,
1143 1783 1200 1816 Or-

462 1835 546 1868 dinis
566 1836 595 1868 S.
624 1835 812 1876 Augustini,
844 1835 1019 1868 maximum
1046 1836 1199 1869 damnum

460 1889 621 1931 patiatur,
650 1899 723 1921 cum
750 1899 858 1922 coram
886 1889 1018 1923 diversis
1042 1890 1202 1923 iudicibus

460 1942 586 1984 illigare
612 1942 756 1983 cogitur,
783 1954 855 1975 cum
882 1944 950 1976 eius
974 1950 1201 1986 procuratores

460 2007 496 2029 ac
517 1996 662 2029 advocati
681 2006 775 2040 saepe
796 2007 832 2029 ac
855 1996 992 2039 saepius,
1013 1999 1077 2029 unat
1098 2003 1128 2030 et
1148 1999 1200 2030 ea-

461 2050 532 2082 dem
555 2049 635 2082 liora
649 2060 757 2082 corani
780 2049 928 2093 pluribus
940 2050 1101 2083 iudicibus
1114 2060 1201 2083 com-

463 2113 577 2146 parere
595 2113 654 2146 pro
673 2103 860 2135 defensione
873 2113 1041 2136 causarum
1056 2104 1131 2137 dieti
1150 2115 1201 2137 ar-

461 2156 683 2199 clrilrosrdtfflis
703 2161 882 2197 teneantur,
898 2166 962 2199 quo
980 2156 1015 2190 fit
1032 2162 1064 2190 ut
1078 2157 1200 2200 pluries

459 2210 500 2243 ob
513 2220 625 2242 eorum
641 2209 982 2252 noneomparitionem
997 2211 1200 2244 retardentur

459 2262 688 2306 expeditiones,
710 2262 876 2295 seuctiani
891 2264 1087 2307 quandoque
1102 2264 1132 2296 in
1152 2275 1201 2297 eo-

458 2328 529 2349 rum
541 2316 742 2349 contumacia
758 2316 988 2356 accelerentur,
1007 2316 1036 2348 in
1054 2327 1118 2350 non
1134 2318 1200 2350 leve

459 2371 613 2403 damnum
645 2369 720 2402 dicti
754 2369 1029 2412 a1·cltiliospitalis;
1058 2375 1098 2411 ct,
1127 2371 1200 2403 licet

459 2423 559 2455 felicis
580 2422 812 2455 recordationis
832 2423 979 2456 Clemens
1001 2423 1049 2456 Vll
1071 2429 1101 2456 et
1121 2424 1200 2456 Pau-

459 2477 507 2509 lus
528 2476 576 2515 IV,
595 2475 730 2509 llomani
745 2475 917 2508 Pontifices
937 2476 1200 2519 praedecessores

459 2529 559 2562 nostri
582 2534 658 2562 tunc
679 2528 860 2569 existentes,
881 2539 955 2562 suos
969 2529 999 2561 in
1019 2530 1101 2561 alma
1116 2530 1201 2563 Urbe

459 2582 594 2615 vicarios
616 2582 646 2614 in
664 2580 799 2615 iudices⁴
819 2592 986 2615 causarum
1007 2582 1082 2614 dicti
1097 2582 1201 2615 archi-

495 2653 506 2679 1
529 2652 570 2679 Sic
586 2653 700 2688 legimus
716 2661 747 2680 ex
767 2656 882 2688 utraque
904 2652 968 2679 edit.
987 2652 1116 2686 Cherub„
1137 2661 1198 2680 nam
1231 2652 1460 2688 partibus,quod
1470 2651 1546 2680 deest
1556 2652 1638 2679 etiam
1656 2651 1684 2678 in
1695 2653 1809 2689 utraque
1820 2651 1884 2679 edit.
1906 2651 1976 2680 Che-¹

459 2704 574 2724 erronee
590 2697 655 2724 citit.
672 2697 752 2725 Μαίη.
770 2697 852 2725 habet
866 2697 898 2724 in
917 2697 1015 2725 Iudice
1032 2703 1068 2730 az.
1086 2697 1135 2731 τ,).

1226 299 1376 323 110111151711

1227 345 1394 390 hospitalis
1412 340 1663 390 deputaverint¹‚
1680 347 1891 382 nihilominus
1904 348 1966 382 hoc

1227 399 1430 442 privilegium
1452 399 1483 431 in
1498 399 1742 433 desuetudinem
1756 400 1895 434 venerit:
1967 433 1969 435 ,

1272 453 1286 495 ἓ
1307 452 1336 485 l,
1361 452 1423 485 Nos
1450 452 1594 485 ciusdem
1620 452 1881 497 archihospitalis
1904 453 1967 487 uti·
2023 447 2174 495 omnescanss
2203 455 2205 492 ξ

1228 504 1347 538 litatiet
1360 505 1583 538 commoditati
1600 505 1798 549 prospicere,
1810 511 1841 539 et
1851 512 1887 539 ut
1899 505 1967 539 eius
1981 495 2169 549 {iiiiflissiffiss‘e'l

1229 556 1313 591 hona
1331 564 1361 590 et
1380 557 1451 590 iura
1476 568 1700 602 quaecumque
1724 564 1964 600 conserventur,
1981 549 2166 593 iifflugossfi'eiissss‘
2203 581 2205 586 .

1229 622 1265 644 ac
1282 611 1313 644 in
1329 622 1508 655 pauperum
1523 611 1727 644 intirmorum
1741 617 1772 645 et
1788 612 1868 646 alios
1884 611 1965 656 pios,
1982 597 2174 649 ffi{ss‘i÷ris⁰;”⁰⁰²⁸²

1229 670 1326 708 prout
1350 665 1502 708 deputata
1533 675 1602 698 esse
1630 671 1822 706 noscuntur,
1850 671 1882 698 et
1904 675 1971 699 non

1230 717 1308 750 alios
1328 728 1404 750 usus
1426 717 1533 750 debite
1547 723 1775 751 convertantur
1799 717 1971 752 salubriter

1230 771 1401 815 providere
1421 771 1575 811 volentes,
1599 776 1688 804 motu
1709 770 1861 815 proprio,
1884 776 1915 804 et
1935 781 1973 804 ex

1231 826 1318 857 certa
1344 826 1454 857 nostra
1478 823 1624 864 scientia,
1651 834 1688 857 ac
1712 824 1752 857 de
1776 823 1973 868 apostolicae

1231 877 1396 922 potestatis
1416 877 1627 921 plenitudine,
1647 877 1770 910 litteras
1789 888 1846 910 seu
1867 883 1973 911 motus

1231 930 1381 974 proprios
1393 930 1553 963 dictorum
1564 929 1737 964 Clementis
1745 935 1776 963 et
1786 929 1874 963 Pauli
1885 939 1973 974 prae-

1232 984 1439 1017 decessorum
1460 983 1575 1016 harum
1595 983 1676 1017 serie
1694 983 1926 1018 confirmantes
1943 989 1974 1017 et

1232 1038 1432 1078 innovantes,
1456 1048 1568 1072 omnes
1588 1044 1617 1072 et
1637 1038 1780 1081 singulas
1796 1048 1908 1072 causas
1927 1037 1973 1072 ci-

1232 1091 1318 1131 viles,
1342 1091 1558 1132 beneficiales,
1579 1091 1834 1125 matrimoniales
1853 1097 1885 1125 et
1903 1091 1971 1136 spi—

1232 1145 1373 1186 rituales,
1387 1156 1423 1178 ac
1436 1145 1596 1189 profanas,
1608 1145 1792 1178 criminales
1803 1150 1834 1178 et
1846 1145 1971 1186 mixtas,

1232 1209 1269 1231 ac
1289 1198 1367 1231 alias
1388 1209 1609 1242 quascumque
1623 1199 1707 1231 inter
1728 1198 1848 1232 dictum
1867 1198 1973 1232 archi-

1233 1251 1391 1294 hospitale
1404 1251 1553 1295 illiusque
1567 1257 1825 1295 praeceptorem,
1845 1251 1971 1292 fratres,

1234 1303 1409 1344 ministros,
1429 1304 1725 1346 factoresagentes,
1735 1305 1783 1337 vel
1803 1304 1882 1338 alios
1895 1315 1975 1349 quo-

1234 1367 1298 1400 quo
1320 1357 1417 1390 modo
1438 1356 1515 1390 dicti
1539 1356 1783 1400 archihospitali
1801 1357 1975 1391 inse1·vien-.

1236 1415 1292 1450 tes,
1312 1420 1372 1442 nec
1392 1420 1457 1442 non
1483 1409 1643 1453 proiectos
1667 1421 1722 1443 seu
1747 1410 1908 1454 expositos
1927 1411 1975 1445 vel

1235 1463 1394 1507 expositas
1412 1463 1444 1496 in
1462 1463 1576 1496 eodem
1595 1463 1838 1507 archihospitali
1857 1464 1976 1507 degen7

1237 1523 1292 1555 tes,
1313 1527 1369 1550 seu
1387 1516 1442 1560 qui
1462 1517 1510 1549 vel
1528 1527 1611 1560 quae
1633 1517 1708 1550 inde
1730 1527 1875 1560 egressae
1902 1523 1977 1556 sunt

1236 1576 1266 1604 et
1282 1570 1397 1614 nuptui
1419 1570 1553 1603 traditae
1566 1581 1601 1603 ex
1615 1573 1691 1611 una,
1711 1576 1742 1604 et
1754 1581 1977 1616 quascumque

1235 1623 1312 1656 alias
1332 1632 1497 1666 personas,
1519 1623 1752 1667 cuiuscumque
1771 1628 1885 1664 status,
1904 1633 1977 1667 gra-

1236 1677 1316 1717 dus,
1345 1676 1524 1718 dignitatis,
1553 1677 1696 1716 ordinis,
1721 1677 1916 1711 conditionis
1945 1683 1978 1715 et

1236 1729 1511 1773 praeeminentiae
1537 1729 1719 1770 existentes,
1739 1730 1974 1772 universitates,

1236 1782 1415 1822 societates,
1432 1782 1710 1825 congregationes,
1734 1783 1929 1816 monasteria
1945 1789 1978 1817 et

1236 1836 1297 1868 alia
1318 1836 1387 1868 loca
1406 1834 1470 1879 pia,
1485 1840 1604 1869 etsuos
1617 1835 1738 1869 iudices
1751 1835 1974 1880 particulares,

1236 1889 1330 1922 etiam
1341 1900 1377 1922 ex
1384 1890 1602 1931 concessione,
1616 1900 1672 1923 seu
1681 1890 1811 1934 speciali
1824 1890 1976 1925 commis-

1235 1942 1396 1982 sione,vel
1416 1943 1623 1986 deputatione
1644 1946 1764 1984 nostra,
1781 1944 1828 1977 v-el
1838 1943 1976 1977 aliorum

1236 1996 1456 2029 Romanorum
1475 1996 1668 2029 Pontificum
1690 1996 1977 2040 praedecessorum

1235 2055 1421 2082 nostrorum
1432 2049 1587 2082 habentes
1600 2059 1656 2082 seu
1670 2049 1833 2090 habentia,
1850 2054 1882 2083 et
1894 2049 1976 2090 alios

1235 2101 1489 2145 quoscumque‘2,
1514 2107 1578 2134 tam
1605 2101 1706 2135 active
1730 2112 1826 2146 quam
1851 2102 1976 2145 passive

1235 2160 1406 2195 vertentes,
1427 2164 1444 2187 a
1455 2154 1714 2199 quibuscumque
1728 2154 1900 2196 iudicibus,
1916 2154 1975 2190 Ca-

1237 2217 1343 2240 merae
1369 2207 1517 2240 auditore
1542 2207 1653 2251 (etiam
1678 2207 1704 2241 si
1729 2213 1844 2250 agatur
1867 2207 1977 2250 vigore

1235 2260 1440 2303 obligationis
1454 2260 1648 2304 cameralis),
1666 2260 1798 2301 vicario,
1814 2260 1975 2303 guberna-

1237 2320 1314 2355 tore,
1335 2319 1484 2347 senatore
1507 2314 1612 2354 Urbis,
1636 2314 1832 2358 illorumque
1852 2314 1974 2348 locate-

1236 2367 1397 2407 nentibus‚
1425 2367 1665 2400 collateralibus
1690 2372 1721 2400 et
1744 2367 1916 2409 iudicibus,
1938 2377 1977 2402 ac

1236 2420 1339 2454 dietae
1352 2420 1446 2454 Urbis
1463 2430 1631 2453 causarum
1650 2419 1904 2464 appellationum
1924 2430 1976 2455 ca-

1983 300 2029 325 An.
2047 298 2078 325 C.
2098 280 2207 373 1Βοξξ

1270 2518 1283 2544 1
1306 2518 1373 2544 Tum
1393 2517 1475 2545 Clem.
1492 2517 1547 2553 Vll,
1564 2521 1620 2544 tum
1635 2517 1713 2544 Pauli
1729 2517 1762 2544 11'
1778 2517 1885 2545 litterae
1897 2525 1976 2554 prae-

1235 2563 1332 2590 citatae
1348 2571 1400 2590 non
1418 2563 1543 2597 leguntur
1556 2563 1582 2589 in
1597 2563 1668 2590 Ball.
1682 2564 1719 2596 (n.
1737 2562 1787 2597 T.).

1269 2609 1285 2634 ’2
1306 2607 1370 2634 lleic
1386 2607 1523 2634 videretur
1536 2606 1708 2634 inserendum
1725 2615 1830 2634 comma
1838 2607 1976 2635 waltere

1234 2697 1297 2724 rub.
1319 2703 1356 2730 m.
1371 2697 1420 2733 τ.).
