<?xml version="1.0" encoding="UTF-8"?>
<!DOCTYPE html PUBLIC "-//W3C//DTD XHTML 1.0 Transitional//EN"
    "http://www.w3.org/TR/xhtml1/DTD/xhtml1-transitional.dtd">
<html xmlns="http://www.w3.org/1999/xhtml" xml:lang="en" lang="en">
 <head>
  <title>
</title>
<meta http-equiv="Content-Type" content="text/html;charset=utf-8" />
  <meta name='ocr-system' content='tesseract 3.04.00' />
  <meta name='ocr-capabilities' content='ocr_page ocr_carea ocr_par ocr_line ocrx_word'/>
</head>
<body>
  <div class='ocr_page' id='page_1' title='image "./bullarumdiplomat11cath_0011.png"; bbox 0 0 2253 3246; ppageno 0'>
   <div class='ocr_carea' id='block_1_1' title="bbox 579 456 1398 539">
    <p class='ocr_par' dir='ltr' id='par_1_1' title="bbox 579 456 1398 539">
     <span class='ocr_line' id='line_1_1' title="bbox 579 456 1398 539; baseline -0.004 0"><span class='ocrx_word' id='word_1_1' title='bbox 579 456 921 539; x_wconf 77' lang='lat' dir='ltr'>LECTORI</span> <span class='ocrx_word' id='word_1_2' title='bbox 979 456 1398 538; x_wconf 79' lang='lat' dir='ltr'>BENEVOLO</span> 
     </span>
    </p>
   </div>
   <div class='ocr_carea' id='block_1_2' title="bbox 450 655 1538 709">
    <p class='ocr_par' dir='ltr' id='par_1_2' title="bbox 450 655 1538 709">
     <span class='ocr_line' id='line_1_2' title="bbox 450 655 1538 709; baseline -0.005 0"><span class='ocrx_word' id='word_1_3' title='bbox 450 657 879 709; x_wconf 87' lang='lat' dir='ltr'><strong>EDITORES</strong></span> <span class='ocrx_word' id='word_1_4' title='bbox 922 655 1538 707; x_wconf 79' lang='lat' dir='ltr'>-TAURINENSES</span> 
     </span>
    </p>
   </div>
   <div class='ocr_carea' id='block_1_3' title="bbox 956 822 995 864">
    <p class='ocr_par' dir='ltr' id='par_1_3' title="bbox 956 822 995 864">
     <span class='ocr_line' id='line_1_3' title="bbox 956 822 995 864; baseline 0.026 -1"><span class='ocrx_word' id='word_1_5' title='bbox 956 822 995 864; x_wconf 88' lang='lat' dir='ltr'>S.</span> 
     </span>
    </p>
   </div>
   <div class='ocr_carea' id='block_1_4' title="bbox 190 1405 1790 2739">
    <p class='ocr_par' dir='ltr' id='par_1_4' title="bbox 190 1405 1790 2666">
     <span class='ocr_line' id='line_1_4' title="bbox 248 1405 1790 1457; baseline -0.001 -10"><span class='ocrx_word' id='word_1_6' title='bbox 248 1406 398 1457; x_wconf 82' lang='lat' dir='ltr'>Ingens</span> <span class='ocrx_word' id='word_1_7' title='bbox 428 1406 596 1457; x_wconf 87' lang='lat' dir='ltr'>quidem</span> <span class='ocrx_word' id='word_1_8' title='bbox 629 1406 745 1447; x_wconf 82' lang='lat' dir='ltr'>labor</span> <span class='ocrx_word' id='word_1_9' title='bbox 766 1406 840 1447; x_wconf 88' lang='lat' dir='ltr'>fuit</span> <span class='ocrx_word' id='word_1_10' title='bbox 858 1412 896 1447; x_wconf 91' lang='lat' dir='ltr'>et</span> <span class='ocrx_word' id='word_1_11' title='bbox 922 1406 1072 1447; x_wconf 82' lang='lat' dir='ltr'>nimiae</span> <span class='ocrx_word' id='word_1_12' title='bbox 1095 1405 1382 1447; x_wconf 80' lang='lat' dir='ltr'>sollicitudinis</span> <span class='ocrx_word' id='word_1_13' title='bbox 1404 1412 1628 1456; x_wconf 72' lang='lat' dir='ltr'>perpetuus</span> <span class='ocrx_word' id='word_1_14' title='bbox 1649 1419 1790 1456; x_wconf 70' lang='lat' dir='ltr'>angor,</span> 
     </span>
     <span class='ocr_line' id='line_1_5' title="bbox 194 1475 1789 1527; baseline -0.001 -10"><span class='ocrx_word' id='word_1_15' title='bbox 194 1489 277 1527; x_wconf 89' lang='lat' dir='ltr'>quo</span> <span class='ocrx_word' id='word_1_16' title='bbox 308 1489 438 1517; x_wconf 88' lang='lat' dir='ltr'>novae</span> <span class='ocrx_word' id='word_1_17' title='bbox 467 1477 596 1517; x_wconf 82' lang='lat' dir='ltr'>nostri</span> <span class='ocrx_word' id='word_1_18' title='bbox 626 1476 770 1527; x_wconf 57' lang='lat' dir='ltr'>Manui</span> <span class='ocrx_word' id='word_1_19' title='bbox 797 1476 980 1518; x_wconf 67' lang='lat' dir='ltr'>Bullarit</span> <span class='ocrx_word' id='word_1_20' title='bbox 1009 1476 1186 1517; x_wconf 68' lang='lat' dir='ltr'>Romani</span> <span class='ocrx_word' id='word_1_21' title='bbox 1216 1476 1404 1517; x_wconf 74' lang='lat' dir='ltr'>editionis</span> <span class='ocrx_word' id='word_1_22' title='bbox 1438 1475 1617 1516; x_wconf 88' lang='lat' dir='ltr'>Tomum</span> <span class='ocrx_word' id='word_1_23' title='bbox 1649 1475 1789 1516; x_wconf 88' lang='lat' dir='ltr'>Unde-</span> 
     </span>
     <span class='ocr_line' id='line_1_6' title="bbox 193 1546 1789 1598; baseline 0 -11"><span class='ocrx_word' id='word_1_24' title='bbox 193 1547 348 1588; x_wconf 86' lang='lat' dir='ltr'>cimum</span> <span class='ocrx_word' id='word_1_25' title='bbox 370 1546 585 1598; x_wconf 82' lang='lat' dir='ltr'>praefinito</span> <span class='ocrx_word' id='word_1_26' title='bbox 607 1553 791 1598; x_wconf 82' lang='lat' dir='ltr'>tempore</span> <span class='ocrx_word' id='word_1_27' title='bbox 814 1547 1091 1598; x_wconf 74' lang='lat' dir='ltr'>proferremus</span> <span class='ocrx_word' id='word_1_28' title='bbox 1114 1547 1152 1587; x_wconf 87' lang='lat' dir='ltr'>in</span> <span class='ocrx_word' id='word_1_29' title='bbox 1176 1547 1322 1588; x_wconf 85' lang='lat' dir='ltr'>lucem.</span> <span class='ocrx_word' id='word_1_30' title='bbox 1345 1546 1520 1588; x_wconf 87' lang='lat' dir='ltr'>Centum</span> <span class='ocrx_word' id='word_1_31' title='bbox 1545 1547 1606 1587; x_wconf 78' lang='lat' dir='ltr'>vix</span> <span class='ocrx_word' id='word_1_32' title='bbox 1630 1546 1717 1587; x_wconf 85' lang='lat' dir='ltr'>dies</span> <span class='ocrx_word' id='word_1_33' title='bbox 1739 1546 1789 1587; x_wconf 72' lang='lat' dir='ltr'>ad</span> 
     </span>
     <span class='ocr_line' id='line_1_7' title="bbox 193 1617 1790 1670; baseline -0.001 -11"><span class='ocrx_word' id='word_1_34' title='bbox 193 1617 417 1669; x_wconf 81' lang='lat' dir='ltr'>octigentas</span> <span class='ocrx_word' id='word_1_35' title='bbox 447 1618 527 1660; x_wconf 87' lang='lat' dir='ltr'>fere</span> <span class='ocrx_word' id='word_1_36' title='bbox 558 1617 722 1660; x_wconf 83' lang='lat' dir='ltr'>duabus</span> <span class='ocrx_word' id='word_1_37' title='bbox 752 1617 934 1670; x_wconf 84' lang='lat' dir='ltr'>singulas</span> <span class='ocrx_word' id='word_1_38' title='bbox 964 1617 1169 1668; x_wconf 76' lang='lat' dir='ltr'>columnis</span> <span class='ocrx_word' id='word_1_39' title='bbox 1206 1624 1439 1660; x_wconf 75' lang='lat' dir='ltr'>constantes</span> <span class='ocrx_word' id='word_1_40' title='bbox 1469 1618 1509 1657; x_wconf 43' lang='grc' dir='ltr'>[ἰν</span> <span class='ocrx_word' id='word_1_41' title='bbox 1542 1618 1582 1657; x_wconf 65' lang='lat'>4⁰</span> <span class='ocrx_word' id='word_1_42' title='bbox 1612 1618 1790 1658; x_wconf 59' lang='lat' dir='ltr'>mammo</span> 
     </span>
     <span class='ocr_line' id='line_1_8' title="bbox 193 1687 1789 1741; baseline -0.001 -11"><span class='ocrx_word' id='word_1_43' title='bbox 193 1689 362 1741; x_wconf 76' lang='lat' dir='ltr'>paginas</span> <span class='ocrx_word' id='word_1_44' title='bbox 393 1689 616 1741; x_wconf 81' lang='lat' dir='ltr'>parandas,</span> <span class='ocrx_word' id='word_1_45' title='bbox 648 1689 751 1741; x_wconf 73' lang='lat' dir='ltr'>typis</span> <span class='ocrx_word' id='word_1_46' title='bbox 782 1689 1109 1741; x_wconf 86' lang='lat' dir='ltr'>componendas,</span> <span class='ocrx_word' id='word_1_47' title='bbox 1131 1689 1430 1737; x_wconf 78' lang='lat' dir='ltr'>emendandas,</span> <span class='ocrx_word' id='word_1_48' title='bbox 1462 1702 1507 1729; x_wconf 78' lang='lat' dir='ltr'>ac</span> <span class='ocrx_word' id='word_1_49' title='bbox 1539 1688 1708 1729; x_wconf 82' lang='lat' dir='ltr'>demum</span> <span class='ocrx_word' id='word_1_50' title='bbox 1734 1687 1789 1728; x_wconf 93' lang='lat' dir='ltr'>ul-</span> 
     </span>
     <span class='ocr_line' id='line_1_9' title="bbox 194 1758 1787 1812; baseline -0.001 -11"><span class='ocrx_word' id='word_1_51' title='bbox 194 1759 292 1802; x_wconf 89' lang='lat' dir='ltr'>tima</span> <span class='ocrx_word' id='word_1_52' title='bbox 313 1774 439 1802; x_wconf 87' lang='lat' dir='ltr'>manu</span> <span class='ocrx_word' id='word_1_53' title='bbox 463 1760 661 1812; x_wconf 80' lang='lat' dir='ltr'>perfectas</span> <span class='ocrx_word' id='word_1_54' title='bbox 684 1760 821 1812; x_wconf 86' lang='lat' dir='ltr'>praelo</span> <span class='ocrx_word' id='word_1_55' title='bbox 844 1760 1177 1802; x_wconf 74' lang='lat' dir='ltr'>committendas!</span> <span class='ocrx_word' id='word_1_56' title='bbox 1209 1761 1283 1801; x_wconf 85' lang='lat' dir='ltr'>Ast</span> <span class='ocrx_word' id='word_1_57' title='bbox 1313 1774 1424 1800; x_wconf 89' lang='lat' dir='ltr'>nunc</span> <span class='ocrx_word' id='word_1_58' title='bbox 1455 1758 1658 1800; x_wconf 87' lang='lat' dir='ltr'>laetamur</span> <span class='ocrx_word' id='word_1_59' title='bbox 1679 1773 1787 1800; x_wconf 87' lang='lat' dir='ltr'>sum-</span> 
     </span>
     <span class='ocr_line' id='line_1_10' title="bbox 191 1829 1787 1883; baseline -0.001 -10"><span class='ocrx_word' id='word_1_60' title='bbox 191 1845 359 1883; x_wconf 81' lang='lat' dir='ltr'>mopere</span> <span class='ocrx_word' id='word_1_61' title='bbox 389 1831 527 1873; x_wconf 86' lang='lat' dir='ltr'>datam</span> <span class='ocrx_word' id='word_1_62' title='bbox 559 1832 781 1874; x_wconf 83' lang='lat' dir='ltr'>lectoribus</span> <span class='ocrx_word' id='word_1_63' title='bbox 812 1830 953 1877; x_wconf 81' lang='lat' dir='ltr'>fidem,</span> <span class='ocrx_word' id='word_1_64' title='bbox 984 1831 1210 1883; x_wconf 77' lang='lat' dir='ltr'>opitulante</span> <span class='ocrx_word' id='word_1_65' title='bbox 1242 1830 1349 1880; x_wconf 84' lang='lat' dir='ltr'>Dee,</span> <span class='ocrx_word' id='word_1_66' title='bbox 1381 1830 1573 1872; x_wconf 85' lang='lat' dir='ltr'>soluisse:</span> <span class='ocrx_word' id='word_1_67' title='bbox 1605 1836 1643 1871; x_wconf 82' lang='lat' dir='ltr'>et</span> <span class='ocrx_word' id='word_1_68' title='bbox 1674 1829 1787 1881; x_wconf 90' lang='lat' dir='ltr'>quod</span> 
     </span>
     <span class='ocr_line' id='line_1_11' title="bbox 192 1899 1788 1955; baseline -0.002 -12"><span class='ocrx_word' id='word_1_69' title='bbox 192 1902 320 1954; x_wconf 77' lang='lat' dir='ltr'>pluris</span> <span class='ocrx_word' id='word_1_70' title='bbox 365 1910 442 1953; x_wconf 86' lang='lat' dir='ltr'>est,</span> <span class='ocrx_word' id='word_1_71' title='bbox 482 1917 559 1945; x_wconf 82' lang='lat' dir='ltr'>nos</span> <span class='ocrx_word' id='word_1_72' title='bbox 600 1904 709 1955; x_wconf 87' lang='lat' dir='ltr'>ipsos</span> <span class='ocrx_word' id='word_1_73' title='bbox 744 1904 823 1945; x_wconf 84' lang='lat' dir='ltr'>iam</span> <span class='ocrx_word' id='word_1_74' title='bbox 864 1916 984 1954; x_wconf 83' lang='lat' dir='ltr'>posse</span> <span class='ocrx_word' id='word_1_75' title='bbox 1023 1902 1064 1944; x_wconf 89' lang='lat' dir='ltr'>in</span> <span class='ocrx_word' id='word_1_76' title='bbox 1104 1908 1214 1944; x_wconf 80' lang='lat' dir='ltr'>tanta</span> <span class='ocrx_word' id='word_1_77' title='bbox 1253 1902 1376 1944; x_wconf 88' lang='lat' dir='ltr'>totius</span> <span class='ocrx_word' id='word_1_78' title='bbox 1410 1900 1534 1943; x_wconf 83' lang='lat' dir='ltr'>Orbis</span> <span class='ocrx_word' id='word_1_79' title='bbox 1566 1899 1788 1942; x_wconf 80' lang='lat' dir='ltr'>Christiani</span> 
     </span>
     <span class='ocr_line' id='line_1_12' title="bbox 192 1971 1782 2027; baseline -0.002 -11"><span class='ocrx_word' id='word_1_80' title='bbox 192 1988 410 2027; x_wconf 87' lang='lat' dir='ltr'>nunquam</span> <span class='ocrx_word' id='word_1_81' title='bbox 445 1975 585 2017; x_wconf 87' lang='lat' dir='ltr'>audita</span> <span class='ocrx_word' id='word_1_82' title='bbox 624 1975 737 2026; x_wconf 87' lang='lat' dir='ltr'>prius</span> <span class='ocrx_word' id='word_1_83' title='bbox 773 1988 870 2026; x_wconf 81' lang='lat' dir='ltr'>prae</span> <span class='ocrx_word' id='word_1_84' title='bbox 909 1973 1184 2016; x_wconf 70' lang='lat' dir='ltr'>OCTODEclns</span> <span class='ocrx_word' id='word_1_85' title='bbox 1223 1972 1506 2015; x_wconf 77' lang='lat' dir='ltr'><strong>CENTENNALI</strong></span> <span class='ocrx_word' id='word_1_86' title='bbox 1550 1971 1782 2014; x_wconf 79' lang='lat' dir='ltr'>celebritate</span> 
     </span>
     <span class='ocr_line' id='line_1_13' title="bbox 191 2044 1788 2095; baseline -0.002 -8"><span class='ocrx_word' id='word_1_87' title='bbox 191 2045 441 2088; x_wconf 74' lang='lat' dir='ltr'>BEAT1ssml</span> <span class='ocrx_word' id='word_1_88' title='bbox 474 2045 612 2088; x_wconf 73' lang='lat' dir='ltr'>PETm</span> <span class='ocrx_word' id='word_1_89' title='bbox 651 2053 688 2088; x_wconf 91' lang='lat' dir='ltr'>et</span> <span class='ocrx_word' id='word_1_90' title='bbox 719 2045 937 2088; x_wconf 67' lang='lat' dir='ltr'><strong>ROMANAE</strong></span> <span class='ocrx_word' id='word_1_91' title='bbox 973 2045 1101 2088; x_wconf 81' lang='lat' dir='ltr'>SEols</span> <span class='ocrx_word' id='word_1_92' title='bbox 1139 2045 1232 2086; x_wconf 88' lang='lat' dir='ltr'>divo</span> <span class='ocrx_word' id='word_1_93' title='bbox 1267 2044 1376 2087; x_wconf 87' lang='lat' dir='ltr'>illius</span> <span class='ocrx_word' id='word_1_94' title='bbox 1413 2044 1614 2095; x_wconf 80' lang='lat' dir='ltr'>sanguine</span> <span class='ocrx_word' id='word_1_95' title='bbox 1651 2057 1788 2085; x_wconf 89' lang='lat' dir='ltr'>conse-</span> 
     </span>
     <span class='ocr_line' id='line_1_14' title="bbox 193 2113 1788 2169; baseline -0.003 -10"><span class='ocrx_word' id='word_1_96' title='bbox 193 2123 328 2159; x_wconf 84' lang='lat' dir='ltr'>cratae</span> <span class='ocrx_word' id='word_1_97' title='bbox 358 2116 510 2159; x_wconf 86' lang='lat' dir='ltr'>laetitia</span> <span class='ocrx_word' id='word_1_98' title='bbox 547 2118 742 2169; x_wconf 80' lang='lat' dir='ltr'>gestiente</span> <span class='ocrx_word' id='word_1_99' title='bbox 769 2131 924 2159; x_wconf 88' lang='lat' dir='ltr'>novum</span> <span class='ocrx_word' id='word_1_100' title='bbox 952 2118 1064 2159; x_wconf 88' lang='lat' dir='ltr'>hunc</span> <span class='ocrx_word' id='word_1_101' title='bbox 1096 2116 1230 2168; x_wconf 83' lang='lat' dir='ltr'>operis</span> <span class='ocrx_word' id='word_1_102' title='bbox 1258 2115 1387 2157; x_wconf 88' lang='lat' dir='ltr'>nostri</span> <span class='ocrx_word' id='word_1_103' title='bbox 1415 2115 1594 2156; x_wconf 87' lang='lat' dir='ltr'>fructum</span> <span class='ocrx_word' id='word_1_104' title='bbox 1625 2113 1788 2156; x_wconf 57' lang='lat' dir='ltr'>Romu</span> 
     </span>
     <span class='ocr_line' id='line_1_15' title="bbox 191 2180 1788 2240; baseline -0.003 -10"><span class='ocrx_word' id='word_1_105' title='bbox 191 2187 366 2237; x_wconf 87' lang='lat' dir='ltr'>deferre,</span> <span class='ocrx_word' id='word_1_106' title='bbox 388 2187 504 2230; x_wconf 91' lang='lat' dir='ltr'>illum</span> <span class='ocrx_word' id='word_1_107' title='bbox 526 2188 577 2229; x_wconf 89' lang='lat' dir='ltr'>ad</span> <span class='ocrx_word' id='word_1_108' title='bbox 600 2188 724 2240; x_wconf 87' lang='lat' dir='ltr'>pedes</span> <span class='ocrx_word' id='word_1_109' title='bbox 744 2187 907 2230; x_wconf 83' lang='lat' dir='ltr'>Summi</span> <span class='ocrx_word' id='word_1_110' title='bbox 928 2187 1226 2240; x_wconf 81' lang='lat' dir='ltr'>Apostolorum</span> <span class='ocrx_word' id='word_1_111' title='bbox 1248 2180 1454 2238; x_wconf 83' lang='lat' dir='ltr'>Principis</span> <span class='ocrx_word' id='word_1_112' title='bbox 1476 2186 1515 2227; x_wconf 90' lang='lat' dir='ltr'>in</span> <span class='ocrx_word' id='word_1_113' title='bbox 1538 2185 1586 2227; x_wconf 91' lang='lat' dir='ltr'>D.</span> <span class='ocrx_word' id='word_1_114' title='bbox 1604 2184 1653 2226; x_wconf 91' lang='lat' dir='ltr'>N.</span> <span class='ocrx_word' id='word_1_115' title='bbox 1677 2185 1788 2226; x_wconf 89' lang='lat' dir='ltr'>item-</span> 
     </span>
     <span class='ocr_line' id='line_1_16' title="bbox 190 2256 1788 2311; baseline -0.003 -11"><span class='ocrx_word' id='word_1_116' title='bbox 190 2273 271 2310; x_wconf 86' lang='lat' dir='ltr'>que</span> <span class='ocrx_word' id='word_1_117' title='bbox 299 2258 435 2301; x_wconf 89' lang='lat' dir='ltr'>Patris</span> <span class='ocrx_word' id='word_1_118' title='bbox 456 2272 503 2301; x_wconf 87' lang='lat' dir='ltr'>ac</span> <span class='ocrx_word' id='word_1_119' title='bbox 525 2258 774 2301; x_wconf 88' lang='lat' dir='ltr'>Protectoris</span> <span class='ocrx_word' id='word_1_120' title='bbox 795 2259 1141 2311; x_wconf 83' lang='lat' dir='ltr'>peramantissimi</span> <span class='ocrx_word' id='word_1_121' title='bbox 1165 2258 1231 2299; x_wconf 78' lang='lat' dir='ltr'>Pu</span> <span class='ocrx_word' id='word_1_122' title='bbox 1255 2257 1339 2299; x_wconf 84' lang='lat' dir='ltr'>PP.</span> <span class='ocrx_word' id='word_1_123' title='bbox 1364 2256 1424 2298; x_wconf 82' lang='lat' dir='ltr'>IX</span> <span class='ocrx_word' id='word_1_124' title='bbox 1446 2270 1620 2308; x_wconf 80' lang='lat' dir='ltr'>persona</span> <span class='ocrx_word' id='word_1_125' title='bbox 1641 2256 1788 2307; x_wconf 73' lang='lat' dir='ltr'>iugiter</span> 
     </span>
     <span class='ocr_line' id='line_1_17' title="bbox 190 2327 1789 2382; baseline -0.003 -10"><span class='ocrx_word' id='word_1_126' title='bbox 190 2330 377 2376; x_wconf 84' lang='lat' dir='ltr'>viventis,</span> <span class='ocrx_word' id='word_1_127' title='bbox 409 2330 728 2382; x_wconf 85' lang='lat' dir='ltr'>universamque</span> <span class='ocrx_word' id='word_1_128' title='bbox 759 2344 830 2382; x_wconf 86' lang='lat' dir='ltr'>per</span> <span class='ocrx_word' id='word_1_129' title='bbox 857 2330 1000 2372; x_wconf 85' lang='lat' dir='ltr'>orbem</span> <span class='ocrx_word' id='word_1_130' title='bbox 1022 2329 1253 2372; x_wconf 80' lang='lat' dir='ltr'>Ecclesiam</span> <span class='ocrx_word' id='word_1_131' title='bbox 1275 2335 1472 2380; x_wconf 79' lang='lat' dir='ltr'>perpetuo</span> <span class='ocrx_word' id='word_1_132' title='bbox 1495 2327 1693 2379; x_wconf 78' lang='lat' dir='ltr'>regentis,</span> <span class='ocrx_word' id='word_1_133' title='bbox 1715 2327 1789 2367; x_wconf 77' lang='lat' dir='ltr'>ltu-</span> 
     </span>
     <span class='ocr_line' id='line_1_18' title="bbox 190 2398 1787 2453; baseline -0.003 -10"><span class='ocrx_word' id='word_1_134' title='bbox 190 2400 372 2443; x_wconf 89' lang='lat' dir='ltr'>millimis</span> <span class='ocrx_word' id='word_1_135' title='bbox 402 2401 612 2453; x_wconf 83' lang='lat' dir='ltr'>obsequiis</span> <span class='ocrx_word' id='word_1_136' title='bbox 634 2409 671 2443; x_wconf 91' lang='lat' dir='ltr'>et</span> <span class='ocrx_word' id='word_1_137' title='bbox 692 2401 871 2443; x_wconf 85' lang='lat' dir='ltr'>maximo</span> <span class='ocrx_word' id='word_1_138' title='bbox 902 2414 997 2443; x_wconf 88' lang='lat' dir='ltr'>cum</span> <span class='ocrx_word' id='word_1_139' title='bbox 1019 2401 1170 2452; x_wconf 80' lang='lat' dir='ltr'>gaudio</span> <span class='ocrx_word' id='word_1_140' title='bbox 1193 2400 1468 2451; x_wconf 82' lang='lat' dir='ltr'>deposituros.</span> <span class='ocrx_word' id='word_1_141' title='bbox 1492 2398 1556 2440; x_wconf 75' lang='lat' dir='ltr'>Ex</span> <span class='ocrx_word' id='word_1_142' title='bbox 1578 2412 1659 2449; x_wconf 76' lang='lat' dir='ltr'>qua</span> <span class='ocrx_word' id='word_1_143' title='bbox 1681 2411 1787 2438; x_wconf 82' lang='lat' dir='ltr'>nova</span> 
     </span>
     <span class='ocr_line' id='line_1_19' title="bbox 190 2469 1787 2524; baseline -0.003 -11"><span class='ocrx_word' id='word_1_144' title='bbox 190 2472 395 2524; x_wconf 83' lang='lat' dir='ltr'>quaedam</span> <span class='ocrx_word' id='word_1_145' title='bbox 428 2472 576 2514; x_wconf 76' lang='lat' dir='ltr'>animis</span> <span class='ocrx_word' id='word_1_146' title='bbox 607 2472 757 2514; x_wconf 86' lang='lat' dir='ltr'>nostris</span> <span class='ocrx_word' id='word_1_147' title='bbox 787 2471 930 2514; x_wconf 74' lang='lat' dir='ltr'>serena</span> <span class='ocrx_word' id='word_1_148' title='bbox 961 2478 1084 2524; x_wconf 89' lang='lat' dir='ltr'>atque</span> <span class='ocrx_word' id='word_1_149' title='bbox 1106 2485 1249 2513; x_wconf 84' lang='lat' dir='ltr'>secura</span> <span class='ocrx_word' id='word_1_150' title='bbox 1271 2484 1363 2522; x_wconf 82' lang='lat' dir='ltr'>spes</span> <span class='ocrx_word' id='word_1_151' title='bbox 1384 2469 1566 2521; x_wconf 79' lang='lat' dir='ltr'>affulget,</span> <span class='ocrx_word' id='word_1_152' title='bbox 1588 2482 1787 2520; x_wconf 75' lang='lat' dir='ltr'>magnum</span> 
     </span>
     <span class='ocr_line' id='line_1_20' title="bbox 190 2541 1787 2596; baseline -0.003 -11"><span class='ocrx_word' id='word_1_153' title='bbox 190 2550 382 2596; x_wconf 88' lang='lat' dir='ltr'>coeptum</span> <span class='ocrx_word' id='word_1_154' title='bbox 403 2551 611 2594; x_wconf 84' lang='lat' dir='ltr'>nostrum,</span> <span class='ocrx_word' id='word_1_155' title='bbox 634 2544 908 2585; x_wconf 39' lang='lat' dir='ltr'>Apos&#39;roiiictx</span> <span class='ocrx_word' id='word_1_156' title='bbox 932 2543 1261 2585; x_wconf 63' lang='lat' dir='ltr'>BENEDm‘rtoNr„</span> <span class='ocrx_word' id='word_1_157' title='bbox 1292 2543 1439 2584; x_wconf 81' lang='lat' dir='ltr'>iteruin</span> <span class='ocrx_word' id='word_1_158' title='bbox 1472 2541 1706 2591; x_wconf 77' lang='lat' dir='ltr'>iterumque</span> <span class='ocrx_word' id='word_1_159' title='bbox 1729 2554 1787 2581; x_wconf 89' lang='lat' dir='ltr'>ro-</span> 
     </span>
     <span class='ocr_line' id='line_1_21' title="bbox 191 2613 1625 2666; baseline -0.004 -8"><span class='ocrx_word' id='word_1_160' title='bbox 191 2615 402 2665; x_wconf 85' lang='lat' dir='ltr'>boratum,</span> <span class='ocrx_word' id='word_1_161' title='bbox 432 2615 483 2657; x_wconf 84' lang='lat' dir='ltr'>ad</span> <span class='ocrx_word' id='word_1_162' title='bbox 515 2615 640 2657; x_wconf 83' lang='lat' dir='ltr'>finem</span> <span class='ocrx_word' id='word_1_163' title='bbox 672 2629 803 2666; x_wconf 87' lang='lat' dir='ltr'>usque</span> <span class='ocrx_word' id='word_1_164' title='bbox 833 2615 938 2657; x_wconf 84' lang='lat' dir='ltr'>bene</span> <span class='ocrx_word' id='word_1_165' title='bbox 969 2614 1218 2665; x_wconf 76' lang='lat' dir='ltr'>feliciterque</span> <span class='ocrx_word' id='word_1_166' title='bbox 1248 2613 1367 2655; x_wconf 80' lang='lat' dir='ltr'>nobis</span> <span class='ocrx_word' id='word_1_167' title='bbox 1397 2626 1625 2654; x_wconf 80' lang='lat' dir='ltr'>cessurum.</span> 
     </span>
    </p>

    <p class='ocr_par' dir='ltr' id='par_1_5' title="bbox 243 2682 1785 2739">
     <span class='ocr_line' id='line_1_22' title="bbox 243 2682 1785 2739; baseline -0.001 -11"><span class='ocrx_word' id='word_1_168' title='bbox 243 2686 435 2729; x_wconf 86' lang='lat' dir='ltr'>Continet</span> <span class='ocrx_word' id='word_1_169' title='bbox 451 2701 573 2739; x_wconf 83' lang='lat' dir='ltr'>porro</span> <span class='ocrx_word' id='word_1_170' title='bbox 594 2686 751 2729; x_wconf 83' lang='lat' dir='ltr'>Tomus</span> <span class='ocrx_word' id='word_1_171' title='bbox 772 2686 845 2728; x_wconf 84' lang='lat' dir='ltr'>iste</span> <span class='ocrx_word' id='word_1_172' title='bbox 864 2684 1140 2731; x_wconf 80' lang='lat' dir='ltr'>Undecimus,</span> <span class='ocrx_word' id='word_1_173' title='bbox 1162 2699 1285 2736; x_wconf 78' lang='lat' dir='ltr'>quen]</span> <span class='ocrx_word' id='word_1_174' title='bbox 1311 2684 1400 2729; x_wconf 87' lang='lat' dir='ltr'>tibi,</span> <span class='ocrx_word' id='word_1_175' title='bbox 1419 2683 1603 2734; x_wconf 76' lang='lat' dir='ltr'>Benigne</span> <span class='ocrx_word' id='word_1_176' title='bbox 1623 2682 1785 2726; x_wconf 81' lang='lat' dir='ltr'>Lector.</span> 
     </span>
    </p>
   </div>
  </div>
 </body>
</html>
