2227 3241
268 288 315 313 An.
338 288 365 314 (I.
386 288 450 313 1609

301 1142 401 1168 Exceptis
417 1148 450 1162 ca-

264 1169 323 1199 sibus
329 1169 363 1190 hin
369 1175 451 1195 expres·

265 1201 300 1215 sis,

283 2046 402 2078 Mercedem
413 2055 451 2075 pro

266 2078 336 2094 causis
345 2077 451 2101 accipien-

265 2099 313 2147 gam
348 2103 451 2127 praescri-

498 279 560 311 ΓΡ]

464 346 631 379 processus
652 335 837 368 cassationis
862 335 893 368 in
916 336 1110 369 relaxatione
1131 346 1202 369 car-

464 395 658 427 ceratorum,
685 399 740 422 seu
768 388 943 422 abolitione
973 390 1201 432 quaerelarum

464 452 526 474 non
549 447 799 479 carceratorum,
818 442 912 474 etiam
928 453 945 474 a
966 448 1078 486 sponte
1093 442 1199 476 danti-

464 494 532 533 bus,
557 505 615 528 nec
634 494 730 527 etiam
751 494 828 538 quid
855 494 1024 528 minimum
1043 496 1199 539 accipere,

464 548 522 581 nisi
542 548 672 592 quando
694 548 759 592 ipse
774 555 967 590 carceratus,
984 550 1199 593 quaerelatus,

463 610 519 633 seu
552 600 722 644 inquisitus
752 601 928 643 (fabricato
964 612 1137 645 processt1,
1173 608 1204 635 ct

463 654 677 697 praecedente
702 654 795 698 plena
821 665 935 688 causae
964 656 1148 698 cognitione
1174 662 1204 690 et

464 707 673 748 discussione,
703 707 790 747 fisco,
819 714 872 741 aut
897 714 1000 752 parte,
1028 709 1052 742 si
1078 709 1200 751 aderit,

463 760 585 803 citatis)
600 760 630 793 in
653 760 718 804 ipsa
737 761 905 801 sententia,
923 772 978 795 seu
997 762 1126 795 decreto
1139 762 1201 795 vim

464 812 646 846 definitivae
667 812 804 847 habente
830 824 847 846 a
868 813 973 847 iudice
997 814 1200 858 subscripto,

465 866 559 899 fuerit
590 878 607 900 a
637 866 781 907 crimine,
809 878 868 911 pro
894 878 959 912 quo
988 867 1200 909 detinebatur,

464 930 518 952 seu
543 929 608 952 non
630 920 778 953 detentus
799 920 1057 964 quaerelebatur,
1080 921 1127 953 vel
1151 921 1204 954 de-

465 972 586 1006 finitive
607 977 770 1016 tamquam
791 973 957 1013 innocens,
976 973 1024 1006 vel
1044 984 1078 1006 ex
1097 973 1204 1006 hacte-

465 1036 525 1058 nus
543 1025 688 1058 deductis
709 1031 874 1070 tamquam
893 1036 958 1059 non
975 1032 1121 1070 repertus
1139 1027 1204 1059 cul-

465 1078 580 1121 pabilis
601 1089 747 1122 expresse
771 1079 949 1112 absolutus:

511 1133 527 1173 ξ
546 1131 575 1164 5.
601 1132 661 1164 Pro
679 1132 966 1176 compositionibus
984 1142 1058 1166 vero
1076 1133 1203 1165 easdem

466 1184 592 1217 notulas
613 1185 817 1218 decretorum
838 1190 868 1218 et
888 1185 1095 1218 cassationes¹
1121 1185 1204 1218 acci-

466 1248 542 1281 pere
563 1238 696 1270 minimc
722 1238 862 1282 possint,
889 1238 949 1271 nisi
978 1238 1009 1270 in
1039 1238 1142 1271 causis
1176 1244 1206 1272 et

467 1291 658 1325 criminibus
675 1291 836 1333 gravibus,
856 1302 1050 1335 gravemque
1067 1301 1203 1335 poenam

467 1345 687 1385 merentibus,
723 1350 753 1378 et
783 1345 814 1377 in
852 1345 969 1388 quibus
1000 1354 1064 1377 non
1100 1345 1204 1378 solum

467 1399 673 1433 intervenerit
696 1399 791 1443 plena
816 1409 930 1432 causae
959 1399 1118 1441 cognitio,
1149 1399 1204 1432 sed

467 1453 562 1486 ctiam
589 1453 763 1493 discussio,
792 1459 819 1486 et
847 1453 975 1486 decreta
1000 1453 1118 1486 suerint
1147 1464 1204 1487 ne-

467 1508 543 1540 dum
570 1507 694 1547 iudicis,
722 1507 778 1540 sed
804 1517 900 1540 manu
926 1506 1021 1540 etiam
1050 1517 1205 1550 procura-

467 1561 544 1594 toris
580 1560 678 1594 nostri
711 1560 827 1593 fiscalis
857 1561 1048 1604 subscripta.
1084 1561 1206 1595 Remis-

466 1614 573 1647 siones
607 1619 712 1647 tamen
746 1614 902 1656 gratiosas
937 1614 1142 1647 bannitorum
1173 1615 1204 1648 in

467 1668 703 1701 contumaciam
725 1668 1033 1709 condemnatorum,
1057 1678 1115 1702 nec
1140 1679 1203 1702 non

467 1721 563 1760 exilii,
581 1727 611 1754 et
629 1721 809 1754 triremium
831 1731 1008 1765 poenarum
1031 1722 1069 1754 de
1091 1723 1204 1755 ordine
1221 1741 1223 1757 ι

465 1780 576 1808 nostro
593 1803 600 1815 ,
628 1781 657 1808 et
682 1785 740 1818 pro
766 1780 912 1818 tempore
944 1775 1107 1808 existentis
1136 1776 1201 1809 Ro-

467 1826 552 1859 mani
579 1825 762 1866 PontificiS,
795 1825 992 1869 excipimus,
1027 1826 1058 1858 in
1088 1826 1222 1869 quibus

466 1879 563 1912 iidem
578 1871 694 1912 notarii
715 1878 842 1912 notulas
856 1879 1073 1919 decretorum,
1092 1884 1122 1912 et
1143 1889 1206 1912 cas-

466 1932 597 1965 sationis
617 1935 826 1976 processuum
852 1932 998 1976 accipere
1025 1932 1110 1965 licite
1130 1943 1204 1976 pos-

467 1987 539 2020 sint.

512 2042 528 2081 5
550 2041 580 2072 tJ'.
604 2041 638 2073 ln
659 2040 728 2072 aliis
748 2046 854 2072 autem
877 2039 1134 2084 quibuscumque
1155 2051 1206 2073 ca-

467 2093 566 2132 sibus,
591 2093 615 2125 si
641 2093 796 2125 carcerati
819 2093 948 2133 fuerint,
976 2094 1115 2126 contenti
1138 2104 1223 2137 esse¹

1222 2144 1223 2156 ³
1240 2147 1335 2180 etiam
1349 2146 1593 2186 consuetudine,
1606 2156 1810 2190 quocumque
1828 2146 1978 2190 temporis

468 2147 605 2179 debeant
624 2147 691 2178 sola
717 2146 864 2179 mercede
889 2146 1031 2179 mandati
1054 2147 1092 2179 de
1117 2148 1202 2179 rela-

467 2201 570 2233 xando
592 2200 676 2233 iuxta
697 2200 813 2233 dictam
833 2205 936 2233 taxam
955 2200 1000 2232 Pii
1018 2201 1206 2244 praedeces-

466 2253 566 2293 soris3
586 2253 611 2286 si
628 2263 703 2286 vero
725 2263 788 2286 non
815 2253 933 2286 suerint
953 2254 1119 2294 carcerati,
1147 2264 1204 2297 pa-

466 2308 544 2341 riter
564 2307 703 2340 contenti
731 2317 798 2340 esse
823 2307 962 2340 debeant
979 2310 1012 2340 eal
1040 2308 1201 2348 mercede,

466 2372 559 2405 quae,
579 2361 603 2394 si
630 2360 785 2393 carcerati
812 2360 953 2399 fuissent,
979 2361 1055 2404 ipsis
1073 2360 1202 2394 debere-

467 2420 519 2448 tur
543 2425 602 2458 pro
629 2414 780 2447 mandato
805 2414 844 2446 de
870 2414 1056 2453 relaxando,
1086 2423 1201 2458 repro-

466 2469 537 2502 bata
555 2468 700 2508 omnino,
724 2473 819 2511 prout
840 2467 1062 2510 reprobamus,
1078 2467 1131 2500 illa
1149 2478 1202 2500 seu

465 2522 552 2554 omni
575 2521 635 2554 alia
660 2523 755 2564 prava
781 2520 1013 2553 consuetudine
1038 2526 1068 2553 et
1093 2512 1222 2554 obser-'

466 2575 569 2608 vantia
591 2574 810 2614 notariorum,
840 2574 905 2617 qui,
924 2573 964 2606 ad
985 2573 1133 2607 effectum
1150 2585 1202 2606 ex·
1219 2567 1221 2597 i

1050 288 1233 312 BULLARIUM
1252 288 1406 313 ROMANUM

1219 453 1375 487 *cumque
1400 444 1582 487 praetextu)
1601 450 1767 487 apponunt
1795 445 1970 478 clausulas:

467 2627 637 2672 torquendi
670 2628 813 2661 notulam
836 2627 967 2666 decreti,
994 2627 1025 2659 in
1053 2627 1221 2660 omnibus*

502 2692 511 2717 t
537 2689 635 2716 Forsan
652 2689 794 2725 legendum
810 2689 976 2717 cassationis
989 2688 1030 2724 (u.
1047 2692 1093 2721 τ.).

1219 2676 1380 2721 *scientia,
1403 2686 1435 2713 et
1458 2679 1621 2723 potestatis
1645 2678 1845 2723 plenitudine
1865 2678 1977 2712 simili-

1237 337 1302 369 tere
1327 337 1463 370 decretis
1488 337 1527 369 de
1552 337 1724 371 relaxando
1745 339 1817 377 (sub
1838 339 1970 381 gratiae,

1236 395 1290 422 aut
1307 390 1569 424 commutationis
1586 401 1721 434 poenae,
1742 397 1797 424 aut
1816 392 1879 425 alio
1896 404 1975 436 quo-

1237 496 1394 529 mandavi
1398 501 1407 529 t
1418 497 1550 537 cassari,
1564 496 1666 540 ampli
1670 507 1705 529 its
1718 507 1781 530 non
1798 497 1973 539 molestari,

1236 548 1407 582 silentium
1427 550 1561 593 imponi,
1581 554 1639 582 aul
1659 550 1794 582 similes.

1282 606 1298 644 g
1325 603 1353 635 7.
1382 603 1418 635 Et
1452 603 1583 646 insuper
1618 603 1676 636 sub
1708 603 1827 636 eisdem
1861 604 1974 647 poenis
2016 615 2173 646 iactabatque

1237 656 1409 699 praedictis
1429 656 1580 689 omnibus
1596 656 1730 689 notariis
1749 656 1971 700 prohibemus,
1990 648 2187 694 ggg,„,‘³*:3,¹g¹g¹¹;¹;·

1238 719 1288 749 ne,
1306 719 1363 753 per
1379 719 1423 750 se,
1447 709 1494 742 vel
1516 709 1626 750 alium,
1657 714 1847 750 carceratos,
1871 709 1976 753 inqui·
1990 695 2174 744 [Ϋὲἒξιῗξῗῗςεὲιῖῒ

1237 761 1324 802 sitos,
1349 762 1394 795 vel
1417 767 1615 806 processatos
1643 762 1682 795 ad
1716 773 1885 806 processus
1910 774 1976 797 cas·
1991 754 2045 773 ''⁰¹¹'’
2061 750 2097 770 Μ’

1237 815 1405 856 sationem,
1422 821 1476 848 aut
1493 816 1726 859 cuiuscumque
1740 817 1915 850 sententiae
1928 817 1976 850 vel

1239 867 1356 900 decreti
1375 868 1563 906 absolutorii
1584 868 1844 912 impetrationem
1859 869 1906 903 vel
1921 880 1977 913 po-

1237 919 1452 961 stulationem,
1469 930 1526 964 per
1543 920 1727 954 citationem
1742 921 1780 954 ad
1798 931 1831 954 se
1848 932 1990 965 reprae-⁴

1238 974 1446 1013 sentandurn,
1472 979 1527 1007 aut
1546 974 1585 1007 ad
1605 974 1817 1016 sententiam,
1843 976 1891 1009 vel
1917 975 1977 1008 alia

1238 1025 1349 1070 quavis
1365 1026 1424 1067 via,
1446 1027 1565 1061 directe
1581 1028 1630 1061 vel
1647 1028 1814 1068 indirecte,
1831 1034 1885 1062 aut
1902 1040 1978 1073 quo-

1238 1090 1302 1123 quo
1325 1081 1420 1113 modo
1441 1091 1565 1123 cogere,
1587 1081 1740 1115 inducere
1761 1088 1816 1115 aut
1843 1082 1977 1116 invitare

1238 1134 1378 1167 audeant
1400 1135 1447 1167 rel
1468 1141 1693 1178 praesumant,
1716 1136 1771 1169 sed
1799 1136 1919 1176 omnia,
1947 1142 1977 1169 et

1239 1196 1463 1230 quaecumque
1487 1192 1638 1220 contenta
1663 1187 1693 1220 in
1719 1188 1804 1221 dicta
1822 1188 1977 1221 reforma-

1239 1239 1326 1272 tione
1346 1244 1376 1272 et
1396 1239 1464 1272 taxa
1485 1240 1531 1272 Pii
1556 1240 1592 1273 IV
1613 1241 1869 1284 praedecessoris
1885 1252 1977 1285 prae-

1239 1293 1326 1333 dicti,
1351 1299 1379 1326 et
1400 1293 1485 1327 iuxta
1502 1294 1586 1327 hanc
1605 1300 1735 1328 nostrae
1752 1295 1978 1329 declarationis

1239 1346 1389 1386 formam,
1413 1347 1452 1379 ad
1477 1357 1618 1389 unguem
1645 1348 1777 1382 omnino
1794 1349 1973 1382 observent.

1283 1400 1342 1441 §8-
1358 1401 1571 1434 Decernentes
1581 1401 1669 1435 sicin
1682 1402 1866 1446 praemissis
1878 1403 1978 1436 omni-

1239 1455 1309 1496 bus,
1334 1461 1364 1488 et
1383 1455 1518 1497 singulis
1540 1465 1595 1499 per
1612 1466 1834 1499 quoscumque
1855 1455 1977 1490 iudices

1239 1509 1334 1542 etiam
1354 1508 1537 1542 ordinarios
1554 1514 1586 1541 et
1602 1509 1775 1558 delegatos,
1792 1508 1903 1552 quavis
1920 1520 1977 1542 au-

1240 1562 1385 1596 ctoritate
1407 1563 1585 1605 fungentes,
1610 1562 1704 1595 etiam
1732 1572 1900 1595 causarum
1920 1563 1978 1596 Pa-

1240 1615 1304 1648 latii
1326 1615 1499 1659 Apostolici
1525 1616 1705 1656 auditores,
1726 1616 1820 1649 etiam
1849 1622 1977 1649 sanctae

1239 1670 1402 1703 Romanae
1427 1669 1587 1702 Ecclesiae
1618 1669 1796 1702 cardinales
1829 1670 1975 1713 (sublata

1239 1723 1283 1755 eis
1308 1728 1339 1756 et
1364 1733 1474 1755 eorum
1496 1723 1628 1755 cuilibet
1648 1722 1760 1766 quavis
1782 1723 1875 1756 aliter
1895 1722 1976 1756 iudi-

1239 1776 1330 1809 candi
1350 1781 1381 1809 et
1406 1776 1638 1819 interpretandi
1664 1776 1812 1809 facultate
1826 1782 1854 1809 et
1869 1782 1978 1810 aucto-

1239 1830 1374 1872 ritate),
1404 1829 1538 1862 iudicari
1565 1835 1595 1862 et
1616 1829 1742 1862 definiri
1764 1830 1891 1863 debere:
1907 1830 1979 1863 irri-

1239 1888 1306 1916 tum
1319 1892 1449 1927 quoque
1463 1887 1493 1915 et
1505 1882 1608 1924 inane,
1620 1882 1772 1926 quicquid
1782 1893 1873 1916 secus
1883 1894 1979 1927 super

1238 1936 1287 1969 his
1304 1947 1320 1969 a
1338 1946 1513 1980 quoquam,
1527 1935 1638 1979 quavis
1658 1936 1859 1976 auctoritate,
1875 1936 1978 1970 scien-

1240 1996 1286 2023 ter
1305 1990 1352 2022 vel
1376 1989 1572 2031 ignoranter,
1596 1988 1765 2030 contigerit
1785 1989 1945 2022 attentari.

1285 2044 1300 2084 ξ
1321 2042 1351 2075 9.
1379 2042 1446 2075 Non
1470 2041 1670 2075 obstantibus
1697 2042 1977 2076 constitutionibus

1240 2099 1271 2127 ct
1300 2092 1560 2126 ordinationibus
1593 2093 1798 2136 apostolicis,
1826 2093 1907 2137 stylo
1941 2104 1978 2127 ac

2019 1409 2136 1432 clausulae.

2061 2046 2090 2076 De
2094 2045 2178 2072 rogatio>
2225 2047 2227 2055 ⁴

1992 2074 2153 2094 contrariorum.

1240 2210 1346 2241 curSU,
1362 2200 1457 2233 etiam
1470 2199 1732 2240 immemorabili,
1749 2200 1909 2233 roboratis
1920 2206 1978 2234 sta-

1240 2253 1327 2293 tutis,
1354 2253 1476 2293 usibus,
1507 2252 1683 2297 privilegiis
1704 2258 1734 2286 et
1754 2252 1886 2286 indultis
1905 2253 1977 2297 qui-

1240 2307 1440 2350 buscumque
1459 2305 1553 2339 Urbis
1574 2306 1736 2350 praefatae
1765 2306 1978 2340 tribunalibus

1239 2366 1269 2393 et
1287 2359 1394 2399 curiis,
1413 2369 1591 2403 earumque
1611 2359 1765 2400 collegiis,
1786 2365 1817 2392 et
1837 2359 1978 2403 superio-

1240 2413 1339 2454 ribus,
1360 2412 1630 2456 praesidentibus,
1659 2412 1860 2452 officialibus,
1887 2417 1978 2446 nota-

1239 2467 1304 2507 riis,
1328 2466 1463 2510 aliisque
1481 2466 1646 2505 ministris,
1668 2471 1698 2498 et
1719 2465 1977 2509 quibuscumque

1238 2520 1394 2564 personis,
1412 2530 1614 2564 quacumque
1634 2519 1762 2563 speciali
1784 2521 1858 2552 notit
1876 2524 1906 2551 et
1926 2529 1978 2552 ex-

1239 2573 1404 2617 pressione
1422 2572 1538 2614 dignis,
1563 2578 1591 2605 et
1610 2572 1918 2615 quomodocumque
1947 2577 1977 2605 et

1237 2626 1515 2669 qualitercumque
1526 2625 1745 2669 privilegiatis,
1762 2624 1857 2658 etiam
1874 2631 1974 2665 motu,
