2227 3241
252 320 302 347 An.
317 319 344 347 C.
368 319 436 348 1608

270 486 381 508 Carilinale
391 486 435 506 Mit-

250 514 304 534 tinus
314 513 405 537 Legatus
416 513 435 532 in
454 526 458 531 .

451 537 483 559 in
514 527 638 560 Christo
670 528 772 560 silium
809 535 953 562 nostrum
983 529 1210 573 Rodulphurn'

253 540 387 560 Germani-im
416 541 435 559 et

250 567 385 593 hungariam,

277 1176 400 1198 Facultates
416 1177 435 1198 ei

250 1204 401 1225 conceduntur.

279 1763 386 1783 Ecclesias
395 1767 437 1783 om·

252 1789 401 1815 nes.Capitula
417 1791 439 1809 et

252 1816 389 1841 Regularium
400 1815 438 1835 do-

252 1848 297 1864 mus
313 1842 418 1863 visitandi.

481 310 545 344 478

452 368 497 401 les
517 373 548 401 et
564 367 706 408 devotos,
731 377 802 400 cum
823 368 943 402 venerit
967 379 1053 410 usus,
1076 369 1192 403 libera-

451 420 524 453 liter
544 420 712 463 impertiri.

496 475 513 515 g
534 473 563 506 1.
588 474 737 515 Proinde,
758 486 830 508 cum
853 481 882 509 te
907 476 946 509 ad
967 476 1190 509 charissimum

450 580 632 623 Hungariae
660 587 690 614 et
723 582 872 615 Boemiae
896 593 1004 625 regem
1032 583 1189 616 illustrem

451 639 481 667 et
501 634 729 678 imperatorem
760 636 896 670 electum
913 664 920 677 ‚
944 648 981 670 ac
1000 637 1190 671 Germaniae

449 687 634 732 principes,
662 694 692 722 et
717 689 901 722 universam
927 690 1131 724 Germaniam
1161 696 1209 726 et,

1208 758 1209 767 κ
1227 742 1518 783 1···guta1·es,etiam,
1539 748 1573 775 ut
1593 743 1785 786 praefertur,
1803 747 1964 786 exemptas

450 740 658 783 Hungariam,
679 752 856 786 omnesque
886 742 971 775 illius
995 742 1187 786 provincias,

449 793 604 835 civitates,
637 801 667 828 et
691 801 814 835 terras,
837 806 874 829 ac
902 806 1126 840 quaecumque
1146 795 1191 829 eis

449 846 641 888 adiacentia,
665 854 694 881 et
717 854 842 882 caetera
868 850 931 882 alia
962 860 1071 882 earum
1098 850 1187 889 loca,
1208 858 1209 867 ¹

449 900 490 933 ad
511 895 641 944 quae'te
667 901 830 934 declinare
849 902 1029 945 contigerit,
1051 903 1089 935 ad
1104 912 1190 935 com-
1208 920 1209 926 κ

449 954 615 996 ponendas
628 954 725 988 huius
740 955 894 998 temporis
911 955 1098 996 discordias,
1119 966 1192 989 nos-

451 1013 534 1040 trum
567 1013 597 1040 et
622 1007 725 1041 dictae
753 1009 843 1042 Sedis
864 1009 902 1042 de
926 1009 1026 1042 latere
1051 1005 1209 1051 legatum'

452 1060 491 1094 de
509 1061 642 1094 fratrum
661 1068 845 1096 nostrorum
864 1063 998 1096 consilio
1013 1063 1191 1096 destinave-

450 1114 567 1155 rimus,

496 1169 512 1210 ἓ
533 1167 565 1200 2.
588 1169 662 1209 Nos,
686 1175 720 1202 ut
739 1169 929 1203 Germaniae
954 1176 985 1203 et
1009 1169 1191 1212 ilungariae

450 1221 702 1264 provinciarum,
721 1222 894 1263 civitatum,
917 1229 1074 1256 terrarum
1096 1230 1127 1256 et
1147 1224 1193 1256 lo-

452 1284 563 1307 corum
586 1275 848 1318 praedictorum,
873 1287 1052 1320 eorumque
1077 1287 1189 1320 perso-

450 1338 566 1361 narum
587 1329 694 1369 saluti,
715 1331 813 1372 opera
841 1333 891 1363 tua
918 1331 1114 1371 consulatur,
1132 1330 1193 1363 hoc

450 1386 540 1414 tuum
564 1392 681 1415 munus
706 1383 899 1426 specialibus
926 1383 1086 1417 favoribus
1110 1394 1189 1427 pro-

450 1436 652 1479 sequendum
679 1436 873 1476 censuimus,
894 1442 929 1470 ut
949 1437 1010 1470 illis
1030 1435 1189 1478 sull'ultus,

449 1487 535 1531 'Qixta
564 1489 672 1522 datam
702 1490 796 1523 tibia
825 1491 962 1524 Don‘iino
989 1491 1189 1535 sapientiam,

450 1542 551 1576 utaris
579 1543 712 1586 provide
748 1554 784 1576 ac
812 1545 1006 1588 prudenter,
1042 1545 1125 1578 sicut
1152 1546 1192 1579 ad

449 1595 503 1628 Dei
523 1596 670 1637 gloriam,
692 1598 885 1639 populorum
903 1599 1047 1631 solamen
1065 1599 1195 1632 etaedi-

452 1648 649 1689 ficationem,
675 1649 838 1693 ipsiusque
862 1651 951 1684 Sedis
972 1652 1120 1684 decorem
1144 1652 1190 1684 vi-

453 1702 538 1735 deris
559 1703 719 1747 expedire.

498 1757 515 1797 g
537 1754 567 1788 3.
593 1756 703 1799 ltaque
724 1757 768 1800 (ut
793 1763 823 1790 tu
847 1763 876 1790 et
897 1757 1042 1801 personis
1062 1758 1193 1791 Germa-

454 1808 526 1841 niae
547 1814 578 1842 et
606 1809 787 1852 llungariae
812 1810 1063 1854 provinciarum,
1088 1811 1195 1844 civita-

455 1868 533 1903 tum,
558 1867 716 1895 terrarum
739 1869 769 1896 et
792 1864 935 1896 locorum
954 1865 1194 1909 praedictorum

454 1917 493 1949 ad
507 1922 535 1949 te
550 1917 776 1960 undecumque
791 1918 1038 1958 confluentibus,
1050 1918 1194 1951 ubicum-

453 1979 516 2012 que
530 1969 730 2003 domicilium
745 1970 914 2003 habuerint
925 1977 953 2004 et
966 1972 1195 2015 undecumque

453 2023 611 2065 originem
641 2023 778 2063 trahent,
806 2030 988 2068 opportune
1013 2025 1191 2066 consulere,

453 2082 547 2120 teque
568 2087 644 2119 erga
665 2077 735 2110 illos
750 2077 860 2110 utilem
876 2084 905 2110 et
919 2078 1092 2121 benignum
1108 2078 1194 2111 exhi-

453 2130 528 2163 bere
543 2130 657 2173 possis)
671 2130 951 2174 circumspectioni
967 2130 1060 2173 tuae¹,
1078 2143 1136 2175 per
1151 2138 1191 2172 te,

452 2183 499 2216 vel
526 2183 636 2224 alium,
654 2195 709 2217 seu
730 2184 808 2217 alios
834 2184 916 2216 viros
937 2185 1056 2228 probos
1077 2191 1107 2217 et
1128 2185 1195 2218 ido-

453 2247 541 2277 neos,
556 2237 805 2280 patriarchales,
834 2237 1052 2280 primatialeS,
1078 2244 1195 2271 metro·

454 2290 624 2333 politanas,
653 2297 684 2323 et
712 2290 789 2323 alias
815 2291 1013 2324 cathedrales
1038 2298 1064 2325 et
1092 2293 1191 2325 colle-

455 2343 566 2385 giatas,
592 2351 628 2376 ‘ac
654 2344 854 2387 parochiales
881 2345 1041 2386 ccclesias,
1069 2356 1193 2379 necnon

457 2397 668 2438 monasteria,
695 2403 756 2430 tani
783 2398 924 2430 virorum
956 2409 1052 2442 quam
1081 2399 1195 2432 mulie-

456 2461 549 2489 rum,
572 2450 752 2494 prioratus,
782 2451 1043 2494 praeposituras,
1071 2458 1099 2485 et
1127 2453 1196 2485 loca

455 2503 644 2544 saecularia,
658 2504 752 2536 etiam
768 2503 995 2547 CluniacensiS,
1009 2504 1196 2538 Cistercicn-

491 2593 501 2619 1
526 2592 631 2628 Nempe
649 2593 812 2627 facultatem
828 2593 1031 2621 committimus
1045 2598 1085 2628 (ut
1105 2599 1198 2629 postea

456 2637 574 2672 dicetur)
588 2638 739 2672 visitandi,
754 2647 807 2672 per
827 2641 861 2673 le,
873 2639 912 2666 vel
926 2639 1053 2666 alium...
1064 2639 1198 2673 patriar-

456 2682 560 2716 chates,
575 2683 786 2717 primitiales...
803 2684 946 2717 ecclesias,
962 2692 1012 2710 nec
1027 2692 1080 2711 non
1098 2693 1198 2711 mona-

457 2727 555 2760 steria,
577 2731 627 2754 etc.
645 2731 683 2762 (n.
701 2730 748 2762 r).

1208 452 1210 470 t

1032 322 1215 347 BULLARIUM
1235 322 1389 348 ROMANUM

1225 370 1278 411 sis,
1291 370 1625 411 praemonstratensis,
1638 381 1675 404 ac
1687 371 1875 414 quorumvis
1888 369 1964 404 alio-

1208 438 1209 442 =
1227 433 1296 456 rum
1319 422 1475 457 Ordinum
1491 423 1586 457 etiam
1604 423 1851 457 Mendicantium
1870 433 1964 467 regu-

1227 476 1317 516 laria,
1340 486 1467 510 necnon
1493 476 1675 520 hospitalia,
1696 476 1791 510 etiam
1818 483 1965 520 exempta

1227 529 1395 573 dictaeque
1420 530 1492 563 Sedi
1519 530 1704 563 immediate
1730 529 1893 571 subiecta,
1915 530 1964 563 vel

1226 592 1431 626 quocumque
1459 583 1521 616 alio
1549 582 1716 626 privilegio
1740 582 1880 633 suffulta,
1903 592 1961 616 eo-

1226 646 1362 679 rumque
1375 636 1523 680 eapitula‚
1538 641 1722 678 conventus,
1733 635 1965 677 universitates,

1226 688 1359 731 collegia
1371 695 1402 721 et
1415 699 1579 732 personas,
1589 695 1652 721 tarn
1664 689 1845 722 saeculares
1867 698 1964 732 quam

1226 801 1254 828 et
1272 795 1442 836 subiectas,
1466 796 1592 839 quoties
1606 795 1663 828 tihi
1677 795 1848 836 videbitur,
1864 796 1964 839 Apos-

1228 849 1320 882 tolica
1334 850 1524 883 auctoritate
1541 848 1719 890 visitandi¹3
1734 860 1771 882 ac
1788 849 1819 882 in
1834 849 1963 882 illorum

1225 908 1353 942 statum,
1378 904 1526 944 sormam,
1547 904 1683 945 regulas,
1707 902 1861 943 instituta,
1882 901 1965 944 regi-

1227 966 1310 995 men,
1328 962 1453 996 statuta,
1471 956 1729 997 consuetudines,
1746 956 1854 996 vitam,
1871 955 1961 997 ritus,

1227 1019 1352 1050 mores,
1380 1015 1411 1042 et
1431 1009 1645 1054 disciplinam,
1673 1015 1737 1043 tam
1766 1009 1964 1043 coniunctim

1226 1072 1321 1105 quam
1344 1062 1481 1103 divisim,
1500 1074 1537 1096 ac
1557 1069 1619 1096 tam
1642 1063 1673 1095 in
1694 1063 1797 1107 capite
1814 1073 1910 1107 quam
1932 1062 1965 1095 in

1227 1115 1391 1155 memhris,
1416 1115 1588 1159 diligenter
1613 1116 1810 1161 inquirendi,
1837 1125 1974 1161 necnon

1227 1169 1443 1212 (evangelicae
1459 1198 1466 1211 ,
1480 1177 1525 1203 iet
1550 1170 1745 1214 apostolicae
1778 1170 1961 1211 doctrinae,

1226 1233 1457 1267 sacrorumque
1468 1234 1627 1257 canonum
1640 1230 1671 1257 et
1680 1223 1879 1266 generalium
1890 1233 1966 1257 con-

1227 1275 1376 1309 ciliorum
1398 1276 1550 1318 decretis,
1570 1288 1606 1310 ac
1626 1281 1810 1310 sanctorum
1836 1277 1966 1310 Patrum

1229 1329 1465 1371 traditionibus,
1481 1337 1576 1374 atque
1594 1330 1744 1364 institutis
1757 1330 1965 1372 inhaerendo,

1227 1389 1258 1415 et
1277 1383 1366 1424 alias,
1391 1389 1488 1426 prout
1509 1383 1646 1425 occasio,
1671 1394 1845 1428 rerumque
1861 1384 1965 1428 quali-

1229 1441 1273 1468 tas
1287 1436 1441 1480 exegerit)
1456 1447 1679 1480 quaecumque
1691 1436 1880 1478 mutatione,
1895 1447 1967 1470 cor-

1229 1489 1381 1529 rectione,
1401 1490 1638 1530 emendatione,
1656 1490 1860 1524 revocatione
1873 1496 1904 1523 et
1917 1501 1967 1524 re-

1228 1543 1410 1584 novatione,
1434 1543 1482 1575 vel
1509 1543 1603 1576 etiam
1627 1554 1663 1576 ex
1683 1543 1807 1586 integro
1825 1543 1967 1578 editione

1229 1596 1372 1637 indigere
1395 1596 1594 1638 cognoveris,
1615 1596 1822 1638 reformandi,
1842 1603 1967 1630 mutan-

1228 1650 1271 1689 di,
1285 1650 1478 1692 corrigendi,
1502 1642 1533 1683 et,
1550 1650 1644 1683 etiam
1667 1650 1706 1683 de
1727 1661 1809 1684 novo
1827 1651 1966 1684 conden-

1228 1704 1271 1744 di,
1301 1705 1429 1737 condita
1453 1704 1552 1737 sacris
1585 1704 1762 1738 canonibus
1786 1715 1851 1738 non
1871 1715 1966 1749 repu-

1228 1757 1356 1799 gnantia
1370 1757 1595 1798 confirmandi,
1616 1758 1733 1791 aluisus
1746 1767 1968 1802 quoscumque

1230 1811 1373 1851 tollendi,
1391 1811 1527 1853 regulas,
1543 1811 1767 1853 institutiones,
1778 1812 1969 1846 ohservatio-

1230 1876 1284 1897 nes
1309 1871 1340 1898 ct
1365 1864 1611 1898 ecclesiasticam
1643 1865 1844 1909 disciplinam
1863 1893 1870 1906 ‚
1897 1865 1968 1898 ubi-

1229 1929 1368 1962 cumque
1395 1918 1468 1950 illae
1486 1917 1671 1958 exciderint,
1695 1918 1799 1951 modis
1819 1919 1969 1961 congruis

1231 1971 1419 2004 restituendi
1435 1977 1465 2004 et
1478 1971 1708 2013 reintegrandi‚
1721 1971 1876 2015 praedicti
1890 1971 1969 2005 Con-

1229 2024 1292 2057 eilii
1313 2025 1491 2058 Tridentini
1514 2025 1653 2065 decreta,
1677 2024 1732 2058 ubi
1749 2024 1894 2058 nondum
1914 2025 1965 2058 in-

1230 2078 1377 2111 troducta
1398 2083 1494 2118 sunt,
1524 2077 1725 2121 proponendi
1756 2083 1786 2111 et
1815 2077 1969 2112 custodiri

1230 2130 1460 2174 praecipiendi,
1478 2130 1628 2174 ipsasque
1641 2140 1804 2174 personas,
1825 2136 1888 2164 tam
1901 2141 1970 2164 sae-

1229 2185 1365 2225 culares,
1381 2195 1477 2228 quam
1491 2185 1664 2228 regulares,
1681 2184 1776 2217 etiam
1794 2190 1966 2228 exemptas,

1229 2238 1267 2270 ad
1297 2237 1439 2270 debitum
1470 2243 1500 2270 ct
1531 2237 1700 2270 honestum
1728 2237 1808 2270 vitae
1836 2237 1967 2271 modum
2014 2279 2016 2281 ‚

1230 2290 1418 2330 revocandi,
1453 2300 1512 2326 ac.
1543 2290 1702 2333 quidquid
1736 2290 1809 2323 inde
1844 2282 1965 2324 s‘tatue-

1230 2344 1271 2376 ris
1286 2349 1314 2376 et
1336 2343 1546 2384 ordinaveris,
1567 2349 1723 2387 perpetuo
1743 2343 1904 2377 observari
1925 2344 1968 2377 sa-

1229 2398 1352 2438 ‹riendi;
1547 2392 1551 2396 ¹

1274 2454 1290 2494 g
1308 2452 1339 2485 li.
1356 2452 1471 2486 Contra
1485 2451 1716 2493 inobedientes,
1734 2462 1770 2485 ac
1783 2452 1878 2486 etiam
1893 2462 1969 2486 con-

1233 2510 1278 2538 tra
1299 2505 1453 2547 falsarios,
1480 2505 1654 2546 usurarios,
1683 2511 1838 2549 raptores
1862 2505 1970 2540 incen-

1269 2596 1277 2621 l
1303 2594 1366 2621 llcic
1386 2597 1411 2621 et
1430 2603 1541 2629 semper
1558 2594 1687 2629 deinceps
1707 2593 1884 2629 subintellige
1907 2595 1970 2630 ple-

1233 2647 1300 2666 nam
1328 2641 1354 2665 et
1380 2639 1504 2667 liberam
1529 2639 1696 2674 facultatem
1721 2639 1969 2667 etauctoritatem

1232 2684 1415 2710 concedimus
1423 2684 1649 2717 etindulslemus,
1663 2686 1741 2718 prout
1752 2683 1859 2710 dicetur
1877 2684 1904 2710 in
1916 2685 1970 2712 tine

1232 2728 1245 2762 §
1259 2729 1299 2762 lG,
1317 2736 1420 2755 nameo
1436 2737 1522 2762 usque
1539 2729 1626 2755 oratio
1643 2731 1732 2755 manet
1746 2736 1879 2763 suspensa
1889 2729 1968 2765 (uxr).

1980 321 2030 350 An.
2042 321 2072 349 c.
2093 308 2160 350 160'8
2179 332 2182 334 v

2028 2467 2104 2488 Contra
2119 2471 2151 2488 re*
2181 2460 2190 2478 J
2219 2456 2227 2483 ’ἶ

1984 2493 2120 2520 procedendi.
2172 2500 2175 2501 ⁷
