2227 3241
87 219 139 249 An.
159 219 188 248 C.
203 218 275 248 1603

108 282 181 303 Plures
189 281 273 302 confra-

87 311 200 332 ternitates
233 310 272 330 sub

88 338 272 360 SSNominelcsu

89 368 182 387 erectae.

106 1034 214 1055 Dictat-um
223 1037 274 1053 con-

90 1061 189 1082 fratribus
204 1059 276 1080 Ponti-

91 1088 123 1107 fex
134 1087 234 1110 elargitur
244 1086 274 1106 ln·

91 1114 217 1139 dulgentius.

899 217 1047 243 CLEMENS
1066 217 1125 243 vm
1144 218 1194 243 PP.

288 267 474 302 Perualibus
501 267 535 301 in
558 266 656 301 Indiis
681 266 940 301 Occidentalibus
964 266 1027 299 exi·

287 321 456 363 stentibuS,
479 321 625 354 nonnulli
649 320 871 354 christifideles
894 331 1023 353 earum-

287 375 359 408 dem
386 375 525 418 partium
550 375 757 418 quamplures
785 373 954 417 utriusque
977 385 1026 407 se-

285 439 343 463 xus
370 428 626 462 christifidelium
651 428 946 468 confraternitates,
985 427 1026 460 ol]

285 482 458 516 maximam
478 493 591 516 eorum
607 482 809 515 devotionem
835 492 930 525 quam
953 492 1027 524 erga

285 536 522 570 sanctissimum
547 536 671 569 Nomen
696 536 766 569 lesu
793 541 933 579 gerunt,
968 534 1027 568 sub

286 591 379 624 titulo
393 600 449 624 seu
462 590 662 624 invocatione
676 590 819 623 eiusdem
834 589 1027 623 sanctissimi

286 644 441 684 Nominis,
459 643 492 677 in
511 642 751 687 parochialibus
772 643 820 676 vel
837 643 907 675 aliis
927 645 1028 677 eccle-

287 696 342 729 siis
365 707 422 730 seu
446 695 592 730 oratoriis
608 695 730 729 ibidem
748 695 967 738 existentibus,
989 697 1028 730 de

287 749 416 784 licentia
446 755 478 783 et
509 749 699 783 auctoritate
724 748 966 783 Ordinariorum
992 761 1029 783 ac

288 802 365 836 alias
388 801 542 836 canonice
566 802 629 835 iam
649 802 858 844 instituerint,
881 809 912 837 et
932 803 964 836 in
982 804 1029 837 fu-

289 862 396 890 turum
421 855 627 900 quamplures
653 855 730 888 alias
755 855 903 889 similiter
935 857 1026 890 insti-

288 915 378 943 tuere
395 936 402 950 ,
433 908 492 942 sub
518 909 631 942 eodem
656 908 860 942 sanctissimo
880 910 1028 951 Nomine,

288 962 472 997 intendant:

334 1017 350 1059 ἕ
376 1016 406 1049 1.
434 1016 497 1050 Nos
520 1027 578 1061 pro
602 1022 712 1051 nostro
741 1017 893 1061 pastorali
925 1017 1031 1052 officio

289 1070 471 1116 cupientes,
498 1076 533 1104 ut
557 1070 777 1105 christifideles
801 1071 927 1105 illarum
951 1083 1027 1117 par-

290 1125 370 1159 tium
394 1124 543 1158 omnibus
556 1124 670 1159 diebus
683 1125 716 1158 in
730 1125 863 1159 diversis
881 1126 1030 1170 operibus

289 1177 351 1223 piis
369 1184 463 1223 atque
479 1177 760 1212 exercitationibus
774 1178 887 1213 divinis
904 1189 1030 1213 versen-

290 1235 343 1265 tur
359 1258 366 1271 ,
392 1236 422 1265 et
447 1241 528 1274 quae
560 1230 599 1263 ad
631 1231 829 1265 excitandam
854 1231 1026 1276 pietatem,

291 1293 395 1318 mores
415 1283 635 1318 informandos
659 1290 689 1318 et
712 1291 875 1318 aeternam
895 1286 1028 1319 salutem

289 1338 525 1383 procurandam
544 1339 714 1382 pertinent;
735 1345 834 1382 utque
855 1339 1030 1373 confratres

289 1391 474 1425 huiusmodi
500 1403 537 1425 eo
563 1392 685 1425 maiora
709 1392 742 1425 in
767 1393 834 1426 dies
856 1393 1031 1436 suscipiant

289 1445 510 1485 incrementa,
548 1455 612 1488 quo
643 1444 775 1478 uberius
810 1446 1029 1480 christifideles

289 1500 363 1533 inde
388 1498 572 1534 caelestium
596 1509 732 1531 munera
755 1499 930 1542 gratiarum
952 1511 1028 1533 con-

289 1555 380 1598 sequi
400 1564 492 1598 posse
512 1553 757 1597 congnoverint:
774 1554 813 1587 de
827 1555 1031 1598 omnipoten-

289 1609 327 1643 tis
352 1609 405 1642 Dei
430 1607 660 1648 misericordia,
688 1618 725 1640 ac
748 1607 917 1642 beatorum
945 1609 1029 1643 Petri

288 1669 319 1698 et
353 1663 444 1696 Pauli
482 1662 699 1706 apostolorum
739 1662 807 1696 eius
844 1664 1031 1698 auctoritate

288 1717 413 1757 confisi,
424 1715 710 1761 supplicationibus
724 1727 853 1762 quoque
868 1728 926 1761 pro
941 1724 1029 1761 parte

289 1770 518 1804 venerabilium
545 1769 679 1803 fratrum
708 1771 932 1814 episcoporum
954 1772 1026 1805 illa-

289 1836 360 1858 rum
386 1823 624 1869 provinciarum
650 1825 739 1868 regni
761 1824 813 1857 del
829 1825 918 1858 Perii
937 1827 1030 1860 nohis

289 1877 452 1912 humiliter
477 1877 632 1921 porrectis
657 1878 812 1918 inclinati,
835 1879 984 1912 omnibus
1000 1886 1030 1913 et

289 1931 421 1976 singulis
445 1933 612 1975 utriusque
637 1942 730 1965 sexus
754 1932 1027 1975 christifidelibus,

289 1986 344 2029 qui
365 1985 550 2019 huiusmodi
568 1986 848 2019 confraternitates
866 1986 925 2019 sub
942 1987 1029 2019 invo-

291 2040 415 2073 catione
449 2039 639 2073 sanctissimi
676 2039 821 2073 Nominis
857 2040 928 2073 Iesu
967 2041 1028 2074 iam

290 2092 467 2134 institutas,
491 2098 522 2126 et
546 2103 604 2137 pro
631 2098 773 2137 tempore
798 2093 968 2135 canonice,
996 2102 1030 2128 ut

291 2148 491 2192 praefertur,
518 2147 731 2180 instituendas
766 2147 805 2180 de
841 2153 966 2182 caetero
997 2149 1030 2182 in

290 2207 482 2246 perpetuum
507 2201 746 2245 ingredientur,
773 2208 804 2236 ct
828 2202 859 2235 in
894 2213 1028 2236 consor-

291 2255 371 2289 tium
389 2254 575 2288 carumdem
593 2254 894 2288 confraternitatum
914 2256 1031 2290 descri-

291 2309 422 2348 bentur,
447 2308 499 2341 die
524 2307 627 2351 primo
663 2318 774 2341 eorum
811 2309 974 2352 ingressus
1002 2316 1032 2343 et

290 2362 526 2407 descriptionis,
552 2362 577 2395 si
598 2372 668 2396 vere
689 2362 887 2406 poenitentes
908 2369 936 2397 et
957 2374 1028 2396 con-

291 2416 362 2450 fessi
398 2416 633 2451 sanctissimum
668 2415 883 2450 Eucharistiae
915 2416 1028 2451 Sacra-

291 2474 436 2504 mentum
454 2470 660 2514 sumpserint,
680 2469 876 2512 plenariam,
896 2481 944 2509 ac,
967 2475 1030 2503 tam

291 2524 367 2568 ipsis
390 2535 475 2557 nunc
500 2530 530 2557 et
554 2534 612 2568 pro
632 2530 776 2567 tempore
801 2523 1030 2564 describendis,

291 2589 388 2622 quam
412 2578 476 2611 iam
500 2577 532 2611 in
565 2577 684 2612 eisdem
719 2577 1031 2611 confraternitatibus

292 2631 456 2676 descriptis
481 2631 707 2673 confratribus,
727 2631 760 2665 in
786 2631 956 2668 cuiuslibet
979 2642 1032 2666 eo-

339 2695 419 2723 Bull.
435 2694 518 2723 Rom.
538 2694 597 2722 Vol.
614 2694 664 2722 XI.
882 2693 898 2720 3

1733 208 1775 241 17

1060 277 1131 299 rum
1157 266 1267 299 mortis
1293 266 1438 305 articulo,
1456 264 1481 299 si
1495 266 1616 310 pariter
1639 276 1712 299 vere
1733 277 1806 310 poe-

1060 320 1198 354 nitentes
1212 328 1243 354 et
1254 320 1402 361 confessi,
1415 322 1568 364 sacraque
1579 322 1806 354 communione

1060 375 1181 414 refecti,
1200 374 1259 415 vel,
1280 380 1438 418 quatenus
1462 373 1494 406 id
1521 373 1623 407 facere
1647 374 1802 417 nequive-

1060 429 1135 469 rint,
1163 428 1273 461 saltem
1299 428 1428 461 contriti
1452 438 1570 461 nomen
1592 428 1662 462 Iesu
1691 439 1757 467 ore,
1781 430 1804 461 si

1060 481 1237 525 potuerint,
1260 481 1307 512 sin
1335 486 1443 514 autem
1469 480 1565 514 corde
1588 480 1699 515 devote
1720 481 1806 515 invo-

1061 535 1214 574 caverint,
1240 533 1336 567 etiam
1362 535 1550 578 plenariam.

1107 589 1122 629 ξ
1148 587 1178 620 2.
1196 587 1259 620 Nec
1276 597 1341 620 non
1360 588 1510 621 omnibus
1529 589 1697 632 utriusque
1715 599 1807 622 sexus

1063 639 1324 675 christifidelibus
1349 640 1444 674 etiam
1471 651 1541 674 vere
1567 642 1807 684 poenitentibus

1063 700 1094 727 et
1119 693 1282 732 confessis
1309 704 1347 726 ac
1371 704 1461 726 sacra
1481 695 1709 728 communione
1728 696 1807 728 refe-

1063 748 1131 790 ctis,
1159 747 1214 792 qui
1239 747 1389 781 ecclesias
1414 758 1470 781 seu
1496 749 1646 792 capellas,
1668 749 1807 783 oratoria

1063 807 1095 835 et
1118 801 1227 834 altaria
1252 800 1411 834 dictarum
1433 800 1730 834 confraternitatum
1756 802 1808 836 die

1063 855 1141 888 festo
1162 853 1420 888 Circumcisionis
1445 854 1570 887 Domini
1607 855 1707 888 nostri
1737 855 1806 888 Iesu

1065 907 1178 941 Christi
1199 917 1216 939 a
1240 906 1353 951 primis
1376 907 1515 951 vesperis
1541 917 1643 950 usque
1660 907 1699 940 ad
1716 918 1808 941 occa-

1065 971 1136 994 sum
1161 960 1237 995 solis
1273 960 1416 994 eiusdem
1450 959 1512 994 diei
1549 961 1682 1004 singulis
1717 961 1808 994 annis

1065 1014 1176 1049 devote
1200 1014 1380 1059 respective
1404 1014 1614 1056 visitaverint,
1634 1021 1664 1048 et
1681 1015 1726 1048 ibi
1749 1025 1808 1059 pro

1066 1068 1315 1103 christianorum
1332 1068 1514 1113 principum
1533 1069 1717 1109 concordia,
1734 1070 1808 1102 hae-

1065 1132 1171 1156 resum
1197 1121 1434 1167 extirpatione,
1469 1133 1505 1156 ac
1538 1128 1667 1156 sanctae
1699 1122 1808 1156 matris

1064 1176 1224 1211 Ecclesiae
1248 1176 1437 1211 exaltatione
1461 1176 1530 1220 pias
1549 1176 1589 1210 ad
1613 1176 1712 1210 Deum
1738 1186 1809 1221 pre-

1066 1241 1118 1265 ces
1142 1230 1329 1272 effuderint3
1354 1230 1459 1275 quoad
1484 1230 1660 1265 confratres
1684 1241 1809 1264 earum-

1065 1284 1138 1318 dem
1149 1283 1460 1325 confraternitatum,
1472 1283 1648 1328 plenariam
1659 1282 1809 1317 similiter

1065 1339 1209 1372 omnium
1235 1344 1442 1383 peccatorum
1475 1348 1608 1371 suorum
1638 1337 1807 1381 indulgen-

1065 1393 1140 1426 tiam
1177 1398 1207 1426 et
1243 1391 1465 1425 remissionem
1497 1391 1747 1425 misericorditer
1775 1392 1807 1424 in

1065 1448 1200 1480 Domino
1226 1446 1453 1486 concedimus,
1484 1446 1590 1490 quoad
1622 1446 1699 1479 alios
1734 1456 1807 1479 vero

1064 1508 1127 1534 non
1153 1500 1340 1540 confratres,
1367 1500 1476 1543 viginti
1503 1510 1603 1533 annos
1625 1506 1654 1534 et
1673 1500 1807 1534 totidem

1065 1554 1286 1599 quadragenas
1311 1554 1349 1586 de
1375 1554 1527 1587 iniunctis
1552 1554 1620 1593 eis,
1647 1564 1701 1587 seu
1729 1554 1807 1587 alias

1065 1608 1308 1652 quomodolibet
1333 1607 1447 1641 debitis
1463 1607 1679 1652 poenitentiis,
1696 1608 1727 1641 in
1746 1609 1807 1641 for-

1066 1673 1117 1695 ma
1142 1662 1300 1695 Ecclesiae
1325 1666 1478 1696 consueta
1503 1663 1692 1695 relaxamus.

1110 1718 1126 1759 S
1146 1716 1176 1750 3.
1199 1717 1332 1759 Insuper
1352 1716 1473 1749 eisdem
1492 1716 1706 1750 confratribus
1722 1716 1808 1749 simi·

1065 1771 1135 1804 liter
1159 1781 1231 1804 rere
1256 1769 1494 1814 poenitentibus
1519 1776 1548 1804 et
1575 1771 1738 1811 confessis,
1761 1781 1808 1803 sa-

1066 1825 1184 1867 craque
1208 1824 1436 1857 communione
1461 1823 1600 1865 refectis,
1628 1823 1682 1867 qui
1709 1824 1808 1857 eccle-

1065 1877 1126 1910 sias
1143 1888 1199 1911 seu
1220 1877 1366 1922 capellas,
1387 1878 1525 1910 oratoria
1543 1883 1573 1911 et
1591 1878 1701 1911 altaria
1718 1888 1808 1922 prae-

1066 1931 1152 1964 dicta
1165 1931 1197 1963 in
1215 1930 1337 1975 primo¹
1351 1932 1564 1971 Pentecostes,
1581 1930 1807 1975 Conceptionis

1065 1991 1095 2018 et
1118 1984 1352 2029 Assumptionis
1377 1985 1409 2018 B.
1438 1985 1554 2018 Mariae
1577 1984 1736 2029 Virginis,
1771 1996 1808 2018 ac

1066 2038 1231 2073 Dominica
1249 2038 1280 2071 in
1298 2038 1397 2079 Albis,
1420 2039 1506 2072 festis
1524 2038 1649 2078 diebus,
1665 2050 1681 2071 a
1699 2039 1808 2082 primis

1066 2092 1215 2136 vesperis,
1243 2098 1277 2126 ut
1301 2094 1492 2137 praefertur,
1520 2092 1613 2126 etiam
1636 2093 1809 2136 respective

1067 2146 1265 2180 visitaverint
1288 2153 1319 2180 et
1342 2147 1524 2183 oraverint:
1556 2157 1619 2190 quo
1650 2145 1700 2178 die
1722 2157 1807 2189 prae-

1067 2201 1228 2234 dictorum
1254 2200 1374 2244 aliquid
1400 2199 1543 2244 egerint,
1574 2200 1680 2243 viginti
1706 2209 1807 2232 annos

1066 2260 1096 2288 et
1121 2254 1252 2288 totidem
1277 2253 1510 2298 quadragenas,
1539 2260 1700 2297 utsupra,
1729 2253 1807 2285 rela-

1066 2320 1189 2342 xamus.
1216 2308 1344 2347 Quoties
1365 2318 1438 2341 vcro
1456 2308 1609 2351 praedicti
1633 2306 1807 2340 confratres

1067 2362 1173 2395 missis
1197 2366 1228 2395 et
1252 2362 1321 2395 aliis
1345 2361 1459 2394 divinis
1495 2360 1609 2395 officiis
1646 2360 1678 2392 in
1714 2360 1806 2393 dictis

1066 2416 1208 2450 ecclesiis
1221 2426 1277 2449 seu
1292 2415 1433 2459 capelliS‚
1450 2414 1597 2448 oratoriis
1611 2420 1641 2447 et
1654 2414 1806 2447 altaribus

1067 2470 1238 2514 praedictis
1271 2481 1328 2513 pro
1365 2476 1507 2513 tompore
1541 2468 1739 2501 celebrandis
1775 2475 1805 2502 ct

1067 2524 1250 2563 recitandis,
1273 2535 1327 2557 seu
1346 2521 1647 2565 congregationibus
1670 2522 1805 2565 puhlicis

1066 2579 1113 2611 vel
1138 2577 1267 2622 privatis
1290 2576 1473 2609 earumdem
1508 2574 1803 2608 confraternitatum

1104 2641 1112 2666 l
1136 2639 1325 2674 Subintellige:
1343 2638 1389 2666 die
1402 2640 1471 2673 sesto
1486 2636 1525 2672 (a.
1541 2636 1588 2671 T.).

1823 218 1871 245 An.
1892 217 1920 244 C.
1940 217 2006 245 ¹603

1822 603 2007 628 Attisquuquein-

1823 629 1942 653 :tulgi-ntia<
1957 635 2006 649 con-

1822 656 1879 675 cedit
1904 658 2007 676 mutanti-

1821 682 1861 703 bus
1880 688 1952 703 earum
1970 689 2008 703 ec-

1823 710 1906 729 etesia„

1863 1722 1919 1743 Alias
1934 1723 2008 1743 iterum

1823 1749 1964 1769 confratribus
1973 1750 2008 1770 de*

1823 1776 1906 1801 signata
1928 1776 1962 1796 hic
1987 1782 2008 1796 n-

1823 1808 1875 1850 Eera
1890 1806 2009 1829 peragenti-

1839 1835 1869 1850 us,
