2227 3241
263 311 312 338 An.
330 311 358 339 c.
381 311 448 340 1606
475 302 557 337 -340

274 1010 444 1036 Quibuscumque

261 1043 300 1058 non
311 1037 446 1058 obstantium.

464 361 603 395 tionibus
633 360 794 402 inclinati,
815 361 918 395 eidem
946 361 1100 396 maiestati
1127 367 1198 396 tuae

464 413 671 447 concedimus
685 413 940 457 effindulgemus,
958 415 1198 459 utquieumque

462 466 588 507 milites,
611 466 665 510 qui
691 466 721 499 in
747 467 889 511 qualibet
914 469 965 500 tua
991 468 1101 509 classe,
1124 478 1199 502 eon-

462 525 508 552 tra
530 519 674 554 infideles
700 526 806 554 tamen
832 526 886 554 aut
910 521 1093 555 Ilaereticos
1108 549 1115 561 ,
1143 532 1200 566 per

461 573 716 617 quinquennium
756 574 944 608 continuum
983 581 1044 608 tam
1081 574 1199 609 aestivo

462 637 556 671 quam
583 627 713 661 hiemali
748 628 947 672 {emporibus
975 639 1046 662 eum
1074 628 1200 662 duobus

461 681 673 715 servientibus
691 681 907 723 militaverint,
923 692 1144 727 quascumque
1157 681 1200 716 di-

461 740 586 768 ctarum
608 735 789 768 Militiarum
813 742 843 769 et
863 735 1002 770 cuiusvis
1015 746 1125 769 earum
1148 746 1199 770 re-

461 788 599 832 spective
626 789 851 830 commendas,
879 800 934 823 seu
960 789 1200 834 praeceptorias

460 841 613 887 consequi
640 848 668 876 et
694 842 840 876 obtinere
865 843 986 887 possint
1011 849 1041 877 et
1065 843 1200 883 valeant,

461 895 594 939 perinde
619 906 655 929 ac
679 895 704 929 si
730 895 761 928 in
787 895 903 936 Africa,
932 896 1018 930 iuxta
1038 895 1200 940 praedicta

460 952 577 980 statuta
602 952 633 980 et
650 946 879 988 stabilimenta,
909 947 1107 981 militassent.

505 1001 522 1042 S
547 1000 577 1033 4.
606 1001 674 1034 Non
701 1000 902 1035 obstantibus
920 1001 1200 1035 constitutionibus

461 1058 491 1086 et
503 1053 761 1088 ordinationibus
771 1055 968 1099 apostolicis,
985 1065 1021 1087 ac
1041 1054 1198 1088 dictarum

461 1106 657 1149 Militiarum,
685 1107 780 1141 etiam
808 1108 1000 1149 iuramento,
1029 1107 1201 1141 confirma-

461 1159 548 1194 tione
572 1161 758 1205 apostolica,
776 1162 822 1195 vel
841 1161 950 1206 quavis
968 1162 1119 1195 firmitate
1139 1161 1199 1195 alia

460 1215 644 1258 roboratis,
668 1215 793 1249 statutis
823 1221 853 1249 et
889 1208 1175 1249 consuetudinibus
1190 1243 1197 1256 ,

461 1268 696 1310 stabilimentis,
724 1269 834 1303 usibus
859 1275 889 1303 et
914 1269 1048 1311 naturis,
1072 1269 1200 1313 privile-

461 1322 520 1365 giis
534 1332 675 1366 quoque,
693 1322 824 1356 indultis
845 1328 875 1356 et
888 1322 1002 1356 litteris
1015 1322 1200 1367 apostolicis

462 1375 493 1409 in
519 1376 715 1410 contrarium
741 1376 993 1421 praemissorum
1020 1376 1200 1421 quomodo-

461 1429 538 1463 libet
552 1430 721 1472 concessis,
739 1430 938 1465 eonfirmatis
952 1436 982 1464 et
998 1430 1196 1474 approbatis.

461 1483 581 1522 Quibus
606 1484 756 1519 omnibus
782 1491 813 1518 et
836 1484 988 1527 singulis,
1015 1494 1127 1517 eorum
1156 1490 1201 1517 te-

462 1546 557 1571 nores
581 1538 805 1582 praesentibus
837 1548 895 1582 pro
925 1538 1081 1582 expressis
1106 1543 1136 1571 et
1160 1537 1198 1570 ad

461 1590 594 1624 verbum
621 1591 748 1625 insertis
772 1591 949 1632 habentes,
974 1591 1036 1624 illis
1065 1591 1142 1624 alias
1169 1590 1199 1622 in

461 1654 519 1678 suo
545 1645 661 1679 robore
685 1645 915 1689 permansuris,
937 1645 995 1678 hac
1020 1644 1087 1678 viee
1108 1644 1200 1678 dum-

462 1702 545 1733 taxat
569 1699 751 1743 specialiter
770 1705 802 1734 et
826 1710 972 1744 expresse
997 1699 1200 1741 derogamus,

462 1753 660 1797 caeterisque
684 1753 852 1787 contrariis
877 1753 1144 1797 quibuscumque.

505 1806 619 1840 Datum
634 1807 753 1840 Romae
773 1807 858 1851 apud
880 1812 1025 1839 sanctum
1045 1806 1197 1848 Marcum,

460 1860 520 1893 sub
538 1861 657 1894 annulo
677 1861 847 1894 Piscatoris
861 1861 912 1894 (lie
935 1871 988 1894 xxi
1010 1860 1076 1893 iulii
1093 1870 1200 1901 ttinew,

461 1914 667 1957 pontificatus
687 1915 788 1948 nostri
809 1925 894 1948 anno
915 1914 966 1948 11¹.

497 1975 554 2003 Dat.
577 1975 621 2003 die
641 1975 670 2002 021
694 1976 749 2003 iulii
773 1976 851 2011 1606,
873 1977 967 2012 pontif.
993 1985 1035 2004 an.
1059 1984 1087 2003 11.

772 2138 896 2171 XLVIII.

463 2235 653 2270 commissio
677 2235 914 2279 archiepiscopo
945 2235 1140 2278 Mammium
1166 2239 1200 2268 tet

503 2300 562 2334 per
578 2300 610 2323 se
630 2290 751 2333 ipsum,
767 2293 825 2322 au!
840 2300 899 2332 per
913 2290 1137 2333 prccemsitum
1158 2299 1201 2322 ec-

505 2343 620 2376 clesiae
644 2342 924 2375 Hittteshemeusts
949 2342 1120 2386 compellat
1140 2352 1201 2374 mt-

505 2395 607 2428 decim
627 2396 765 2428 vicarios
782 2395 862 2427 cleri
884 2394 1063 2428 saecularis
1087 2394 1201 2428 Hilde-

504 2449 757 2492 sltemensis,qui
764 2449 992 2492 mctyistratum
1003 2448 1201 2481 haereticum

497 2547 508 2573 1
531 2547 583 2573 Sex
599 2550 660 2582 post
675 2545 733 2573 dies
747 2546 818 2573 idem
835 2545 954 2573 Pontifex
972 2546 1112 2572 consu-mat
1128 2545 1201 2581 leges

461 2591 604 2618 nonnullas
619 2598 635 2617 a
648 2589 871 2617 reformatoribus
887 2589 963 2617 urbis
979 2590 1133 2617 Maceratae
1153 2598 1200 2625 pro

461 2635 582 2662 eiusdem
597 2635 713 2662 civitatis
729 2635 860 2670 regimine
880 2634 957 2668 latas,
973 2638 999 2661 et
1014 2634 1123 2670 quidem
1140 2642 1199 2662 con·

462 2680 612 2715 stitutione,
642 2680 684 2707 cui
713 2680 836 2708 initittm:
859 2679 913 2708 ms
941 2688 1025 2714 quae,
1046 2682 1097 2706 etc.
1123 2679 1198 2714 (edit.

463 2724 562 2760 Mania,
579 2734 646 2761 quae
663 2726 816 2754 constitutio
837 2733 888 2753 nou
903 2724 951 2752 suit
967 2724 1036 2752 edita
1053 2726 1088 2759 (tt⁴
1112 2724 1158 2759 τ.).

1032 313 1212 339 BURLUIALM
1237 313 1389 353 ROMAtjUM

1275 363 1312 394 in
1329 365 1537 406 protectorem
1555 366 1810 405 assumpserunt,
1829 361 1872 395 ad
1883 363 1972 396 resti-

1279 413 1412 447 tuendas
1425 413 1527 447 eidem
1537 414 1749 458 maqistralui
1762 413 1887 448 litteras
1895 425 1972 458 pro-

1279 467 1436 509 tectiom‘s,
1453 466 1569 511 illique
1589 466 1879 500 renunciandum&

1252 564 1420 592 Venerabili
1435 564 1522 591 fratri
1537 564 1761 598 archiepiscopo
1778 564 1953 599 maguntino

1286 610 1365 636 sacri
1375 609 1489 636 romani
1503 608 1620 643 imperii
1635 608 1764 643 principi
1780 609 1906 637 electori

1472 681 1582 708 Paulus
1602 681 1682 716 Papa
1701 681 1731 708 V.

1450 761 1634 790 Venerabilis
1648 762 1754 797 frater,

1278 806 1409 833 satutem
1423 808 1454 833 et
1467 806 1664 840 apostolicam
1677 805 1926 834 benedictionem.

1279 896 1295 937 ἕ
1318 894 1346 927 1.
1371 895 1416 928 Ad
1437 905 1530 929 aures
1547 901 1685 937 nostras,
1701 890 1766 929 non
1787 895 1855 929 sine
1872 894 1972 929 animi

1192 980 1197 984 ,
1236 948 1333 981 nostri
1365 949 1620 992 perturbatione,
1648 949 1810 993 pervenit,
1838 949 1971 983 dilectos

1236 1000 1319 1034 filios
1344 1002 1494 1036 undecim
1526 1003 1660 1037 vicarios
1691 1003 1768 1036 cleri
1799 1002 1972 1037 saecularis

1235 1055 1388 1089 ecclesiae
1409 1056 1690 1096 Ilildeshemensis,
1715 1067 1754 1090 ne
1774 1056 1897 1090 decano
1916 1055 1970 1090 di-

1235 1113 1302 1141 ctae
1323 1109 1487 1150 ecclesiae,
1504 1109 1559 1153 qui
1573 1109 1604 1142 in
1626 1109 1696 1143 illos
1716 1109 1971 1143 iurisdictionem

1235 1161 1340 1202 habet,
1365 1169 1521 1206 cogantur
1544 1163 1676 1196 obedire
1701 1162 1732 1195 in
1753 1162 1802 1204 iis,
1824 1173 1907 1207 quae
1931 1162 1972 1196 ad

1235 1215 1377 1249 divinum
1395 1216 1516 1249 cultum
1530 1221 1561 1249 et
1575 1226 1701 1249 morum
1722 1216 1885 1260 pertinent
1903 1226 1973 1250 cor-

1235 1269 1422 1311 rectionem,
1446 1270 1485 1303 ad
1512 1270 1732 1313 magistratum
1758 1269 1902 1304 eiusdem
1921 1269 1970 1303 ei-

1235 1323 1350 1363 vitatis,
1374 1323 1428 1368 qui
1454 1323 1595 1357 haeresis
1619 1323 1691 1356 labe
1716 1323 1811 1357 etiam
1837 1323 1973 1357 infectus

1235 1376 1362 1417 dicitur,
1384 1375 1565 1417 accessisse,
1583 1376 1738 1420 illumque
1752 1375 1842 1420 quasi
1857 1376 1888 1409 in
1901 1386 1974 1421 pro-

1236 1435 1388 1463 tectorem
1410 1430 1469 1463 sibi
1494 1434 1704 1471 assumentes,
1729 1429 1768 1463 ab
1788 1439 1826 1463 eo
1851 1429 1972 1463 litteras

1234 1483 1444 1526 protectionis
1462 1483 1632 1527 recepisse.

1279 1537 1293 1580 ξ
1314 1536 1343 1569 ἓ.
1368 1537 1471 1576 Quare
1489 1546 1556 1578 nos,
1572 1536 1646 1569 huic
1662 1536 1746 1570 malo
1760 1536 1918 1581 protinus,
1937 1540 1973 1569 ut

1234 1601 1291 1634 par
1319 1597 1376 1632 est,
1404 1601 1574 1624 occurrere
1600 1591 1753 1632 volentes,
1781 1579 2000 1624 fraternitati¹¹

1236 1649 1319 1686 tuae,
1341 1644 1379 1677 (le
1401 1644 1491 1677 cuius
1515 1644 1643 1688 pietate,
1667 1643 1839 1688 prudentia
1862 1654 1899 1677 ac
1922 1653 1972 1677 re-

1235 1697 1362 1740 ligionis
1380 1698 1448 1731 zelo
1465 1697 1641 1741 plurimum
1660 1697 1692 1730 in
1712 1697 1849 1731 Domino
1870 1696 1972 1731 consi-

1234 1751 1361 1792 dimus,
1386 1761 1444 1795 per
1472 1756 1656 1795 praesentes
1686 1751 1919 1785 committimus
1942 1756 1974 1785 et

1236 1805 1437 1845 mandamus,
1458 1811 1490 1837 ut
1512 1815 1569 1849 per
1587 1810 1616 1838 te
1637 1805 1752 1848 ipsum,
1766 1810 1819 1838 aut
1844 1815 1902 1849 per
1925 1804 1974 1838 di-

1235 1860 1351 1892 lectum
1373 1858 1473 1891 tilium
1493 1858 1711 1902 praepositum
1730 1858 1883 1892 ecclesiae
1900 1858 1970 1892 Hil-

1235 1912 1453 1946 deshemensis
1478 1918 1542 1946 ate
1567 1912 1855 1955 subdelegandum,
1878 1921 1972 1956 prae-

1235 1966 1336 2000 dictos
1360 1966 1510 2001 undecim
1537 1965 1672 2000 vicarios
1696 1965 1772 2000 cleri
1797 1964 1973 1999 saecularis

1234 2019 1517 2061 HildesliemensiS,
1540 2019 1594 2064 qui
1616 2019 1839 2063 magistratum
1857 2018 1972 2053 haere-

1235 2073 1332 2108 ticum
1359 2074 1527 2108 adiverunt
1552 2079 1582 2108 et
1610 2074 1650 2107 ab
1674 2083 1712 2108 eo
1736 2073 1971 2118 protectionem

1234 2133 1500 2172 procuraverunt,
1514 2127 1554 2161 ad
1567 2127 1781 2161 restituendas
1793 2126 1896 2161 eidem
1910 2136 1974 2161 ma-

1234 2181 1379 2224 gistratui
1409 2181 1531 2215 litteras
1550 2180 1760 2224 protectionis
1784 2179 1972 2215 huiusmodi

1234 2240 1265 2268 et
1285 2235 1325 2268 ad
1342 2233 1404 2268 illis
1429 2234 1460 2267 in
1486 2240 1679 2278 perpetuum
1701 2233 1969 2275 renunciandum,

1234 2293 1263 2321 et
1289 2298 1329 2321 ne
1355 2287 1385 2320 in
1407 2288 1549 2322 futurum
1576 2287 1660 2322 idem
1685 2286 1888 2321 committant
1917 2286 1974 2320 in-

1235 2341 1410 2383 iungendo,
1426 2340 1616 2374 auctoritate
1645 2341 1755 2374 nostra
1783 2339 1967 2384 compellas.

1234 2393 1326 2433 Quod
1353 2393 1378 2427 si
1400 2393 1504 2428 facere
1532 2393 1751 2427 recusaverint
1771 2393 1818 2427 vel
1840 2393 1972 2427 distule-

1234 2447 1309 2489 rint,
1330 2446 1460 2480 eosdem
1481 2452 1512 2480 et
1534 2446 1711 2491 quemlibet
1728 2456 1840 2480 eorum
1860 2457 1879 2480 a
1899 2446 1968 2480 sru-

1234 2507 1342 2535 etuum
1357 2506 1388 2535 et
1400 2501 1583 2535 reddituum
1599 2500 1885 2535 ecclesiasticorum
1899 2509 1972 2545 per-

1235 2556 1393 2600 ceptione,
1414 2556 1516 2589 donec
1537 2555 1568 2589 id
1586 2555 1814 2599 praestiterint,
1836 2564 1971 2599 suspen-

1235 2609 1310 2649 das,
1326 2608 1350 2641 si
1370 2618 1445 2642 vero
1459 2608 1579 2642 diutius
1594 2608 1624 2640 in
1637 2617 1748 2641 eorum
1769 2605 1971 2642 contumacia

1270 2724 1281 2751 =1
1301 2723 1337 2751 Ex
1354 2723 1459 2759 Regest.
1478 2723 1505 2751 in
1520 2722 1620 2752 Secret.
1643 2722 1776 2751 Brerium.

1983 311 2035 339 An.
2055 310 2111 339 c.1
2131 287 2137 310 ’Δ

2013 1544 2149 1568 eor-:uitulo
2171 1539 2174 1541 ’

2003 1580 2029 1595 ua
2045 1575 2066 1596 in
2076 1572 2157 1604 rubr·
2178 1574 2179 1579 ¹
