2227 3241
253 300 300 324 An.
322 298 350 324 c.
371 297 436 325 1605
482 287 547 320 ’194

451 344 706 387 collegiatarum,
724 339 989 385 parrochianum,
1003 345 1034 373 et
1046 339 1194 381 aliarum,

451 398 546 432 etiam
568 397 764 434 iuramento,
792 393 1042 427 confirmatione
1062 398 1193 437 aposto-

452 451 522 491 lica,
547 449 597 482 vel
627 447 738 492 quavis
758 447 911 480 firmitate
938 446 1001 480 alia
1019 446 1190 487 roboratis,

451 504 576 539 statutis
608 509 639 536 et
670 501 960 536 consuetudinibus
975 527 982 541 ,
1018 500 1194 544 privilegiis

452 569 582 603 quoque
597 585 604 598 ,
636 556 768 591 indultis
789 561 820 589 et
845 555 958 589 litteris
984 554 1190 599 apostolicis,

452 612 515 645 illis
535 620 714 654 eorumque
734 609 956 653 superioribus
982 614 1012 642 et
1035 608 1191 653 personis,

453 665 485 697 in
506 675 624 707 genere
644 663 691 696 vel
712 663 745 695 in
765 662 884 706 specie,
907 662 966 695 sub
984 662 1194 706 quibuscum-

453 728 517 762 que
531 716 698 750 tenoribus
711 721 742 749 et
759 715 880 756 formis,
895 726 931 748 ac
944 725 1016 748 cum
1032 714 1196 759 quibusvis

454 771 549 804 etiam
576 769 817 812 derogatiarnm
842 768 1077 811 derogatoriis‚
1112 767 1196 801 aliis-

454 835 517 868 que
542 822 777 856 efficacioribus
809 829 839 855 et
870 821 1007 855 insolitis
1032 820 1193 861 clausulis,

455 889 492 911 ac
512 877 725 917 irritantibus,
741 881 772 909 et
791 875 861 909 aliis
878 874 1026 916 decretis,
1050 874 1147 908 etiarn
1165 874 1196 907 in

455 932 560 965 forma
573 930 693 970 Brevis,
710 935 773 963 tam
792 939 848 973 per
868 939 938 970 nos,
956 938 1052 972 quam
1068 928 1197 972 quosvis

454 985 720 1029 praedecessores
744 988 884 1023 nostros,
908 993 945 1016 ac
973 982 1068 1015 etiam
1094 981 1198 1015 dictae

455 1038 546 1072 Sedis
566 1038 700 1080 legatos,
718 1037 814 1070 etiam
835 1037 874 1069 ad
893 1035 1080 1080 quorumvis
1098 1036 1199 1080 impe-

455 1096 613 1131 ratorum,
636 1100 762 1133 regum,
783 1089 902 1122 ducum
920 1089 1116 1128 instantiam,
1145 1095 1200 1122 aut

457 1144 553 1178 etiarn
578 1149 669 1177 motu
685 1142 819 1187 proprio
837 1148 867 1175 et
884 1153 921 1176 ex
942 1145 1027 1176 certa
1051 1142 1195 1183 scienti-21,

458 1208 495 1231 ac
515 1198 554 1231 de
574 1196 769 1241 apostolicae
797 1195 963 1239 potestatis
983 1195 1196 1239 plenitudine,

459 1251 622 1285 autetiam
636 1250 913 1291 consistorialiter,
930 1250 1025 1283 etiam
1044 1260 1102 1293 per
1116 1250 1199 1282 viam

459 1304 618 1348 generalis
645 1303 724 1346 legis
745 1310 774 1336 et
793 1303 904 1336 statuti
932 1302 1093 1347 perpetui,
1122 1313 1201 1346 quo-

459 1358 637 1391 modolibet
655 1356 825 1398 concessis,
845 1367 882 1389 ac
899 1357 996 1389 etiarn
1018 1356 1140 1389 iteratis
1158 1356 1200 1389 vi-

460 1412 549 1445 cibus
570 1410 758 1455 approbatis
776 1415 807 1443 et
826 1410 996 1449 innovatis,
1013 1410 1108 1442 etiam
1123 1409 1200 1442 Mari

439 1477 443 1480 ⁴
460 1465 584 1507 Magno,
607 1464 698 1497 Bulla
718 1465 830 1504 aurea,
854 1468 908 1496 aut
936 1463 1014 1496 alias
1034 1473 1202 1507 nuncupa-

462 1518 510 1551 tis.
539 1517 660 1557 Quibus
689 1516 840 1550 omnibus
860 1522 891 1550 et
910 1516 1054 1559 singulis,
1079 1516 1202 1550 etiamsi

461 1581 520 1615 pro
552 1571 682 1604 illorum
718 1569 890 1603 sufficienti
922 1569 1133 1612 derogatione
1164 1571 1203 1603 de

462 1625 536 1665 illis,
560 1634 739 1668 eorumque
761 1623 834 1657 totis
859 1623 1025 1657 tenoribus
1042 1623 1199 1667 specialis,

462 1678 624 1722 specifica,
649 1687 796 1721 expressa
817 1682 848 1710 et
867 1676 1045 1719 individua,
1066 1687 1131 1710 non
1148 1687 1204 1709 au-

464 1737 527 1764 tem
545 1742 603 1775 per
620 1731 779 1764 clausulas
799 1730 967 1773 generales
984 1730 1068 1763 idem
1086 1729 1205 1773 impor-

465 1790 577 1824 tantes,
596 1784 715 1817 mentio
736 1794 791 1817 seu
810 1783 939 1827 quaevis
960 1783 1023 1816 alia
1043 1782 1204 1826 expressio

464 1838 624 1877 habenda,
648 1843 702 1870 aut
720 1837 827 1881 aliqua
848 1836 910 1869 alia
927 1836 1082 1880 exquisita
1102 1836 1205 1869 forma

465 1892 504 1924 ad
518 1891 579 1924 hoc
593 1891 748 1924 servanda
762 1895 855 1931 esset,
868 1896 995 1923 tenores
1008 1889 1206 1930 huiusmodi,

466 1955 502 1978 ac
529 1944 553 1978 si
575 1945 614 1978 de
632 1945 729 1978 verbo
750 1945 790 1978 ad
810 1944 944 1978 verbum
973 1944 1203 1984 insererentur,

1038 292 1096 315 nt'L
1103 291 1220 315 tiAntUM
1241 291 1393 315 ROMANUM

1227 339 1449 383 praesentibus
1462 348 1522 383 pro
1536 338 1733 372 sufficienter
1747 338 1903 382 expressis
1917 338 1969 372 ha-

1227 392 1349 434 hentes,
1370 392 1433 426 illis
1453 392 1531 425 alias
1548 391 1581 424 in
1600 401 1660 425 suo
1680 391 1799 425 robore
1815 401 1968 435 perman-

1228 445 1326 487 suris,
1360 446 1420 479 hac
1451 445 1519 478 vice
1547 445 1712 478 dumtaxat
1735 444 1916 488 specialiter
1940 451 1972 478 et

1229 509 1377 543 expresse
1402 497 1620 541 derogamus¹‚
1647 498 1817 532 contrariis
1837 498 1971 542 quibus—

1230 563 1379 596 cumque,
1396 562 1451 585 seu
1471 551 1498 585 si
1519 551 1681 595 aliquibus
1693 552 1910 585 communiter
1922 552 1969 586 vel

1230 605 1356 650 divisim
1371 605 1409 638 ab
1424 605 1537 639 eadem
1555 604 1595 638 sit
1609 605 1691 639 Sede
1709 604 1869 639 indultum
1884 606 1972 649 quod

1230 658 1403 698 interdici,
1433 658 1587 702 suspendi
1618 658 1666 691 vel
1699 658 1973 692 excommunicari

1230 722 1295 745 non
1312 711 1437 756 possint
1460 721 1519 755 per
1545 711 1668 744 litteras
1686 711 1889 755 apostolicas,
1907 722 1973 745 non

1232 764 1385 798 facientes
1410 764 1540 808 plenam
1572 769 1603 797 et
1632 774 1837 807 expressam,
1867 775 1905 798 ac
1934 765 1973 799 de

1231 818 1329 851 verbo
1353 818 1393 851 ad
1420 817 1553 851 verbum
1575 817 1614 850 de
1634 817 1760 851 indulto
1784 817 1971 852 huiusmodi

1232 871 1442 905 mentionem.

1276 926 1292 967 ξ
1314 924 1366 957 lli.
1386 924 1541 958 Volumus
1567 930 1674 959 autem
1694 930 1730 958 ut
1753 925 1970 970 praesentium

1235 978 1454 1022 transumptis,
1478 978 1574 1011 etiam
1595 978 1769 1023 impressis,
1793 990 1891 1013 manu
1916 980 1972 1014 ali-

1233 1031 1323 1065 cuius
1340 1031 1458 1064 notarii
1472 1031 1594 1075 publici
1608 1032 1810 1076 subscriptis,
1825 1038 1856 1067 et
1866 1033 1972 1076 sigillo

1233 1084 1368 1118 alicuius
1395 1095 1552 1128 personae
1580 1085 1611 1117 in
1642 1085 1796 1128 dignitate
1825 1086 1974 1120 ecclesia-

1234 1138 1311 1172 stica
1329 1137 1520 1171 constitutae
1541 1138 1683 1180 munitis,
1708 1139 1820 1172 eadem
1841 1150 1974 1184 prorsus

1234 1191 1314 1224 fides
1342 1191 1545 1232 adhibeatur,
1574 1202 1656 1235 quae
1686 1191 1763 1236 ipsis
1790 1193 1972 1236 praesenti-

1234 1245 1293 1278 bus
1317 1244 1537 1286 adhiberetur,
1561 1245 1586 1278 si
1607 1245 1713 1279 forent
1733 1245 1904 1288 exhibitae,
1926 1247 1976 1281 vel

1235 1304 1392 1332 ostensae.

1279 1352 1392 1385 Datum
1414 1353 1535 1386 Romae
1554 1353 1641 1396 apud
1662 1358 1809 1387 sanctum
1835 1354 1976 1388 Marcum

1236 1406 1294 1439 sub
1325 1406 1445 1439 annulo
1476 1406 1649 1440 Piscatoris
1677 1407 1729 1440 die
1759 1418 1836 1442 xx111
1867 1408 1977 1453 aprilis

1236 1469 1332 1500 MDCV,
1360 1458 1567 1503 pontificatus
1586 1459 1690 1494 nostri
1714 1470 1799 1494 anno
1820 1471 1842 1495 1.

1273 1522 1332 1549 Dat.
1353 1522 1396 1549 die
1414 1522 1448 1549 23
1463 1522 1557 1558 aprilis
1577 1522 1655 1558 1605,
1677 1523 1772 1559 pontif.
1790 1530 1868 1552 an.1.

1274 1594 1284 1620 1
1305 1593 1359 1620 lam
1374 1602 1457 1629 supra
1471 1594 1623 1621 monuimus
1637 1602 1698 1630 pag.
1713 1594 1762 1622 137
1778 1595 1793 1622 b
1808 1603 1902 1623 vocem
1915 1605 1979 1624 cae-

1239 1639 1371 1674 terisque,
1388 1639 1429 1666 vel
1450 1639 1609 1675 particulam
1629 1642 1666 1673 et,
1687 1648 1757 1676 quae
1776 1641 1811 1668 ad
1831 1641 1919 1668 minus
1937 1650 1979 1670 re-

1238 1684 1337 1719 quisita
1353 1684 1498 1718 videretur,
1512 1684 1691 1711 communiter
1705 1684 1800 1712 deesse
1813 1685 1920 1721 quando
1935 1694 1980 1714 se·

1239 1728 1330 1764 quitur
1344 1729 1457 1755 formula
1467 1731 1517 1756 aut
1525 1729 1561 1760 si,
1578 1732 1643 1762 etc.;
1654 1729 1703 1756 sed
1719 1732 1808 1756 utrum
1823 1738 1856 1757 ex
1871 1730 1980 1758 defectu

1239 1776 1293 1808 typ.
1317 1772 1405 1807 desit,
1428 1780 1462 1799 an
1483 1772 1516 1799 de
1538 1772 1616 1808 stylo,
1639 1781 1694 1800 non
1717 1776 1832 1801 constat.
1851 1773 1881 1801 ln
1901 1782 1978 1811 seqq.

1240 1817 1328 1844 Const.
1345 1817 1446 1852 pluries
1461 1817 1534 1844 illam
1550 1825 1643 1844 vocem
1658 1817 1825 1853 reperiemus
1835 1818 1978 1854 adiectam,

1240 1861 1322 1889 etiam
1331 1865 1462 1897 sequente
1472 1862 1586 1889 formula
1597 1865 1647 1890 aut
1658 1862 1693 1896 si,
1706 1866 1770 1896 etc.;
1782 1862 1828 1890 sed
1839 1862 1979 1898 deinceps,

1240 1907 1282 1933 vel
1305 1906 1383 1940 adsit,
1408 1906 1449 1933 vel
1470 1906 1549 1939 desit,
1570 1906 1722 1934 referemus
1737 1907 1896 1943 simpliciter
1914 1907 1979 1935 edit..

1240 1951 1318 1978 Main.
1335 1951 1438 1987 absque
1458 1951 1511 1979 ulla
1526 1953 1595 1980 nova
1610 1951 1784 1980 adnotatione
1799 1953 1838 1988 (R.
1854 1952 1890 1987 τ).

1048 2295 1419 2361 (ἶβςῐζκᾟ”<)

1981 289 2031 318 An.
2051 289 2080 318 c.
2099 290 2165 319 1605
2198 282 2205 295 ·’

2027 938 2171 965 'transumptis

1988 964 2049 985 fidem

1986 991 2063 1013 hiberi.

2074 965 2116 986 vuit
2143 965 2171 987 ad
2203 962 2205 969 ¹
