2227 3241
28 272 73 298 An.
92 268 206 296 01ss05
894 268 955 290 LEO
979 268 1009 289 *zi
1032 269 1079 290 ro
1640 252 1705 286 183
1753 262 1803 287 An.
1825 259 1941 287 01605

60 332 128 353 Abba·
143 332 209 351 sam-¹1

270 317 286 358 ξ
308 316 337 348 ’2.
363 315 519 360 Cumque.
543 316 627 350 sicut
645 316 847 360 accepimus,
867 315 966 348 abbas
1000 321 1031 348 et
1053 314 1230 354 interdicti,
1254 314 1390 358 aliisque
1417 311 1642 346 ecclesiasticis
1666 321 1738 344 sen-

29 360 209 407 l’lli‘fftflc'itssn'z'fi?
226 369 370 404 eiusdem
392 369 582 413 collegiatae
603 369 766 409 ecclesiae,
790 369 829 401 ab
850 368 966 402 imme·
1000 368 1117 408 tentiis,
1141 367 1284 401 censuris
1302 373 1330 400 et
1353 367 1476 411 poenis,
1501 377 1518 399 a
1539 365 1608 399 iure
1628 365 1676 398 vet
1700 364 1740 397 ab

0 423 1 465 l
27 413 208 461 3’4'1'0'3253333}
226 422 375 456 morabili
393 428 539 467 tempore
556 423 645 462 citra,
667 423 816 456 habuerit
833 427 864 455 et
882 432 967 455 exer·
1000 421 1141 461 homine,
1155 420 1267 464 quavis
1287 420 1456 453 occasione
1473 420 1521 452 vel
1542 420 1637 452 causa
1658 418 1741 457 latis,

999 473 1022 507 si
1042 474 1158 517 quibus
1176 473 1420 517 quomodolibet
1439 473 1612 506 innodatus
1626 471 1740 511 existit,

27 470 209 514 iffissess‘ffifl'sii'ss
225 476 327 510 cuerit
346 476 604 510 iurisdictionem
623 476 747 509 civilem
767 480 798 509 et
815 475 966 508 crimina-

27 545 52 567 do
66 544 136 565 Calall'.

0 1353 1 1360 t
50 1337 146 1365 Epist-..pi
155 1339 209 1359 hanc

38 1365 203 1387 iurisdictionem

29 1392 83 1413 ailae
90 1392 210 1412 devolutam

29 1419 157 1441 asserebam.

84 2135 125 2156 Leo
140 2136 212 2157 abbati

34 2162 147 2184 adiudicat.

27 521 47 540 ‘¹
61 517 207 538 ⁵³¹¹⁸¹¹³⁴³⁰¹³¹
224 530 298 571 lem,
322 530 419 564 etiam
433 530 465 562 in
483 529 673 563 criminibus
693 534 781 563 extra
805 529 962 571 regulam,

224 589 287 616 tam
303 583 336 616 in
349 583 523 617 canonicos
536 583 678 616 eiusdem
690 581 855 622 ecclesiae,
868 592 963 625 quarn

222 636 319 667 etiam
341 634 374 667 in
391 634 533 678 priorem
552 640 584 667 et
601 633 775 667 canonicos
791 633 965 667 saecularis

222 693 253 720 et
272 687 472 730 collegiatae,
496 687 574 720 olim
596 687 692 720 etiam
713 686 872 728 regularis
889 686 963 719 dicti

221 740 362 780 Ordinis,
380 740 534 774 ecelesiae
554 740 653 773 sancti
676 739 781 773 lacobi
797 739 908 783 oppidi
926 740 965 773 de

221 793 325 826 Calais
339 793 480 827 Vicensis
494 793 661 833 dioecesis,
678 803 762 837 quae
780 792 963 825 membrum

221 846 459 890 et'dependens
479 847 519 880 ab
546 846 614 890 ipsa
639 846 774 879 ecclesia
794 845 965 888 collegiata

221 900 323 933 sancti
343 900 500 933 vincentii
527 900 567 933 de
595 900 743 933 Cardona
773 899 898 939 existit,
929 909 966 932 ac

221 952 379 997 praedicti
392 952 483 997 prior
494 958 525 985 et
537 952 684 986 canonici
698 951 852 985 ecclesiae
865 953 964 986 sancti

222 1006 330 1040 lacobi
359 1006 399 1040 de
425 1006 526 1040 Calasf
548 1006 714 1050 praedicto
735 1005 844 1038 abbati
864 1006 965 1039 sancti

224 1059 384 1093 Vincentii
398 1060 438 1093 de
449 1060 597 1094 Cardona
608 1061 796 1094 canonicam
811 1061 967 1095 obedien-

225 1112 300 1146 tiam
320 1118 485 1157 praestare
503 1113 587 1146 soliti
605 1113 679 1153 sint,
703 1120 734 1147 ct
754 1114 793 1147 de
814 1115 876 1148 hoc
896 1121 967 1158 post

223 1166 445 1200 reductionem
473 1167 514 1201 ad
544 1168 801 1202 saecularitatem
832 1179 963 1202 earum-

224 1220 297 1253 dem
327 1220 537 1254 ecclesiarum
572 1221 604 1254 in
636 1222 839 1265 possessione
863 1222 967 1255 dictus

225 1274 324 1307 abbas
344 1274 544 1318 reperiatur3

271 1327 338 1370 53.
366 1329 482 1361 Verum
509 1329 599 1372 (quia
627 1329 825 1363 venerabiles
856 1331 968 1363 fratres

227 1381 421 1424 Urgellensis
450 1388 481 1414 et
512 1382 654 1416 vicensis
692 1383 835 1427 episcopi
868 1394 964 1427 prae-

228 1434 363 1468 tendunt
387 1436 485 1478 quod,
503 1440 575 1478 post
592 1435 815 1469 reductionem
837 1436 877 1469 ad
897 1446 967 1469 sae-

226 1487 427 1521 cularitatem
443 1488 631 1522 earumdem
643 1488 862 1531 ecelesiarum,
877 1489 969 1523 iuris-

226 1540 324 1574 dictio
344 1541 529 1585 supradicta
550 1541 581 1574 in
602 1541 731 1575 easdem
750 1542 901 1576 ecclesias
932 1553 968 1576 ac

225 1593 369 1638 priorem
394 1599 426 1628 et
445 1594 618 1628 canonicos
645 1595 684 1628 ad
712 1605 767 1628 eos
793 1596 968 1640 respective

225 1647 399 1692 pertineat;
423 1659 520 1692 quam
544 1654 649 1682 tamen
672 1659 849 1693 numquam
875 1656 969 1683 antea

226 1702 419 1743 habuerunt,
443 1703 498 1736 sed
528 1703 632 1736 solum
661 1703 710 1737 ius
735 1703 883 1737 visitandi
910 1715 965 1738 ec-

226 1757 338 1791 clesias
358 1757 550 1801 praedictas,
575 1768 659 1801 quae
679 1758 775 1790 etiam
797 1758 968 1801 parochia-

225 1811 271 1843 les
291 1810 440 1849 existunt‚
464 1809 661 1853 habuerunt)
683 1811 897 1845 dubitandum
916 1811 965 1851 sit,

225 1873 266 1896 ne
279 1863 406 1907 aliquae
420 1863 491 1897 lites
505 1868 535 1896 et
549 1863 750 1897 differentiae
763 1874 862 1908 super
874 1875 968 1908 prae-

226 1916 331 1950 missis
352 1917 435 1950 inter
455 1917 638 1960 praedictos
660 1917 829 1961 episcopos
850 1928 886 1951 ex
905 1920 970 1951 una

227 1976 257 2004 ct
269 1970 418 2004 abbatem
438 1970 639 2013 praedictum
655 1981 691 2003 ex
709 1971 809 2003 altera
822 1970 970 2014 partibus

227 2023 390 2063 oriantur,
415 2033 470 2056 seu
496 2023 558 2055 iam
581 2024 686 2056 forsan
715 2024 867 2057 subortae
894 2024 969 2057 exti-

228 2076 344 2117 terint;

274 2132 290 2173 ξ
311 2129 342 2162 4.
367 2131 429 2163 Nos
447 2141 576 2163 omnem
599 2131 893 2164 controversiarum
916 2142 970 2165 oc-

229 2184 392 2217 casionem
426 2184 509 2218 inter
547 2185 778 2230 ecclesiasticas
817 2196 972 2228 personas

229 2237 428 2282 praecidere,
453 2244 483 2271 et
511 2238 580 2271 iura
605 2249 662 2270 sua
688 2238 863 2281 unicuique
889 2249 968 2271 eon-

229 2301 356 2324 servare
377 2292 541 2326 volentes.
571 2302 605 2324 ac
639 2291 817 2324 litterarum
845 2293 971 2335 praedi—

230 2350 353 2378 ctarum
375 2345 518 2378 eiusdem
540 2344 799 2388 praedecessoris
826 2351 969 2378 tenorem

230 2398 452 2442 praesentibus
480 2408 538 2442 pro
560 2408 710 2441 expresso
741 2398 916 2437 habentes,
941 2404 971 2431 et,

231 2451 382 2484 dilectum
405 2451 506 2483 silium
522 2451 727 2484 Franciscum
750 2451 880 2490 Ferran,
901 2462 970 2484 mo-

232 2504 369 2537 dernum
394 2504 544 2537 abbatem
567 2504 670 2538 dictae
692 2504 844 2537 ccclesiae
870 2505 970 2537 sam-ti

231 2557 389 2591 vincentii
407 2558 446 2591 de
466 2558 622 2598 Cat-dona,
643 2558 836 2601 specialibus
857 2558 972 2591 favori·

999 527 1039 560 ad
1059 526 1208 560 effectum
1229 527 1446 570 praesentium
1475 527 1642 559 dumtaxat
1662 534 1741 558 con-

999 580 1219 623 sequendum,
1245 580 1359 612 harum
1381 580 1464 613 serie
1485 579 1687 612 absolventes
1712 583 1741 610 et

999 633 1181 666 absolutum
1204 633 1272 665 fore
1291 638 1467 672 censentes,
1489 631 1738 676 supplicationi-

999 687 1059 719 bus
1076 686 1145 719 eius
1165 686 1297 719 nomine
1316 686 1409 719 nobis
1434 696 1532 729 super
1552 686 1613 718 hoc
1634 684 1742 717 liumi-

999 740 1071 773 liter
1089 740 1246 784 porrectis
1266 740 1430 780 inclinati,
1452 740 1644 773 auctoritate
1665 749 1742 782 apo-

999 793 1123 833 stolica,
1145 799 1254 826 tenore
1276 793 1506 837 praesentium,
1528 793 1741 833 declaramus,

1000 852 1096 890 prout
1117 846 1194 879 alias
1207 857 1302 890 saepe
1321 846 1425 890 ipsum
1441 846 1635 880 Clementem
1651 856 1743 890 prae-

1001 900 1202 934 decessorem
1225 901 1404 933 declarasse
1424 900 1619 944 accepimus‚
1644 899 1743 943 ipsius

1001 953 1174 987 Clementis
1184 953 1442 997 praedecessoris
1455 953 1642 986 intentionis
1654 964 1744 985 num-

1001 1017 1097 1050 quam
1125 1006 1239 1047 l'uisse‚
1265 1017 1322 1049 per
1347 1006 1569 1039 reductionem
1591 1006 1742 1039 ecclesia-

1002 1070 1090 1101 rum⁷
1113 1059 1402 1099 monasteriorum,
1427 1060 1618 1102 dignitatum
1641 1065 1671 1092 et
1690 1059 1744 1092 be-

1001 1113 1190 1146 neficiorum
1217 1113 1345 1146 Ordinis
1366 1119 1396 1145 et
1426 1113 1626 1156 Principatus
1652 1123 1744 1156 prae-

1002 1167 1163 1200 dictorum
1184 1167 1224 1200 ad
1245 1166 1502 1200 saecularitatem
1520 1193 1526 1205 ,
1557 1166 1596 1199 ab
1624 1166 1742 1198 eisdem

1002 1221 1155 1261 ecclesiis,
1177 1220 1390 1260 monasteriis,
1412 1220 1621 1262 dignitatibus
1642 1226 1672 1253 et
1692 1220 1746 1253 be-

1002 1275 1146 1315 neficiis,
1183 1273 1445 1313 iurisdictiones,
1479 1273 1741 1317 praerogativas.

1003 1328 1284 1373 praeeminentias,
1302 1327 1477 1370 privilegia,
1492 1326 1619 1370 aliaque
1633 1326 1703 1359 iura
1717 1332 1747 1359 et

1003 1383 1228 1416 concessiones
1253 1382 1389 1421 auterre⁷
1422 1381 1477 1414 sed
1504 1380 1744 1423 regularitatem

1004 1443 1126 1470 tantum
1146 1436 1177 1468 in
1196 1435 1240 1468 eis
1258 1435 1474 1478 supprimere,
1490 1434 1608 1477 illaque
1623 1434 1661 1466 ad
1680 1444 1747 1466 sae-

1004 1489 1204 1523 cularitatem
1237 1488 1423 1521 huiusmodi
1452 1488 1629 1526 reducere,
1653 1487 1747 1519 salvis

1003 1554 1130 1587 semper
1151 1543 1181 1575 in
1203 1553 1261 1575 suo
1280 1542 1397 1574 robore
1418 1540 1683 1585 permanentibus
1699 1541 1748 1574 iu-

1004 1596 1255 1636 risdictionibus,
1269 1594 1510 1639 praerogativis,
1524 1594 1748 1638 praeeminen-

1004 1651 1065 1692 tiis,
1086 1650 1262 1694 privilegiis
1283 1656 1313 1682 et
1337 1648 1406 1681 aliis
1427 1648 1630 1691 supradictis,
1654 1654 1685 1681 et
1704 1648 1748 1681 sic

1004 1704 1099 1751 etiam
1123 1703 1265 1737 eiusdem
1290 1702 1405 1735 mentis
1426 1708 1456 1735 et
1478 1701 1665 1734 intentionis
1684 1712 1749 1734 nou

1005 1758 1111 1798 fuisse,
1129 1767 1187 1801 per
1200 1756 1422 1790 reductionem
1438 1755 1477 1788 ad
1491 1755 1749 1788 saecularitatem

1005 1812 1163 1845 dictarum
1183 1810 1427 1852 collegiatarum
1447 1809 1656 1842 ecclesiarum
1677 1819 1749 1842 san-

1005 1865 1046 1899 cti
1068 1864 1226 1897 Yincentii
1245 1864 1283 1897 de
1304 1863 1449 1896 (lai-dona
1467 1868 1498 1895 et
1517 1862 1617 1895 sancti
1643 1862 1748 1895 lacobi

1005 1919 1044 1951 de
1064 1918 1171 1957 Calais,
1197 1918 1227 1949 in
1249 1917 1359 1960 aliquo
1377 1915 1601 1960 praeiudicare
1622 1915 1749 1948 iurisdi-

1005 1971 1103 2005 etioui
1139 1971 1221 2003 cirili
1257 1976 1287 2003 et
1323 1969 1484 2002 criminali
1520 1969 1746 2013 supradictae.

1005 2036 1102 2069 quam
1129 2025 1234 2058 dictus
1255 2024 1353 2057 abbas
1375 2024 1529 2057 ecelesiae
1555 2024 1656 2056 sancti
1677 2023 1749 2055 Vin-

1006 2079 1101 2113 centii
1131 2080 1170 2111 de
1190 2079 1358 2116 Car-dona,
1384 2084 1447 2110 tam
1478 2078 1508 2110 in
1530 2077 1673 2110 ciusdem
1696 2087 1749 2110 ee-

1006 2133 1121 2166 clesiae
1147 2132 1330 2171 canonicos,
1355 2143 1451 2175 quam
1478 2131 1619 2175 priorem
1639 2137 1669 2164 et
1697 2143 1748 2163 ca-

1006 2186 1139 2219 nonicos
1158 2185 1310 2219 ecclesiae
1331 2184 1430 2217 sancti
1452 2184 1558 2217 lacobi
1579 2184 1618 2216 de
1639 2184 1746 2222 Calais,

1006 2246 1109 2277 antea,
1128 2245 1161 2271 ut,
1181 2239 1373 2282 praelertur,
1395 2237 1544 2277 habebat,
1560 2237 1616 2270 sed
1638 2236 1749 2270 liuius-

1008 2292 1093 2325 modi
1116 2291 1370 2324 iurisdictionem
1387 2291 1491 2324 cidem
1512 2290 1620 2323 abbati
1641 2296 1675 2323 ut
1695 2301 1750 2322 an-

1008 2352 1056 2379 tea
1066 2345 1185 2378 salvam
1199 2351 1229 2377 et
1244 2344 1385 2377 illaesam
1403 2344 1593 2377 remansisse
1608 2349 1636 2376 et
1653 2354 1751 2376 reina—

1007 2407 1104 2434 uerc,
1140 2408 1176 2430 ae
1210 2401 1272 2428 tam
1306 2395 1506 2439 praedictum
1543 2395 1749 2427 1⁴'rauciscum

1009 2451 1220 2491 modernum,
1243 2460 1339 2493 quam
1369 2461 1427 2493 pro
1450 2456 1595 2492 tempore
1616 2449 1751 2482 existen—

1009 2511 1070 2537 tem
1087 2504 1235 2537 abbatem
1253 2503 1354 2536 sancti
1374 2502 1530 2535 Vincentii
1549 2502 1587 2535 de
1604 2502 1751 2535 tlardona

1007 2568 1104 2601 super
1136 2557 1321 2590 huiusmodi
1353 2556 1575 2589 iurisdictione
1607 2562 1637 2589 et
1665 2556 1751 2589 illius

233 2610 291 2643 bus
305 2616 335 2643 et
354 2610 464 2650 gratiis
482 2611 633 2654 prosequi
649 2611 801 2651 volentes,
821 2617 852 2644 et
869 2622 886 2644 a
904 2611 973 2654 qui·
1009 2611 1111 2644 libero
1132 2610 1284 2644 exercitio
1306 2621 1363 2653 pei·
1383 2609 1485 2643 dictos
1505 2609 1673 2653 episcopos
1694 2610 1751 2643 Ur-

233 2662 339 2696 busvis
370 2664 731 2705 excommtunic-ationis‚
757 2664 975 2707 suspensionis
1009 2665 1183 2707 gcllcusem
1210 2671 1235 2697 et
1263 2665 1425 2697 tii-ensem
1448 2670 1499 2696 aut
1528 2674 1749 2708 quoscumque
