2227 3241
253 285 302 313 An.
321 286 348 312 G.
371 287 437 314 1607

300 511 378 535 (talpae
394 516 436 529 ntu-

252 539 366 557 iiavburuni
374 537 436 556 <rint-l

279 672 317 689 ,eft
323 669 341 688 io
349 674 436 689 eastum)

250 696 394 716 uunrwutiae
402 695 438 715 b..-

251 723 332 743 beatur.

249 1614 338 1638 gationis
351 1607 435 1639 qui-niatu

250 1641 320 1660 lturnt.

286 2119 427 2139 wluin-tantia

264 2147 422 2171 practtirturtuu

263 2172 408 2194 denmmlatur.

485 278 549 311 398

450 336 604 376 existant,
628 334 726 368 borae
753 334 945 376 canonicae,
970 340 1032 368 tam
1055 335 1190 369 diurnae

450 400 546 433 quam
566 393 742 422 noeturnae
764 388 795 421 in
817 388 917 422 clioro
938 389 1105 433 psallendo
1125 389 1190 423 sin-

451 442 533 485 gulis
554 442 667 476 diebus
687 442 880 482 recitentur,
1049 451 1054 456 ·

496 498 512 538 g
530 495 583 529 44,
604 496 720 540 Culpae
745 496 978 530 monachorum
998 496 1030 530 in
1051 496 1191 541 capitulo

451 550 551 584 semel
572 549 604 582 in
630 550 774 593 qualibet
792 549 996 584 hebdomada
1021 551 1062 584 ad
1087 550 1192 584 minus

453 603 642 643 audiantur3

497 656 584 699 545.
608 657 784 701 Missaeque
807 658 1018 691 decantentur
1042 663 1073 691 et
1096 658 1191 692 lectio

451 720 583 744 casuum
608 710 823 744 conscientiae
848 711 960 744 saltem
987 711 1036 745 bis
1056 711 1088 744 in
1105 722 1188 745 una-

451 774 579 808 quaque
602 763 807 798 hebdomada
832 764 1001 806 habeatur,
1029 776 1066 799 ac
1092 765 1188 799 disci-

450 816 539 861 plina
556 817 743 859 monastica,
767 824 864 862 prout
881 819 914 851 in
939 819 1008 853 aliis
1027 824 1190 853 monaste-

451 871 506 905 riis
526 877 681 913 servatur,
706 871 800 905 etiam
819 878 982 920 serretur3

495 925 581 968 546.
604 927 640 960 In
665 927 838 960 refectorio
863 927 958 961 lectio
983 926 1110 961 assidua
1135 938 1191 960 au-

450 973 572 1020 diatur;

494 1033 581 1075 §42
603 1034 719 1068 Carnes
744 1045 819 1068 vero
845 1035 876 1068 in
902 1035 963 1069 illis
989 1035 1191 1069 monasteriis

394 1083 432 1128 'fij
450 1098 486 1120 ae
504 1089 703 1132 temporibus
723 1094 847 1122 tantum
861 1090 893 1122 in
907 1090 1191 1123 constitutionilnts

449 1142 623 1184 praedictis
636 1143 853 1187 praescriptis,
867 1150 898 1177 et
909 1154 967 1188 per
981 1144 1100 1177 dictum
1115 1144 1191 1178 Gre-

449 1195 576 1237 gorium
589 1197 871 1240 praedecessorem
887 1197 1085 1241 approbatis,
1103 1203 1133 1231 et
1144 1208 1192 1230 ex-

451 1254 499 1282 tra
520 1255 626 1283 tamen
648 1250 778 1284 illorum
799 1247 969 1284 refectoria
986 1252 1136 1289 edantur;

494 1304 510 1344 g
531 1302 584 1336 48.
609 1303 854 1348 Praemissaque
875 1305 985 1338 omnia
1001 1315 1067 1338 non
1087 1305 1193 1339 obser-

449 1363 570 1398 vantes,
591 1363 653 1390 tam
675 1358 859 1402 superiores
885 1369 980 1402 quam
1008 1359 1188 1400 inferiores,

449 1420 526 1444 voce
546 1410 647 1444 activa
667 1417 697 1444 et
709 1412 833 1455 passiva
847 1413 886 1446 ad
900 1413 1073 1446 arbitrium
1091 1412 1192 1446 dicto-

452 1475 522 1497 rum
544 1464 690 1498 omnium
716 1465 925 1499 definitorum
950 1477 1006 1500 seu
1025 1467 1192 1509 regiminis

452 1517 520 1561 ipso
541 1518 624 1552 facto
645 1518 759 1562 privati
777 1518 928 1560 existant,

496 1571 583 1613 3³49.
607 1571 764 1615 Quodque
786 1573 916 1606 decreta
941 1574 1044 1615 saeta,
1074 1580 1104 1606 et
1127 1585 1192 1608 non

451 1624 629 1668 impressa,
659 1636 695 1659 ac
720 1626 933 1670 imposterum
964 1628 1109 1662 facienda
1133 1639 1191 1672 pro

450 1677 536 1710 bono
558 1678 716 1720 regimine.
734 1679 894 1713 dictorum
915 1680 1042 1714 Ordinis
1060 1687 1089 1714 et
1105 1681 1189 1715 Con-

449 1730 646 1773 gregationis
667 1732 698 1764 in
720 1733 849 1766 illorum
868 1734 1015 1777 capitulis
1035 1735 1192 1777 generali-

449 1785 519 1826 bus,
539 1797 596 1829 per
614 1791 685 1819 vota
703 1792 825 1820 secreta
846 1798 864 1820 a
886 1787 999 1820 maiori
1017 1794 1107 1832 parte
1126 1788 1193 1822 illo-

450 1849 520 1871 rum
532 1840 751 1882 praelatorum
763 1840 995 1884 approbentur,
1007 1847 1048 1883 et,
1062 1842 1101 1875 ad
1116 1842 1191 1875 esse-

448 1898 536 1925 etum
561 1898 594 1926 ut
612 1903 724 1926 omnes
745 1894 785 1927 ad
799 1904 912 1927 eorum
931 1894 1190 1929 observatioiiem

449 1945 507 1978 sub
528 1948 633 1990 poenit
649 1947 812 1991 praecepti
829 1953 998 1981 teneantur
1016 1954 1046 1981 et
1060 1949 1191 1991 obligati

450 1999 596 2040 existant,
620 2010 638 2033 a
657 2001 739 2034 Sede
759 2001 1137 2048 praedictaconfirmari
1163 2009 1194 2037 et

451 2053 625 2097 approbari
644 2053 801 2095 debeant,

496 2108 513 2149 g
534 2106 586 2140 50.
610 2108 644 2141 ln
666 2108 799 2152 reliquis
813 2119 888 2142 vero
902 2109 1011 2143 omnia
1024 2115 1054 2143 et
1067 2110 1194 2153 singula

452 2160 484 2193 in
508 2161 681 2204 praedictis
706 2162 824 2196 nostris
848 2163 962 2196 litteris
987 2169 1136 2198 contenta
1161 2164 1193 2197 in

452 2214 602 2248 omnibus
623 2221 654 2248 et
673 2226 731 2259 per
752 2216 861 2249 omnia
882 2216 969 2250 iuxta
989 2217 1119 2250 illorum
1148 2223 1193 2251 te-

450 2278 562 2302 norem
584 2268 805 2310 observentur,
826 2280 885 2303 neo
902 2269 1031 2303 illorum
1051 2271 1193 2304 declara-

452 2321 505 2364 tio,
518 2322 696 2355 moderatio
707 2322 856 2366 aliquam
871 2328 961 2367 parte
972 2324 1020 2356 vel
1032 2323 1063 2356 in
1081 2329 1194 2365 totum,

449 2386 504 2409 seu
525 2376 697 2418 revocatio,
722 2376 834 2420 quovis
855 2377 1000 2420 quaesito
1015 2378 1123 2411 colore
1143 2378 1193 2412 vel

451 2429 592 2472 ingenio,
613 2430 674 2463 nisi
689 2430 728 2463 de
748 2430 883 2464 consilio
898 2437 928 2464 et
946 2441 1105 2465 consensu
1125 2442 1194 2464 om-

449 2484 539 2517 nium
559 2485 719 2518 dictorum
738 2485 868 2519 Ordinis
889 2491 919 2518 et
931 2485 1194 2528 Congregationis

449 2538 680 2580 praelatorum,
697 2538 792 2572 etiam
811 2539 869 2585 sub
887 2539 1075 2582 privationis
1090 2539 1194 2581 digni-

452 2595 561 2633 tatum
578 2597 609 2624 et
633 2592 814 2624 officiorum
831 2619 838 2632 ,
869 2602 948 2635 quas
973 2598 1003 2624 et
1028 2602 1110 2635 quae
1134 2602 1193 2636 pro

1035 287 1070 309 nt*
1077 287 1129 310 LLA
1136 286 1210 311 RlUM
1238 287 1360 310 ttsntht'
1367 287 1386 310 tt

1226 336 1314 368 nullo
1333 345 1486 379 umquam
1503 340 1648 379 tempore
1669 335 1818 370 intentari
1838 337 1883 370 vel
1906 336 1966 370 im-

1226 389 1344 433 petrari
1370 390 1511 433 possint,
1537 389 1647 423 itidem
1673 396 1831 434 perpetuo
1853 391 1964 424 statui-

1227 453 1298 476 mus
1319 449 1349 476 et
1369 443 1569 483 ordinamus,
1590 454 1626 476 ac
1649 443 1690 477 ita
1711 444 1750 476 ab
1772 444 1923 479 omnibus
1936 451 1966 478 et

1226 495 1371 537 singulis,
1396 506 1476 539 quos
1497 503 1697 530 concernunt
1717 503 1748 530 et
1772 503 1968 532 concernent

1226 550 1472 593 quomodolibet
1503 550 1535 583 in
1563 551 1709 583 futurum
1726 578 1734 592 ,
1768 551 1827 584 sul)
1854 551 1967 595 poenis

1227 603 1377 646 praefatis
1402 603 1630 636 inviolabiliter
1656 603 1820 638 observari
1848 604 1968 639 debere

1225 657 1374 690 volumus
1395 663 1425 690 et
1443 657 1645 691 mandamus.
2188 691 2189 694 ,
2209 688 2211 705 γ,

1271 710 1285 753 ἓ
1307 709 1359 743 51.
1384 711 1571 744 Praesentes
1596 721 1670 744 vero
1695 717 1820 745 nostras
1845 710 1968 745 litteras
2008 722 2094 744 Λααῑιῐο
2109 723 2166 745 crau·
2202 715 2211 741 ὃ·

1226 764 1264 796 de
1285 763 1504 808 subreptionis
1517 764 1565 798 vel
1589 764 1800 809 obreptionis,
1820 776 1877 799 seu
1896 765 1967 798 nul-
1981 750 2183 803 {giissiiiargiiie'J

1226 816 1322 850 litatis
1336 812 1442 857 'vitio,
1471 817 1719 852 acintentionis
1750 823 1890 860 nostrae,
1918 818 1966 852 vel

1225 871 1378 914 quopiam
1398 871 1461 904 alio
1482 871 1611 905 defectu
1635 872 1753 914 notari,
1776 883 1834 906 seu
1854 872 1963 916 impu-

1225 925 1329 966 gnari,
1354 931 1407 958 aut
1433 925 1511 958 alias
1537 926 1785 969 quomodolibet
1810 925 1963 973 infringi,

1225 979 1271 1011 vel
1294 979 1471 1021 retractari,
1488 990 1544 1013 seu
1564 980 1743 1021 invalidari,
1760 989 1814 1014 aut
1830 981 1870 1014 ad
1883 980 1966 1014 viam

1225 1037 1255 1065 et
1276 1032 1430 1066 terminos
1461 1032 1539 1067 iuris
1570 1033 1693 1074 reduci,
1713 1044 1770 1067 seu
1794 1034 1826 1066 in
1847 1033 1896 1067 ius
1919 1034 1967 1067 vel

1225 1086 1477 1119 controversiam
1499 1087 1606 1120 vocari
1622 1114 1629 1127 ‚
1661 1093 1716 1120 aut
1736 1088 1889 1121 adversus
1914 1097 1967 1121 eas

1225 1139 1456 1183 quodcumque
1481 1140 1559 1174 iuris
1585 1146 1616 1174 et
1640 1141 1714 1174 sacti
1730 1168 1737 1181 ,
1760 1142 1808 1175 vel
1829 1141 1968 1175 iustitiae

1226 1198 1280 1225 aut
1294 1193 1415 1235 gratiae
1433 1194 1611 1227 remedium
1626 1194 1788 1236 intentari,
1803 1194 1967 1239 impetrari

1227 1247 1273 1280 vel
1296 1247 1429 1281 concedi
1457 1248 1641 1282 nullatenus
1668 1259 1825 1293 umquam
1848 1259 1942 1293 posse
1957 1277 1964 1291 ,

1226 1301 1282 1334 sed
1307 1311 1359 1334 eas
1391 1301 1430 1334 ab
1462 1300 1613 1334 omnibus
1645 1307 1675 1334 et
1703 1301 1860 1345 singulis,
1887 1312 1969 1346 quos

1226 1360 1427 1388 concernunt
1452 1360 1482 1388 et
1507 1359 1704 1388 concernent
1723 1355 1970 1399 quomodolibet

1227 1407 1258 1440 in
1283 1408 1440 1449 stitutum,
1468 1407 1697 1441 inviolabiliter
1721 1408 1885 1443 observari
1907 1409 1965 1442 de-

1228 1461 1315 1502 bere,
1339 1461 1449 1506 sicque
1469 1461 1508 1494 ab
1530 1461 1680 1495 omnibus
1701 1467 1731 1495 et
1744 1462 1878 1505 singulis
1895 1473 1970 1496 een-

1226 1515 1299 1557 seri,
1324 1521 1354 1548 et
1375 1515 1417 1549 ita
1438 1526 1495 1559 per
1515 1526 1736 1560 quoscumque
1758 1516 1879 1550 iudices
1906 1522 1968 1550 tam

1227 1569 1409 1603 ordinarios
1429 1581 1525 1613 quam
1548 1570 1711 1613 delegatos
1731 1570 1841 1614 quavis
1861 1575 1970 1604 aucto·
1988 1571 1991 1574 '

1228 1623 1320 1656 ritate
1341 1623 1520 1665 fungentes,
1545 1623 1639 1656 etiam
1666 1633 1836 1657 causarum
1856 1623 1971 1657 Palatii

1227 1677 1327 1710 nostri
1341 1676 1515 1721 Apostolici
1533 1677 1696 1711 auditores
1716 1677 1855 1721 (sublata
1875 1677 1919 1711 eis
1940 1683 1972 1711 et

1227 1742 1341 1764 corum
1361 1730 1492 1764 cuilibet
1513 1731 1623 1774 quavis
1642 1731 1734 1765 aliter
1753 1731 1916 1765 iudicandi
1934 1741 1971 1764 ae

1228 1784 1463 1828 interpretandi
1482 1785 1633 1818 facultate
1649 1790 1680 1818 et
1700 1785 1916 1829 auctoritate),
1929 1784 1972 1818 iu-

1227 1839 1327 1872 dicari
1348 1839 1519 1872 etdesm'rri
1538 1839 1676 1879 debere;
1700 1839 1826 1873 irritum
1839 1849 1970 1883 quoque

1227 1899 1259 1926 et
1275 1893 1370 1927 inane
1384 1894 1603 1935 decernimus,
1618 1894 1644 1928 si
1658 1905 1750 1928 secus
1770 1905 1868 1938 super
1887 1894 1936 1928 his
1953 1903 1971 1928 a

1227 1959 1403 1992 quoquam,
1425 1948 1536 1991 quavis
1553 1948 1756 1989 auctoritate,
1772 1948 1909 1982 scienter
1923 1948 1971 1981 vel

1228 2001 1426 2044 ignoranter,
1450 2001 1624 2043 contigerit
1643 2002 1803 2044 attentari.
2179 2040 2207 2051 ,κ

1272 2058 1288 2097 ξ
1307 2054 1358 2087 52.
1383 2055 1538 2094 Quocirca
1552 2055 1676 2089 dilectis
1691 2055 1766 2089 filiis
1785 2055 1970 2100 praedicto-
1985 2061 2167 2110 dfffffigmmm
2187 2062 2193 2075 ⁷·
2211 2075 2213 2082 ,

1227 2119 1297 2142 rum
1319 2108 1447 2142 Ordinis
1464 2114 1495 2142 et
1515 2109 1779 2152 Congregationis
1791 2109 1968 2154 protectori
2007 2094 2025 2115 Ῥ
2097 2104 2101 2110 ’

1227 2172 1313 2196 nunc
1338 2169 1369 2196 et
1392 2173 1452 2207 pro
1478 2168 1623 2206 tempore
1649 2162 1818 2204 existenti,
1841 2172 1969 2196 necnon

1227 2216 1339 2249 Curiae
1365 2226 1534 2249 causarum
1556 2216 1708 2250 Gamerae
1732 2221 1861 2249 nostrae
1881 2216 1968 2260 Apo-

1227 2269 1359 2303 stolicae
1388 2269 1530 2311 generali
1562 2269 1700 2303 auditori
1733 2280 1820 2303 nunc
1850 2275 1880 2303 ct
1909 2278 1969 2313 pro

1229 2328 1374 2367 tempore
1391 2322 1599 2357 existentibus
1611 2333 1670 2367 per
1689 2327 1873 2367 praesentes
1887 2332 1970 2356 corn-

1228 2376 1385 2410 mittimus
1399 2383 1429 2410 et
1443 2377 1646 2418 mandamus,
1663 2383 1822 2420 quatenus
1835 2376 1905 2420 ipsi,
1920 2375 1968 2409 vel

1228 2430 1303 2472 duo,
1327 2437 1381 2464 aut
1401 2442 1484 2464 unus
1504 2441 1616 2464 eorum
1637 2441 1696 2474 per
1711 2441 1755 2472 se,
1782 2430 1830 2464 vel
1855 2429 1965 2471 aliurn,

1227 2494 1282 2517 seu
1304 2484 1403 2525 alios,
1427 2489 1612 2528 praesentes
1637 2489 1762 2517 nostras
1787 2482 1908 2516 litteras
1933 2492 1969 2516 ac

1227 2537 1258 2570 in
1291 2537 1336 2571 eis
1372 2543 1523 2571 contenta
1564 2546 1789 2580 quaecumque
1809 2563 1816 2576 ‚
1848 2535 1902 2569 ubi
1939 2541 1970 2568 et

1227 2591 1415 2634 quandoae
1443 2590 1534 2624 toties
1555 2589 1681 2634 quoties
1701 2599 1782 2633 opus
1803 2589 1911 2630 suerit,
1932 2599 1968 2621 ac

453 2650 597 2688 tempore
612 2645 822 2686 obtinuerint,
837 2656 873 2679 ac
886 2645 1096 2679 inhabilitatis
1108 2645 1148 2679 ad
1161 2645 1194 2677 il-
1227 2655 1285 2688 pro
1311 2651 1401 2689 parte
1423 2654 1507 2677 nune
1532 2649 1560 2676 et
1582 2654 1641 2687 pro
1668 2648 1812 2686 tempore
1833 2642 1969 2676 existen·
2170 2642 2217 2690 ἐξ·

453 2699 769 2733 lasebtiuenduiueo
784 2700 851 2742 ipse
869 2699 1059 2734 iuvaris—iulet
1081 2701 1193 2743 poenit,
1229 2698 1305 2733 tium
1326 2698 1484 2732 dit-torum
1507 2697 1632 2730 avitinis
1654 2703 1681 2729 et
1705 2695 1968 2738 Congregationis
2168 2695 2216 2748 ,ζ
