2227 3241
267 308 314 346 An.
334 320 361 346 e.
384 321 452 349 1610
498 312 560 345 (348

303 759 360 778 Anno
372 758 448 777 aetatis

266 790 316 804 suae
335 790 388 805 xLiu
412 784 449 804 nb-

266 811 362 830 dormivit
378 812 397 831 iu
408 810 448 831 Do·

266 837 329 858 mino.

296 1766 402 1787 Mimantis
412 1768 452 1788 cta-

270 1794 320 1815 ruit.

298 2298 366 2318 Caeco
384 2300 454 2320 ius-iuti

271 2326 343 2345 ocutos
355 2326 419 2346 dedit.

981 340 988 348 .
1034 320 1215 345 anemurum

465 380 562 410 mum,
576 370 685 411 sagulo
704 374 824 401 tantum
843 369 1012 401 substrato:
1030 373 1199 412 postquam

464 423 546 454 euim
570 423 686 455 lectum
702 432 792 454 suum
812 421 1008 465 pauperibus
1021 421 1201 465 pestilentia

463 475 681 508 laborantibus
706 474 838 516 largitus
862 474 929 514 suit,
953 484 1128 518 numquam
1150 486 1201 507 su-

465 538 520 571 per
541 528 655 560 lectum
679 527 793 560 culcita
811 532 944 560 stratum
966 527 1125 560 dormivit.
1143 528 1201 560 Ac-

464 583 616 616 cedebant
643 583 824 626 frequentes
850 583 994 627 corporis
1015 582 1201 625 flagellatio-

466 647 531 676 nes,
559 637 703 680 aliaeque
728 637 758 670 id
783 647 883 680 genus
908 637 1091 681 complures
1105 647 1200 670 ·mor-

466 691 665 724 titicatioues.

509 746 524 786 ξ
557 743 608 777 30,
641 744 761 783 Quibus
790 745 915 778 tandem
943 745 1095 787 gradibus
1129 755 1200 778 cum

464 798 502 830 ad
525 797 610 830 illam
638 808 801 830 servorum
833 798 945 831 Christi
970 798 1199 842 perfectionem

463 850 668 894 pervenisset,
693 856 726 884 ut
747 861 803 894 per
816 851 950 893 gratiam
966 850 1103 895 Spiritus
1123 851 1199 884 San-

465 902 505 936 cti
526 903 636 936 audire
657 914 674 936 a
690 903 826 936 Domino
845 909 961 947 posset,
978 903 1070 937 Serve
1085 903 1162 936 bone
1175 907 1202 936 el

463 955 580 998 fidelis,
597 966 614 989 a
627 956 737 1000 paucis
754 962 784 990 et
801 956 950 990 humanis
965 956 1070 998 rebus,
1088 956 1119 989 in
1134 956 1203 1000 qui-

465 1007 523 1041 bus
542 1009 645 1041 suerat
666 1008 778 1049 tidelis,
795 1020 892 1052 super
913 1009 1011 1042 multa
1029 1014 1059 1042 et
1073 1014 1203 1042 aeterna

464 1061 548 1095 bona
569 1062 716 1095 constitui
736 1062 863 1102 meruit,
885 1057 914 1095 et
931 1062 1049 1095 intrare
1075 1062 1105 1094 in
1127 1072 1203 1104 gau-

466 1115 554 1148 dium
568 1115 694 1149 Domini
709 1116 767 1149 sui.
790 1116 880 1149 Anno
901 1115 1060 1159 siquidem
1075 1105 1222 1157 ineunte}

466 1169 576 1202 aetatis
600 1180 676 1202 suae
697 1169 945 1213 quadragesimo
961 1169 1109 1213 septimo,
1130 1180 1201 1202 cum
1220 1158 1222 1166 ¹

467 1223 564 1266 prius,
582 1223 671 1267 quasi
688 1223 839 1256 discessui
853 1234 921 1257 sese
935 1232 1135 1266 comparans,
1149 1222 1204 1255 Va-

467 1277 535 1310 ralli
556 1277 673 1310 montis
685 1276 895 1310 Novariensis⁴
912 1276 1065 1310 dioecesis
1080 1275 1204 1318 religio·
1220 1292 1222 1298 v

466 1341 515 1363 sas
539 1330 695 1374 passionis
717 1330 829 1363 Christi
861 1329 1033 1363 memorias
1051 1328 1200 1369 adiisset,

466 1384 585 1428 ibique,
601 1384 765 1418 universos
780 1394 881 1417 annos
894 1393 968 1417 suos
982 1382 1200 1425 recogitando,

467 1438 606 1481 generali
628 1438 827 1471 consessione
853 1438 962 1481 culpas
982 1436 1145 1477 diluisset,
1175 1441 1205 1469 et

468 1503 540 1525 cum
559 1492 774 1525 amaritudine
789 1492 915 1524 animae
929 1501 1005 1525 suae
1019 1490 1202 1534 quindecim

468 1546 535 1579 dies
553 1546 583 1578 in
598 1546 754 1586 oratione,
773 1545 912 1585 ieiuniis,
929 1544 1053 1587 tigillis,
1071 1545 1204 1588 aliisque

468 1599 612 1643 corporis
637 1599 862 1632 atllictiouibus
881 1598 1005 1641 egisset,
1029 1608 1124 1641 aeger
1143 1599 1205 1631 Me-

469 1654 634 1687 diolanum
657 1654 790 1693 delatus,
807 1657 1029 1686 consummato
1044 1662 1139 1685 eursu
1153 1652 1206 1685 ob-

454 1707 618 1742 'dormivit
639 1707 668 1740 in
689 1706 836 1740 Domino.
1119 1710 1124 1715 '

514 1763 529 1803 ξ
551 1761 603 1794 31.
627 1760 700 1793 Eius
714 1760 836 1793 obitum
856 1758 992 1792 universi
1014 1758 1124 1802 populi
1145 1759 1205 1792 Me—

472 1814 667 1848 diolanensis
699 1814 802 1846 luctus
827 1818 1014 1846 consecutus
1039 1818 1105 1853 cst,
1137 1811 1225 1845 aliisr

469 1868 632 1908 Sanctum,
656 1866 725 1900 aliis
746 1876 950 1899 eouununem
969 1866 1092 1898 Patrem
1112 1865 1225 1898 amis-r

469 1931 538 1954 sum
560 1920 816 1965 quaei·entil›us⁹.
835 1919 1045 1953 Excellentern
1067 1929 1142 1952 vero
1163 1919 1208 1952 sa-

471 1974 546 2007 muli
573 1974 620 2007 sui
647 1974 846 2007 sanctitatem
873 1972 1086 2016 comprobare
1111 1973 1205 2006 etiam

471 2028 568 2062 xoluit
580 2027 758 2061 Altissimus
772 2026 953 2060 testimonio
967 2023 1207 2068 miraculorum,

470 2092 607 2125 quorum
630 2081 798 2124 complura
822 2080 879 2113 etsi
900 2080 938 2112 ab
960 2090 998 2112 eo
1019 2079 1140 2112 vivente
1162 2080 1207 2112 sa-

471 2141 519 2168 cta
546 2135 574 2167 in
598 2134 676 2167 actis
703 2139 928 2175 recensentur,
958 2132 1133 2175 insigniora
1162 2138 1207 2166 ta-

473 2199 544 2221 men
566 2193 636 2232 post
653 2187 719 2220 eius
738 2187 861 2220 beatam
878 2185 1102 2220 dormitionem
1125 2185 1208 2219 edita

473 2242 659 2286 probantur.

516 2297 532 2338 g
557 2294 609 2327 3⁶2.
644 2294 722 2327 Nam
755 2293 885 2337 quidam
919 2292 1042 2333 infans,
1070 2292 1208 2336 Philippi

471 2349 574 2382 Navae
604 2354 633 2380 et
664 2346 800 2380 Lucinae
831 2345 1073 2379 Mediolanensis
1099 2345 1205 2387 filius,

471 2413 566 2446 quem
587 2401 655 2434 siue
680 2400 781 2433 oeulis
798 2399 829 2432 in
847 2400 950 2432 lucem
972 2399 1092 2433 editum
1115 2399 1209 2433 fuisse

473 2454 586 2489 medici
602 2465 634 2487 re
649 2459 772 2487 mature
786 2454 942 2497 perpensa
956 2452 1205 2493 affirmaverant,

471 2509 542 2552 piae
563 2507 671 2541 matris
689 2507 728 2540 ad
746 2506 846 2540 Caroli
865 2506 1017 2539 auxilium
1038 2516 1209 2539 conversae
1225 2529 1228 2560 δ

471 2561 619 2604 precibus
647 2560 834 2593 mirabiliter
861 2559 932 2592 illos
952 2570 969 2592 a
989 2559 1125 2592 Domino
1151 2571 1205 2592 ac-

472 2615 572 2657 ·:epit3
596 2615 726 2658 quippe,
743 2623 855 2646 sorore
880 2612 1024 2655 quinque
1047 2622 1206 2645 annorum

508 2688 516 2710 t
543 2684 612 2711 Edit.
631 2684 713 2710 Maia.
731 2684 795 2718 legit
812 2682 998 2710 Nat-ariensis
1013 2682 1108 2717 (u.'r.).

506 2730 522 2756 2
543 2729 585 2756 Vct
606 2729 694 2765 potius
714 2729 772 2765 lege
793 2728 978 2764 querentibus
995 2728 1033 2762 (n.
1046 2727 1093 2761 T.).
1225 2739 1226 2753 i

1241 319 1391 345 nouaauu

1233 368 1379 402 Carolum
1412 367 1524 401 infanti
1553 369 1811 403 benedictionem
1844 370 1969 405 dedisse

1234 426 1264 454 et
1285 421 1373 454 illum
1396 421 1506 461 oculos
1523 421 1686 465 aperuisse
1711 422 1880 464 clamante,
1901 434 1969 456 ma-

1235 481 1291 516 ter,
1309 475 1449 509 elamore
1469 476 1622 510 advocata
1641 477 1778 521 puellae,
1796 477 1906 511 oculos
1923 477 1968 511 in-

1233 528 1350 562 fantem
1372 528 1490 562 habere
1515 529 1737 573 deprehendit.

1235 635 1310 668 ioris
1327 635 1570 669 Mediolanensis
1587 636 1719 669 nomine
1739 636 1838 670 Paula
1854 636 1973 670 Iustina

1218 688 1354 730 ‘Casata,
1378 689 1427 722 eui
1446 689 1594 722 dexterae
1617 689 1716 733 partis
1734 689 1880 733 eorporis
1904 700 1973 722 om-

1235 751 1308 775 nem
1326 752 1454 775 sensum
1476 752 1512 775 ae
1533 748 1654 776 motum
1673 742 1826 787 paralysis
1846 742 1974 776 ademe-

1236 800 1294 835 rat,
1318 805 1389 828 cum
1412 795 1451 828 ad
1471 795 1570 829 saneti
1588 795 1769 829 Sacerdotis
1790 795 1974 839 imaginem,

1237 853 1308 881 voto
1329 849 1417 893 prius
1437 855 1584 893 suscepto
1613 856 1643 883 et
1674 848 1875 894 eleemosyna
1905 859 1975 883 ero-

1236 903 1326 943 gata,
1346 903 1434 934 sacra
1464 901 1693 935 communione
1719 902 1838 935 resecta
1859 911 1975 945 magno

1237 953 1366 997 spiritus
1387 954 1501 988 ardore
1527 961 1557 988 et
1583 955 1700 988 fiducia
1724 960 1841 996 oraret,
1869 955 1974 988 statim

1237 1017 1364 1040 sensum
1387 1013 1417 1041 et
1438 1013 1561 1042 motum
1583 1019 1654 1042 eum
1675 1008 1856 1042 valetudine
1877 1019 1971 1042 reeu-

1236 1061 1381 1104 peravit,
1414 1061 1456 1095 ita
1488 1067 1523 1095 ut
1550 1062 1589 1095 ad
1619 1062 1796 1096 oratorium
1826 1072 1860 1095 se
1890 1071 1970 1095 con-

1238 1114 1319 1147 ferre
1337 1119 1367 1147 et
1385 1113 1502 1157 gratias
1518 1114 1583 1147 Deo
1597 1124 1690 1157 agere
1704 1115 1804 1148 libere
1816 1114 1968 1159 potuerit.

1282 1167 1298 1207 ἓ
1319 1165 1371 1199 at.
1396 1166 1502 1200 Altera
1529 1177 1602 1200 vero
1621 1166 1768 1200 monialis
1789 1160 1826 1200 ex
1849 1166 1971 1211 Capuc-

1237 1281 1355 1305 nomen
1377 1273 1520 1306 Candida
1545 1273 1583 1306 de
1608 1273 1736 1316 Agadis‚
1760 1273 1899 1307 triennio
1919 1273 1974 1306 he-

1238 1325 1316 1358 ctiea
1343 1325 1430 1358 febre
1457 1332 1519 1359 tam
1546 1326 1662 1359 aeriter
1692 1326 1913 1366 laboraverat,
1940 1331 1976 1359 ut

1238 1378 1423 1422 desperatae
1447 1380 1557 1413 salutis
1578 1390 1614 1413 ac
1636 1380 1728 1413 morti
1749 1379 1895 1424 proxima
1913 1380 1976 1413 exi-

1237 1433 1438 1467 stimaretur:
1463 1434 1552 1475 haee,
1580 1440 1653 1468 voto
1672 1434 1820 1467 similiter
1845 1434 1972 1475 emisso,

1238 1494 1268 1521 et
1288 1488 1388 1521 sancti
1409 1488 1571 1522 Pontificis
1589 1488 1707 1522 auxilio
1727 1488 1841 1522 devote
1861 1488 1976 1532 implo-

1239 1548 1318 1583 rato,
1335 1542 1374 1575 ad
1389 1541 1493 1575 Caroli
1509 1542 1600 1575 vestis
1614 1541 1890 1587 superimpositae
1904 1552 1976 1576 eon-

1239 1600 1356 1629 taetum
1378 1595 1483 1629 statim
1505 1596 1675 1629 convaluit.

1284 1651 1299 1691 ξ
1328 1648 1380 1682 35,
1416 1649 1531 1683 Votum
1565 1650 1712 1683 similiter
1737 1660 1808 1683 cum
1842 1649 1976 1684 vovisset

1239 1703 1358 1746 Angeia
1372 1703 1508 1736 Antonia
1526 1703 1684 1746 quaedam
1703 1703 1861 1744 Senensis,
1876 1714 1975 1737 anno-

1241 1768 1310 1790 rum
1338 1757 1401 1789 scre
1425 1757 1646 1800 septuaginta,
1676 1766 1740 1800 quo
1765 1767 1797 1790 se
1822 1756 1976 1790 Dominus

1240 1820 1296 1854 per
1316 1810 1575 1844 intercessionem
1598 1809 1682 1843 beati
1709 1809 1813 1843 Caroli
1836 1820 1853 1842 a
1875 1820 1976 1843 mem-

1240 1863 1373 1896 brorum
1400 1863 1586 1896 infirmitate
1602 1869 1740 1904 sanaret,
1764 1873 1836 1896 cum
1858 1863 1978 1907 absque

1240 1917 1371 1950 alterius
1385 1916 1503 1950 auxilio
1518 1917 1666 1950 incedere
1681 1927 1744 1950 uon
1759 1917 1886 1957 valeret,
1904 1921 1978 1950 ante

1241 1981 1336 2014 quam
1358 1976 1464 2004 votum
1486 1970 1609 2003 solvere
1627 1969 1738 2010 sinivit,
1762 1968 1977 2003 valetudinem

1241 2023 1392 2068 consequi
1420 2023 1547 2056 meruit.

1286 2080 1302 2120 g
1317 2076 1369 2109 36.
1386 2077 1433 2110 Ad
1453 2076 1623 2119 imaginem
1640 2085 1748 2109 rursus
1763 2074 1850 2109 Servi
1864 2074 1977 2109 Christi

1243 2132 1357 2173 magna
1382 2139 1453 2163 cum
1481 2129 1648 2163 devotione
1670 2128 1744 2161 dum
1772 2127 1894 2161 meritis
1911 2127 1978 2161 eius

1243 2182 1408 2216 confidens
1441 2183 1541 2216 Deum
1576 2187 1645 2215 orat
1676 2180 1815 2215 Candida
1846 2180 1977 2214 Francia

1243 2236 1281 2269 de
1306 2236 1408 2269 Fortis
1427 2234 1573 2268 monialis
1595 2234 1779 2268 monasterii
1800 2234 1829 2268 S.
1851 2233 1980 2276 Agnetis

1242 2289 1497 2329 Mediolamnsis,
1520 2294 1554 2322 ut
1580 2299 1596 2321 a
1617 2288 1704 2331 gravi
1730 2288 1844 2321 morbo
1864 2287 1980 2321 libera-

1242 2348 1340 2383 retur,
1362 2352 1425 2387 quo
1444 2341 1536 2375 tertio
1558 2342 1619 2375 iam
1642 2351 1750 2375 mense
1771 2340 1981 2383 affligebatur,

1243 2406 1337 2440 quem
1359 2406 1520 2440 spasmum
1540 2406 1575 2429 ex
1592 2395 1740 2428 catarrho
1765 2394 1880 2428 medici
1905 2404 1980 2427 cen·

1243 2451 1364 2491 sebant,
1388 2450 1527 2493 indeque
1556 2459 1627 2482 crus
1654 2448 1696 2481 illi
1723 2448 1870 2481 dextrum
1897 2457 1976 2481 con-

1244 2509 1377 2537 tractum
1401 2508 1479 2543 erat,
1502 2502 1662 2546 nullisque
1688 2501 1838 2535 remediis
1863 2500 1979 2544 depelli

1243 2557 1395 2597 valuerat,
1419 2556 1508 2590 suavi
1529 2556 1667 2600 quadam
1693 2554 1782 2598 quasi
1805 2556 1881 2587 aura
1906 2564 1978 2587 ner-

1242 2620 1296 2644 vos
1325 2616 1356 2644 et
1381 2620 1453 2643 crus
1479 2609 1642 2643 dexterum
1668 2607 1817 2652 perfundi
1838 2612 1867 2640 et
1895 2607 1979 2640 reso-

1242 2663 1343 2697 cillari
1364 2662 1476 2703 sentit,
1500 2673 1536 2695 ac
1561 2661 1649 2695 finita
1675 2661 1819 2695 oratione
1843 2660 1979 2705 pedibus

1242 2716 1387 2752 consistit
1408 2721 1438 2750 et
1455 2720 1596 2750 sanatur.

1981 323 2028 349 An.
2046 322 2074 349 C.
2095 322 2166 350 1610

2035 544 2168 570 Paratyucao

1985 575 2068 591 sensum
2087 573 2109 591 et
2125 576 2168 592 mo-

1279 583 1295 623 g
1315 581 1367 615 33.
1389 582 1424 615 Et
1437 582 1689 616 sanctimonialis
1706 579 1893 616 monasterii
1906 593 1972 617 ma-
1987 599 2029 618 ium
2044 597 2142 619 restituti.

2025 1178 2134 1200 Baeticam
2152 1180 2174 1199 οι
2210 1183 2211 1187 ’

1237 1218 1316 1251 ciuis
1344 1219 1535 1264 nuncupatis
1551 1247 1558 1260 ,
1585 1219 1726 1254 eiusdem
1754 1219 1898 1261 civitatis,
1921 1205 2173 1254 cui‘iismi'iiii'i'uissbii'ff

1988 1258 2049 1285 pulit.

2035 1656 2175 1678 Membrorum

1989 1683 2101 1705 sanitatem
2116 1683 2176 1704 intir-

1989 1716 2036 1732 mae
2042 1710 2128 1736 largitus
2135 1710 2175 1730 est.

2015 2080 2092 2102 Nervus
2101 2083 2121 2101 et
2129 2085 2176 2101 crus

1993 2107 2087 2129 infirmae
2110 2113 2176 2128 sana·
2200 2106 2204 2114 '
