2227 3241
79 234 133 263 An.
150 234 178 262 C.
200 234 268 262 1609

103 1038 224 1060 Exordium.

116 1356 164 1376 Pius
180 1355 207 1376 tv
222 1355 261 1375 ab·

76 1383 120 1403 bati
135 1383 204 1402 saneti
223 1382 262 1402 ue-

929 233 1048 260 PAtLts
1075 235 1093 257 V
1119 235 1162 258 PP.

590 283 706 317 CXXX.

278 389 436 423 Facultas
461 389 581 422 mmcio
605 387 790 422 Sabaudiac
815 387 1025 431 evanescendi

322 452 544 486 quascumque
560 451 674 474 causas
692 441 726 473 in
740 440 880 473 secunda
899 441 1024 474 instan-

324 495 371 528 tia
381 495 634 528 universitatum
649 494 757 527 sancti
769 494 925 536 ch'qni,
938 494 1025 526 Mon—

324 549 444 589 tanari,
466 548 497 581 F
497 548 581 581 z'letti
601 552 629 581 ct
647 546 867 580 Lombarclont'
887 547 1023 579 iurisdi-

321 601 438 633 ctionis
458 596 658 634 monasterii
669 600 821 633 abbatiae
838 600 1023 643 meneupali

321 655 427 687 sancti
442 654 598 698 Benz'qnt',
623 654 759 688 Ordinis
782 654 888 686 saneti
914 654 1019 686 Bene-

321 707 411 747 dicti,
427 707 555 740 nullius
568 707 728 748 dioecesi&
739 707 927 750 provinciae
943 707 1023 740 Tau-

322 760 463 793 rinensz's
476 759 496 794 ¹.

513 875 626 903 Paulus
649 875 729 910 Papa
753 876 785 907 V,

428 931 464 957 ad
485 930 617 957 futuram
636 930 682 958 rei
702 929 881 957 memoriam.

321 1027 364 1061 Ex
389 1026 562 1061 commissa
586 1027 679 1061 nobis
697 1027 836 1071 desuper
853 1028 1022 1071 pastoralis

277 1080 376 1114 officii
397 1082 474 1114 eura
492 1079 659 1123 invigilare
680 1080 847 1121 debemus,
869 1090 908 1113 ne
923 1080 1022 1113 chris-

276 1132 425 1175 tifideles,
436 1133 627 1177 praesertim
642 1132 845 1177 Apostolieae
858 1132 931 1166 Sedi
948 1133 1022 1166 sub-

276 1186 349 1220 iecti
364 1213 372 1228 ,
393 1186 446 1231 qui
466 1186 498 1220 in
521 1187 655 1220 remotis
673 1187 807 1229 degunt,
827 1192 858 1220 et
884 1197 1022 1230 pauper-

277 1245 341 1273 tate
365 1246 570 1284 premuntur,
595 1240 626 1273 in
652 1239 887 1284 prosequendis
909 1250 1019 1273 eorum

277 1293 397 1334 litibus,
409 1293 556 1337 expensis
569 1299 597 1327 et
611 1293 828 1326 incommodis
838 1299 1021 1335 graventur.

322 1347 383 1390 gl.
400 1347 482 1381 Sane
497 1346 604 1380 dilecti
620 1346 675 1379 filii
691 1346 914 1379 universitates
927 1352 957 1378 et
970 1345 1022 1379 lio-

76 1409 133 1435 nmni
158 1408 265 1438 «νῆφε-*η
280 1401 382 1435 mines
407 1401 508 1434 saneti
535 1400 679 1443 Benigni‚
708 1406 736 1433 et
763 1399 962 1439 lilontanari,
986 1410 1021 1432 ac

76 1439 97 1456 ut
114 1441 190 1456 causas
206 1441 264 1455 inco-

77 1463 143 1482 ¹aruu1
189 1462 263 1482 horum
278 1454 397 1496 Filetti,
418 1464 544 1488 necnon
573 1453 803 1494 Lombardoni,
828 1458 859 1486 et
883 1452 1019 1486 aliorum

77 1488 202 1514 oppidorum
228 1494 263 1508 co-

77 1518 187 1539 guest-eret
200 1515 219 1535 in
230 1521 262 1535 se-

76 1541 145 1562 cunda
153 1541 261 1563 instantia.
293 1560 298 1566 ,

279 1508 423 1541 locorum
451 1506 682 1540 iurisdictionis
709 1506 894 1539 monasterii
917 1506 1017 1539 abba-

279 1566 340 1594 ttae
365 1560 554 1604 nuncupati,
582 1560 655 1593 Sedi
681 1559 883 1604 Apostolicae
910 1560 1020 1592 imme-

277 1614 363 1647 diate
387 1613 544 1654 subiecti,
568 1613 712 1646 eiusdem
738 1613 837 1646 sancti
864 1613 1017 1655 Benigni,

276 1667 403 1702 Ordinis
414 1666 513 1700 sancti
529 1667 703 1708 Benedicti,
721 1666 840 1700 nullius
855 1666 1021 1708 dioecesis,

277 1721 462 1765 provinciae
481 1720 698 1761 Taurinensis,
722 1720 815 1754 nobis
840 1731 945 1764 nuper
970 1729 1020 1754 exz

276 1774 354 1818 poni
376 1775 530 1815 fecerunt,
555 1773 642 1818 quod
661 1773 738 1807 alias
755 1773 855 1807 felicis
875 1774 1022 1807 recorda-

278 1828 375 1862 tionis
392 1827 467 1861 Pius
486 1828 572 1872 Papa
585 1828 633 1869 lv,
650 1827 882 1872 praedecessor
899 1834 1017 1867 noster,

277 1882 370 1916 dietis
396 1882 659 1916 universitatibus
684 1888 714 1916 et
738 1881 941 1923 hominibus,
967 1882 1019 1925 qui

276 1942 410 1980 propter
427 1945 538 1969 eorum
552 1941 788 1980 paupertatem,
805 1946 1021 1980 magnamque

277 1989 439 2023 dictorum
465 1990 612 2023 locorum
627 2000 644 2022 a
658 1989 738 2023 Sede
757 1989 938 2033 Apostolica
960 1989 1021 2022 dis-

279 2043 409 2076 tantiam
427 2071 434 2085 ,
467 2054 580 2077 causas
606 2043 645 2076 ad
679 2043 796 2077 dictam
823 2043 936 2077 Sedent
964 2054 1021 2087 pro

278 2102 424 2141 tempore
445 2097 610 2130 devolutas
635 2097 787 2141 prosequi
822 2097 1020 2141 nequibant,

280 2156 355 2184 tunc
384 2156 415 2184 ct
443 2161 501 2194 pro
537 2156 682 2194 tempore
712 2150 900 2184 existentem
931 2149 1022 2183 Sedis

277 2203 463 2246 praedictae
481 2204 512 2236 in
538 2203 599 2237 illis
624 2204 769 2248 partibus
791 2204 942 2246 legatum,
966 2213 1020 2235 seu

278 2256 445 2298 nuncium,
467 2257 606 2290 iudicem
625 2257 693 2301 (qui
713 2267 934 2301 quascumque
949 2267 1022 2289 cau-

277 2321 327 2344 sas
348 2310 378 2343 in
397 2311 538 2344 secunda
560 2310 709 2344 instantia
727 2321 745 2343 a
763 2311 1021 2354 quibuscumque

277 2363 456 2405 sententiis,
480 2374 640 2397 summam
659 2363 893 2408 quinquaginta
913 2368 1021 2397 scuto-

279 2427 350 2450 rum
376 2417 445 2450 auri
464 2417 495 2450 in
514 2428 593 2450 auro
618 2427 682 2450 non
703 2417 940 2458 excedentibus,
964 2428 1023 2462 per

280 2470 379 2515 ipsius
400 2471 585 2504 monasterii
604 2471 751 2504 abbatem
774 2476 829 2504 aut
852 2470 891 2503 ab
909 2481 947 2504 eo
969 2471 1021 2504 de-

279 2529 406 2568 putatos
431 2534 489 2568 pro
517 2530 661 2568 tempore
687 2523 778 2565 latis,
807 2534 1018 2567 cognoscere,

281 2577 430 2611 decidere
465 2582 496 2610 et
530 2577 594 2611 tine
625 2577 733 2612 debito
762 2578 956 2617 terminare,
985 2589 1021 2612 ae

280 2648 283 2649 ⁷
319 2640 327 2666 1
352 2638 389 2665 Ex
406 2639 513 2673 Regest.
530 2639 556 2666 in
572 2640 672 2667 Secret.
691 2639 768 2666 Brev.

364 2693 444 2721 Bull.
461 2694 544 2722 Rom.
560 2709 594 2715 —
614 2695 672 2722 Vol.
692 2694 741 2722 XI.
960 2693 989 2721 71

1059 281 1186 315 debitae
1213 282 1419 326 exequutioni
1447 281 1643 316 demandare
1669 281 1802 324 valeret)

1057 336 1096 368 ad
1123 335 1222 379 ipsius
1247 335 1505 379 praedecessoris
1530 341 1559 368 et
1586 335 1691 369 dictae
1712 335 1801 369 Sedis

1039 389 1296 432 'beneplacitum
1323 389 1488 423 constituit
1513 396 1544 422 et
1569 389 1754 434 deputavit2

1102 444 1118 484 ξ,
1140 441 1168 474 2.
1199 443 1234 474 Et
1258 442 1407 482 subinde,
1435 453 1495 486 pro
1513 453 1550 476 eo
1571 443 1658 486 quod
1676 441 1801 476 univer-

1057 495 1203 528 sitatibus
1218 500 1247 528 ct
1269 495 1456 529 hominibus
1474 495 1647 540 praedictis
1667 501 1802 540 propter

1057 554 1279 592 paupertatem
1318 554 1346 582 et
1388 548 1574 582 distantiam
1613 549 1800 583 huiusmodi

1057 602 1147 635 valde
1173 602 1303 635 difficile
1329 608 1395 634 erat
1424 612 1482 646 pro
1515 602 1650 645 singulis
1675 602 1801 637 casibus

1057 655 1175 688 dictam
1202 665 1361 688 summam
1381 654 1615 698 quinquaginta
1636 661 1801 689 scutorum

1057 709 1283 742 excedentibus
1308 708 1347 741 ad
1380 708 1493 742 Sedem
1517 709 1664 742 eamdem
1689 719 1801 743 recur-

1056 772 1125 795 sum
1147 761 1286 800 habere,
1320 761 1512 794 recolendae
1538 762 1714 795 memoriae
1735 761 1808 796 Cle-¹

1057 824 1147 848 mens
1171 815 1256 858 Papa
1277 814 1352 854 Vlll,
1382 813 1478 847 etiam
1500 814 1731 858 praedeeessor
1748 825 1802 848 no-

1055 872 1138 908 ster,
1171 867 1355 900 facultatem
1388 867 1604 909 cognoscendi
1630 872 1801 912 quascum-

1055 931 1118 964 que
1139 930 1250 953 causas
1264 919 1296 952 in
1313 920 1455 953 secunda
1474 919 1625 953 instantia
1641 931 1743 964 usque
1760 921 1801 954 ad

1055 983 1215 1006 summam
1236 972 1471 1017 quinquaginta
1485 978 1665 1014 scutorum,
1680 973 1800 1007 nuncio

1056 1026 1233 1070 apostolico
1253 1036 1451 1067 concessam,
1475 1026 1515 1059 ad
1529 1036 1640 1059 omnes
1655 1031 1685 1059 et
1706 1036 1800 1071 quas-

1056 1090 1195 1123 cumque
1219 1089 1330 1112 causas
1356 1079 1388 1112 in
1408 1079 1549 1113 secunda
1574 1078 1736 1121 instantia,
1757 1079 1800 1113 ei-

1056 1131 1132 1165 viles
1158 1138 1187 1165 et
1212 1131 1396 1165 criminales
1424 1142 1460 1165 ac
1484 1132 1618 1172 mixtas,
1642 1137 1673 1165 et
1703 1131 1799 1165 etiam

1056 1184 1263 1219 beneficiales
1288 1190 1319 1218 et
1352 1184 1628 1225 matrimoniales,
1660 1195 1696 1218 ac
1721 1184 1799 1219 alias

1056 1249 1287 1282 quascumque,
1303 1238 1535 1282 cuiuscumque
1549 1237 1712 1281 qualitatis
1726 1238 1800 1271 exis-

1056 1297 1170 1333 tentes,
1191 1298 1222 1325 et
1247 1292 1286 1324 ad
1312 1302 1551 1335 quamcumque
1569 1301 1728 1324 summam
1750 1302 1799 1325 as—

1057 1347 1252 1383 cendentes.
1277 1357 1335 1390 pro
1363 1352 1507 1390 tempore
1533 1346 1730 1386 movendas,
1759 1348 1799 1380 ad

1056 1405 1179 1433 eertum
1203 1406 1278 1433 tunc
1297 1410 1482 1444 expressum
1503 1406 1629 1444 tempus
1647 1400 1800 1441 extendit,

1057 1453 1227 1497 ipsumque
1254 1461 1380 1497 tempus
1404 1454 1536 1498 pluries,
1565 1460 1596 1487 et
1620 1454 1734 1488 ultimo
1760 1455 1798 1487 ad

1056 1507 1314 1551 quinquennium
1341 1507 1538 1551 prorogavit,
1553 1512 1649 1551 prout
1667 1508 1698 1540 in
1718 1508 1800 1541 litte-

1056 1561 1098 1594 ris
1113 1561 1251 1605 desuper
1271 1561 1442 1605 expeditis¹
1465 1561 1591 1606 plenius
1606 1561 1798 1596 continetur.

1101 1617 1116 1657 ξ
1143 1614 1173 1648 3.
1195 1615 1270 1649 Cum
1294 1621 1423 1656 autem,
1452 1616 1533 1649 sieut
1558 1616 1668 1649 eadem
1696 1626 1795 1660 expo-

1055 1668 1127 1702 sitio
1154 1669 1387 1712 subiungebat,
1411 1669 1484 1703 finis
1509 1669 1664 1713 praedicti
1698 1670 1795 1713 quin-

1055 1721 1186 1765 quennii
1206 1722 1310 1763 instet,
1328 1728 1357 1755 et
1371 1722 1594 1756 universitates
1608 1728 1637 1755 et
1651 1722 1798 1756 homines

1055 1775 1211 1819 praedicti
1238 1776 1350 1809 eadem
1379 1782 1569 1820 paupertate
1594 1782 1795 1820 premantur,

1055 1830 1128 1863 ideo
1145 1829 1238 1862 nobis
1259 1829 1426 1863 humiliter
1443 1830 1617 1874 supplicari
1640 1830 1795 1871 fecerunt,

1055 1888 1087 1915 ut
1103 1882 1178 1926 ipsis
1193 1883 1231 1916 de
1244 1882 1391 1916 ulteriori
1410 1883 1640 1926 prorogatione
1660 1884 1690 1916 in
1705 1894 1798 1928 prae-

1057 1935 1159 1969 missis
1181 1941 1364 1980 opportune
1388 1936 1558 1980 providerc
1581 1937 1620 1970 dc
1644 1937 1797 1979 benigni-

1057 1995 1119 2022 tate
1144 1989 1319 2033 apostolica
1346 1990 1564 2032 dignaremus.
1594 1990 1656 2024 Nos
1688 1990 1796 2033 igitur,

1056 2043 1157 2076 dictos
1176 2043 1398 2076 universitates
1419 2049 1449 2076 et
1467 2043 1615 2077 homines
1636 2044 1800 2088 ampliori-

1055 2096 1115 2129 bus
1131 2096 1291 2130 savoribus
1306 2102 1335 2130 et
1353 2097 1463 2140 gratiis
1477 2098 1628 2141 prosequi
1644 2098 1796 2137 volentes,

1056 2156 1087 2183 et
1112 2160 1223 2183 eorum
1250 2150 1385 2193 singulis
1399 2161 1416 2183 a
1430 2150 1594 2194 quibusvis
1616 2161 1799 2184 excommu-

1056 2203 1236 2245 nicationis,
1248 2204 1467 2248 suspensionis
1482 2210 1511 2238 et
1530 2204 1701 2245 interdicti,
1719 2205 1799 2237 aliis-

1056 2267 1117 2301 que
1143 2257 1366 2291 eeelesiasticis
1386 2258 1574 2299 sententiis,
1599 2259 1743 2291 censuris
1769 2264 1799 2291 et

1056 2310 1179 2354 poenis,
1195 2322 1211 2344 a
1226 2310 1295 2344 iure
1317 2311 1362 2344 vel
1389 2312 1428 2344 ab
1451 2311 1592 2352 homine,
1617 2312 1726 2355 quavis
1747 2322 1799 2345 oc-

1057 2363 1184 2397 casione
1215 2365 1261 2397 vel
1288 2367 1382 2398 causa
1408 2365 1490 2405 latis,
1519 2365 1542 2397 si
1569 2365 1686 2408 quibus
1712 2375 1795 2408 quo-

1057 2417 1234 2451 modolibet
1252 2418 1396 2452 innodati
1416 2418 1565 2455 existunt,
1589 2419 1627 2450 ad
1650 2418 1798 2451 ellectum

1057 2472 1274 2514 praesentium
1309 2472 1470 2504 dundaxat
1508 2471 1770 2515 eonsespiendum
1789 2500 1795 2511 ‚

1056 2525 1170 2558 harum
1190 2526 1271 2558 serie
1289 2526 1490 2559 absolventes
1504 2531 1533 2557 et
1549 2526 1712 2558 absolutos
1730 2526 1798 2559 sore

1056 2585 1242 2619 censentes,
1276 2588 1399 2612 necnon
1429 2578 1586 2611 dictarum
1617 2578 1797 2612 litterarum

1095 2641 1101 2666 t
1127 2642 1196 2671 Quas
1217 2649 1269 2669 non
1292 2645 1356 2675 puto
1373 2649 1432 2668 csse
1449 2641 1474 2667 in
1495 2640 1630 2669 Bullario
1645 2641 1741 2675 (anx).

1821 234 1869 262 An.
1886 233 1915 262 C.
1936 234 2004 263 1609

1845 507 1940 528 Clemens
1957 507 2001 528 l'lll

1817 534 1913 554 eamdem
1937 535 2001 554 t'aeul·

1818 563 1880 581 tatem
1892 561 1970 581 nuncio
1981 567 2002 581 a·

1816 588 1919 612 poste-lico
1953 593 2001 607 con-

1816 615 1880 634 cessit
1899 614 1924 634 ad
1941 615 2003 640 quiz.-

1816 646 1938 667 quenntum.

1858 1678 1902 1699 Qui·
1919 1678 1999 1702 elapso.

1820 1703 1898 1723 Paulus
1906 1704 1933 1723 ad
1943 1704 2000 1723 aliud

1822 1731 1989 1755 quinquennium

1822 1758 1877 1777 illam
1888 1759 1994 1782 prorogat.
