2227 3241
36 244 84 274 An.
101 243 128 273 C.
151 242 221 272 1606

72 1068 153 1091 inantia
175 1072 218 1088 oin-

35 1095 167 1118 ninauditori
189 1094 217 1115 in-

37 1123 143 1146 novantur,
153 1122 218 1142 itera-

37 1149 99 1176 toque
143 1154 218 1170 conce-

37 1175 117 1199 duntur.

876 242 997 268 PAULUS
1023 245 1041 268 V
1066 244 1111 268 PP.

232 296 382 333 statuere,
406 291 558 326 ordinare
579 297 610 326 et
630 292 744 337 exequi
764 292 975 337 quomodoli-

230 347 286 380 bet
308 352 487 391 potuerunt
505 357 561 381 seu
579 352 824 388 consueverunt,
848 347 952 381 facere
966 374 974 388 ‚

231 399 351 442 dicere,
379 400 556 442 mandare,
583 406 724 434 statuere
750 407 780 434 et
804 401 973 442 ordinare,

232 454 408 487 decernere
433 459 463 488 et
488 453 603 498 exequi
628 454 730 488 libere
756 460 786 488 et
811 454 897 488 licite
922 465 976 487 va-

232 506 328 541 leas⁴2
352 517 523 552 processus
541 513 571 541 et
587 508 774 549 sententias,
798 518 878 552 quas
890 514 929 548 <tu
947 515 978 542 et

231 562 488 596 locumtenentes
506 572 542 594 ac
560 561 613 594 alii
631 572 648 594 a
670 566 699 594 te
719 562 866 605 deputati
883 573 977 606 prae-

232 614 308 648 dicti
324 625 384 659 pro
409 619 556 658 tempore
577 614 755 648 habueritis
777 621 808 648 et
827 615 972 655 tuleritis,

231 679 269 702 ac
290 667 415 712 reliqua
440 667 548 701 omnia
573 678 656 712 quae
680 668 713 701 in
733 669 919 713 praemissis
945 675 976 703 et

231 721 317 756 circa
342 732 380 756 ea
404 727 459 755 aut
483 721 652 766 quodlibet
676 732 789 756 eorum
816 722 971 764 feceritis,

231 775 387 816 dixeritis,
411 775 650 817 mandaveritis,
674 776 851 810 statueritis
873 782 903 810 et
923 787 975 810 or-

231 829 438 871 dinaveritis,
467 835 537 863 rata
561 841 597 864 ac
629 836 720 873 grata
744 830 910 873 habituri,
938 843 975 865 ac

230 883 345 918 facturi
371 894 408 917 ea
431 883 560 925 omnia,
588 890 722 918 auctore
746 885 883 919 Domino
899 913 906 926 ,
934 886 974 920 ab

232 937 384 972 omnibus
401 948 503 982 usque
524 937 564 972 ad
584 938 834 972 satisfactionem
861 940 973 973 condi-

231 1001 328 1036 gnam
349 991 580 1025 inviolabiliter
596 992 758 1026 observari
772 991 792 1026 ²,

277 1044 358 1089 §25
375 1046 520 1089 Insuper,
534 1045 655 1079 eisdem
669 1046 860 1080 auctoritate
878 1054 907 1081 et
921 1058 974 1092 po-

233 1099 356 1134 testatis
376 1099 589 1144 plenitudine,
615 1106 678 1134 tam
704 1101 826 1135 litteras
846 1102 916 1135 Iulii
934 1103 970 1144 lt,

233 1153 348 1187 Leonis
360 1154 386 1187 X
400 1153 604 1198 aliorumque
617 1155 904 1199 praedecessorum
919 1156 974 1190 bu-

232 1206 404 1248 iusmodi³‚
428 1218 526 1252 quam
548 1207 658 1241 omnia
679 1214 708 1242 et
733 1208 859 1252 singula
875 1210 973 1254 privi-

231 1261 326 1304 legia,
343 1261 478 1302 indulta,
494 1262 672 1301 facultates,
694 1262 931 1297 iurisdictiones
945 1271 973 1298 ct

231 1314 350 1357 gratias
370 1314 476 1348 officio
497 1315 698 1348 auditoratus
719 1322 746 1349 et
774 1316 975 1351 auditoribus

230 1368 403 1412 praedictis
413 1369 659 1412 quomodolibet
668 1380 829 1412 concessa,
840 1382 886 1413 ac,
901 1382 972 1404 cum

231 1422 384 1456 omnibus
408 1428 439 1456 et
463 1422 597 1466 singulis
624 1423 654 1456 in
676 1424 795 1457 eisdem
815 1426 974 1459 contentis

231 1475 393 1517 clausulis,
416 1476 558 1519 singulas
584 1477 723 1521 desuper
742 1478 903 1512 consectas
925 1479 975 1511 lit-

231 1534 326 1570 teras,
343 1539 482 1574 quorum
501 1530 647 1563 omnium
662 1536 693 1564 et
709 1530 922 1573 singulorum,
938 1543 974 1566 ac

230 1582 408 1617 litterarum
423 1584 710 1628 praedecessorum
729 1585 915 1619 huiusmodi
930 1592 974 1620 te-

230 1646 338 1678 nores,
362 1647 399 1671 ac
415 1638 441 1671 si
463 1639 502 1672 de
522 1638 619 1672 verbo
640 1639 680 1672 ad
699 1639 832 1672 verbum
851 1639 973 1673 insere-

230 1696 354 1732 rentur,
375 1691 497 1735 pariter
515 1692 740 1736 praesentibus
758 1693 870 1726 haberi
886 1694 974 1727 rolu-

231 1754 302 1778 mus
316 1755 376 1789 pro
401 1746 569 1789 expressis,
590 1746 780 1780 auctoritate
807 1753 837 1780 et
863 1753 974 1782 tenore

230 1799 403 1844 praedictis
427 1800 657 1844 approbamus,
686 1798 918 1836 confirmamus
944 1808 973 1836 et

230 1851 432 1894 innovamus,
453 1864 489 1886 ac
510 1854 564 1887 illa
583 1860 758 1898 perpetuae
779 1860 807 1888 et
834 1855 974 1889 inviola—

231 1906 305 1940 bilis
326 1906 488 1940 firmitatis
510 1908 610 1941 robur
633 1908 779 1942 obtinere
814 1915 845 1942 et
871 1909 972 1943 invio-

231 1960 372 1994 labiliter
403 1961 567 1995 observari
603 1962 720 1995 debere
747 1963 970 2004 decernimus

231 2024 333 2059 eaque
348 2014 458 2048 omnia
471 2020 502 2049 et
518 2015 643 2058 singula
661 2016 701 2049 ad
722 2016 863 2049 officium
883 2017 973 2050 audi-

231 2073 356 2102 toratus
380 2074 411 2102 et
430 2079 490 2113 pro
512 2075 658 2113 tempore
675 2070 860 2103 existentem
881 2071 972 2103 audi-

231 2126 335 2156 torem
363 2122 550 2156 huiusmodi
577 2123 732 2167 <perinde
758 2133 793 2157 ac
821 2124 846 2157 si
874 2124 907 2157 in
928 2124 973 2158 eis

267 2267 279 2293 1
302 2265 370 2300 Huc,
387 2266 506 2298 tandem,
519 2266 647 2293 desinunt
657 2266 885 2294 omniainfinitiva
898 2275 974 2303 prae-

232 2310 303 2338 dicta
321 2315 348 2338 et
365 2310 417 2338 huc
436 2311 518 2338 etiam
529 2311 646 2338 refertur
661 2315 723 2339 uota
740 2311 895 2346 marginalis
908 2312 970 2339 edit.

232 2355 312 2384 Main.
329 2365 411 2392 supra
424 2356 456 2383 ad
471 2357 484 2392 ἓ
499 2357 533 2384 ⁹24
548 2357 585 2392 (n.
603 2357 653 2391 T.).

267 2400 284 2428 2
304 2401 435 2428 Periodus
454 2401 505 2428 ista
524 2402 643 2428 retertur
662 2401 695 2428 ad
716 2401 730 2437 ἓ
750 2401 765 2427 5
786 2400 831 2428 ubi
855 2401 973 2437 pontifex

233 2445 356 2473 dixerat:
383 2446 438 2474 tibi
464 2447 631 2482 fucultatem
648 2446 832 2474 concedimus
854 2446 895 2481 (ea
915 2454 972 2473 om-

233 2490 279 2517 nia
298 2491 445 2526 peragendi
458 2499 527 2527 quae
539 2495 634 2527 postea
649 2494 808 2518 enumerata
819 2490 972 2523 suerunt)..¹

233 2538 300 2563 rata
318 2538 344 2564 et
359 2538 445 2570 ρναια
468 2536 617 2571 habituri,
642 2538 668 2564 et
690 2535 802 2570 facturi
830 2535 976 2563 observari

234 2589 308 2615 quae
329 2583 359 2608 tu
377 2583 404 2607 et
423 2581 646 2609 locumtenentes
666 2581 719 2614 tui,
736 2584 787 2607 etc.
805 2579 895 2615 (nr).

269 2624 286 2652 3
305 2625 365 2653 Litt.
383 2625 444 2653 Iulii
459 2625 482 2653 ll
499 2629 526 2654 et
539 2626 638 2654 Leonis
649 2625 670 2653 Χ
689 2625 715 2653 in
731 2626 809 2653 Bicll.
826 2633 881 2652 non
897 2627 975 2658 sunt‘,

235 2667 281 2696 sed
297 2668 355 2696 vide
375 2673 467 2698 notam
482 2669 515 2698 ad
531 2673 594 2698 tom.
611 2678 627 2697 v
642 2678 703 2707 pag.
716 2669 763 2698 321
781 2669 819 2704 (n.
836 2669 885 2704 T.).

292 2723 372 2752 Ball.
387 2724 472 2753 nom.
488 2740 517 2744 --
537 2724 599 2752 Vol.
617 2723 668 2752 XI.
834 2722 869 2750 46

1659 233 1719 267 361
1770 243 1818 270 An.
1836 242 1864 270 c.
1889 242 1954 270 1600

1012 292 1196 337 specialiter
1220 298 1251 327 et
1276 302 1425 338 expresse
1450 303 1487 327 ac
1512 291 1701 333 individuo⁴‚
1725 298 1756 327 et

1011 357 1071 390 pro
1092 347 1138 380 eis
1157 357 1213 380 seu
1228 347 1261 380 in
1279 347 1410 380 illorum
1429 347 1571 381 savorem
1586 352 1704 380 statuta
1725 352 1755 380 et

1011 400 1160 433 ordinata
1185 400 1333 443 fuissent)
1358 401 1474 434 harum
1500 401 1584 435 serie
1604 401 1751 435 extendi-

1012 464 1082 486 mus
1103 459 1134 486 et
1153 454 1358 497 ampliamus.

1057 510 1072 549 g
1103 507 1154 540 26.
1188 507 1346 552 Quodque
1376 509 1646 550 constitutiones,
1674 520 1755 553 quae
1793 518 1958 548 nimonesper

1771 546 1824 566 alios
1847 552 1957 572 quoscum-

1012 560 1183 595 odoardus
1197 567 1226 595 et
1240 562 1395 595 Pervenit
1410 563 1597 607 incipiunt‘2,
1615 569 1646 597 et
1662 574 1757 608 quae·
1771 578 1812 602 qne
1832 578 1957 609 concessae.

1010 615 1055 648 vis
1074 615 1284 649 alternativae
1297 627 1354 649 seu
1369 617 1564 650 moratoriae
1579 623 1610 651 et
1630 618 1756 651 dilatio·
1771 600 1958 647 gfpit'atgaffiesrqrg

1010 679 1077 709 nes,
1102 669 1197 702 etiarn
1223 669 1405 711 salinariae‚
1432 681 1492 714 per
1516 681 1753 716 quoscumque,
1771 657 1811 674 Μ
1828 655 1923 679 mosum

1010 722 1107 756 etiam
1130 723 1274 757 eiusdem
1295 724 1460 757 Romanae
1473 725 1634 759 Ecclesiae
1653 725 1757 759 cardi-

1009 777 1109 817 nales,
1130 776 1264 810 clericos
1274 777 1425 811 Gamerae
1438 784 1469 811 et
1485 778 1585 822 ipsius
1604 779 1757 813 Gamerae

1009 830 1224 864 camerarium
1236 841 1294 874 pro
1305 836 1463 875 tempore,
1477 832 1637 875 decretae,
1648 833 1756 876 quoad

1009 884 1178 927 obligatos,
1187 890 1222 917 ut
1237 895 1345 929 supra,
1357 891 1419 918 tam
1433 891 1583 929 respectu
1593 886 1755 919 bonorum

1009 949 1106 983 quam
1132 949 1347 982 personarum
1374 939 1561 973 nullatenus
1586 940 1732 984 prosint,

1053 994 1068 1036 g
1089 993 1140 1026 27.
1165 993 1317 1033 Quinimo
1335 993 1549 1036 obligationes
1570 994 1755 1038 praedictae

1009 1047 1135 1081 debitae
1161 1047 1370 1092 exequutioni
1395 1048 1645 1089 demandentur,
1666 1053 1697 1081 et
1720 1059 1753 1082 e-
1768 1054 1956 1102 eugqffilffiaufflff

1009 1101 1085 1134 tiam
1102 1106 1175 1145 post
1188 1106 1326 1135 mortem
1341 1101 1495 1135 debitoris
1509 1101 1633 1145 quoad3
1653 1101 1748 1139 bona,
1767 1097 1954 1133 besvewiennum

1767 1135 1899 1160 etappettaut
1909 1142 1958 1156 nutu

1009 1156 1103 1189 etiam
1127 1167 1333 1201 quacumque
1351 1156 1581 1200 appeHassone,
1598 1161 1627 1189 et
1640 1167 1753 1200 super·
1768 1167 1808 1181 1¹0⁰
1831 1162 1957 1182 facientium

1768 1188 1897 1209 mentionem
1927 1188 1954 1209 de

1009 1210 1083 1243 inde
1110 1210 1241 1244 obtenta
1254 1210 1485 1243 commissione
1508 1210 1546 1243 de
1567 1209 1753 1243 huiusmodi
1769 1214 1901 1239 tibtiu-*tione
1921 1221 1955 1235 ca-

1769 1242 1845 1262 merati
1861 1248 1956 1268 exequu-

1009 1263 1206 1305 obligatione
1238 1274 1423 1307 expressam
1456 1263 1655 1297 mentionem
1689 1274 1754 1297 non
1770 1269 1849 1316 {gfff
1864 1275 1905 1289 non
1924 1274 1956 1289 re·

1011 1317 1157 1358 faciente,
1175 1323 1227 1350 aut
1249 1317 1447 1351 discussione
1464 1316 1672 1350 haereditatis
1686 1317 1756 1350 ubi·
1848 1312 1852 1315 ’

1009 1371 1087 1404 libet
1114 1372 1276 1415 pendente
1303 1371 1347 1414 (si
1380 1381 1438 1415 per
1473 1371 1650 1404 creditores
1682 1371 1756 1404 data

1009 1424 1104 1458 suerit
1125 1424 1241 1457 idonea
1256 1425 1363 1457 cautio
1385 1424 1417 1456 in
1435 1424 1539 1457 forma
1561 1424 1697 1468 depositi
1718 1425 1756 1458 dc

1008 1478 1207 1511 restituendo
1229 1478 1261 1511 id
1281 1478 1369 1522 quod
1390 1478 1572 1522 receperint
1592 1478 1757 1522 prioribus

1010 1538 1039 1566 et
1052 1532 1234 1576 potioribus
1249 1531 1466 1565 creditoribus
1478 1532 1510 1565 in
1523 1538 1674 1566 eventum
1689 1543 1755 1566 suc-

1009 1586 1227 1629 cumbentiae)
1245 1595 1311 1619 non
1332 1585 1555 1627 obstantibus3

1054 1641 1070 1682 ἓ
1092 1638 1143 1672 Ξὸ.
1174 1640 1218 1672 Ac
1240 1639 1335 1672 etiam
1352 1667 1359 1680 ,
1388 1639 1476 1683 quod
1508 1645 1543 1672 tu
1568 1639 1697 1673 auditor
1721 1640 1754 1673 in

1010 1695 1133 1739 capella
1158 1697 1278 1735 nostra,
1302 1700 1333 1728 et
1358 1694 1428 1728 aliis
1453 1694 1588 1734 actibus,
1612 1700 1677 1728 tam
1695 1706 1754 1739 pu-

1009 1749 1100 1782 blicis
1121 1759 1217 1793 quam
1236 1748 1379 1792 privatis,
1395 1748 1537 1792 primurn
1552 1749 1660 1782 locum
1680 1753 1755 1792 post

1009 1803 1129 1836 dictum
1151 1803 1400 1845 gubernatorem
1420 1807 1450 1835 et
1471 1807 1616 1835 oratores
1635 1802 1753 1846 princi-

1009 1868 1098 1901 pum,
1111 1857 1135 1890 si
1151 1857 1284 1901 praelati
1299 1856 1430 1897 suerint,
1447 1856 1578 1896 habeas,
1596 1857 1753 1898 volumus,

1009 1912 1178 1944 statuimus
1204 1917 1233 1944 et
1258 1910 1459 1951 ordinamus,
1489 1910 1612 1955 tibique
1632 1910 1754 1955 pariter

1010 1966 1225 2007 indulgemus.

1054 2022 1069 2062 g
1092 2020 1143 2053 029.
1172 2020 1216 2053 Ac
1239 2018 1389 2052 similiter
1416 2019 1470 2052 tibi
1497 2018 1752 2053 contradictores

1009 2081 1039 2108 et
1059 2075 1196 2108 rebelles
1215 2074 1340 2117 tibique
1357 2073 1388 2106 in
1407 2073 1593 2117 praemissis
1613 2083 1678 2106 non
1698 2083 1754 2117 pa·
1769 2070 1955 2122 resffssssffiffisfc‘ssg

1009 2134 1115 2161 rentes
1133 2127 1327 2172 opportunis
1344 2127 1423 2160 iuris
1443 2126 1596 2160 remediis
1617 2136 1750 2170 compe·
1769 2125 1862 2144 ⁰⁰⁰‘⁰⁰‘·

1009 2182 1130 2221 scendi,
1152 2182 1234 2216 etad
1252 2181 1295 2221 id,
1320 2181 1345 2215 si
1367 2191 1447 2224 opus
1469 2180 1576 2220 suerit,
1601 2179 1753 2213 auxilium

1009 2235 1134 2269 brachii
1159 2234 1333 2268 saecularis
1355 2234 1537 2273 invocandi,
1562 2238 1754 2276 caeteraque

1010 2290 1040 2323 in
1063 2289 1247 2334 praemissis
1279 2295 1309 2322 et
1335 2288 1420 2322 circa
1449 2298 1486 2322 ca
1506 2286 1755 2332 quomodolibet

1010 2343 1191 2377 necessaria
1216 2348 1247 2376 et
1271 2347 1477 2386 opportuna,
1507 2346 1570 2374 tam
1603 2340 1635 2373 in
1668 2339 1753 2373 dicta

1009 2397 1094 2430 Urbe
1118 2407 1216 2440 quam
1241 2396 1362 2440 ubique
1386 2395 1545 2434 locorum,
1569 2392 1705 2426 faciendi
1724 2398 1755 2425 et

1009 2450 1200 2494 exequendi,
1221 2450 1308 2483 iuxta
1326 2449 1492 2483 facultates
1512 2447 1590 2480 alias
1611 2451 1687 2479 tunc
1708 2446 1755 2478 os-

1802 1696 1956 1716 Praei-edentia

1769 1724 1873 1744 auditoris
1893 1723 1956 1743 incu-

1770 1751 1824 1776 petia
1849 1750 1920 1775 Papae
1936 1751 1956 1769 el

1769 1776 1957 1803 aclibuspnblicis.

1045 2532 1055 2558 i
1079 2530 1224 2558 Videretur
1242 2530 1285 2557 hic
1301 2529 1403 2565 aliquid
1419 2528 1524 2561 deesse,
1543 2535 1585 2554 ex.
1598 2535 1624 2562 g.
1639 2526 1672 2554 de
1686 2525 1754 2561 ipsis

1009 2579 1087 2613 fieret
1103 2577 1210 2604 mentio
1231 2576 1268 2611 (n.
1285 2575 1333 2610 ⁶12).

1045 2621 1062 2648 Ξ
1082 2621 1119 2648 De
1135 2621 1208 2648 hisce
1224 2620 1284 2647 vide
1300 2623 1363 2647 tom.
1386 2625 1419 2645 vu
1436 2626 1496 2654 pag.
1512 2617 1561 2645 133
1578 2618 1613 2652 (u.
1636 2618 1684 2650 T.).

1046 2666 1062 2694 3
1083 2665 1182 2694 Forsan
1199 2664 1349 2701 supplenda
1365 2672 1415 2692 vox
1432 2662 1523 2699 ipsius
1539 2670 1569 2690 ex
1586 2663 1598 2698 5
1613 2661 1648 2690 23
1661 2661 1751 2697 (mn).
