2227 3241
278 349 327 374 An.
349 347 375 374 C.
397 347 463 375 1603
510 338 529 370 ὓ

308 2136 333 2156 Et
342 2136 463 2157 Auditorcm

282 2163 366 2188 insuper
385 2166 464 2183 consti-

354 2194 376 2210 ro
390 2195 464 2215 cogno·

282 2220 330 2235 scen
348 2221 364 2235 is
395 2222 464 2236 causis

282 2242 454 2267 appellationum:

477 394 578 427 ritorii
605 394 772 427 comitatus
796 402 832 424 ac
858 390 1106 429 iurisdictionis,
1132 400 1214 434 quae

479 448 507 479 in
541 445 766 489 temporalibus
799 444 894 477 etiam
927 442 1115 476 fraternitati
1141 449 1214 476 tuae

477 506 507 531 et
536 509 593 542 pro
623 505 765 540 tempore
797 495 943 529 existenti
969 496 1127 528 Ecclesiae
1152 495 1210 529 Ce-

478 551 615 584 netcnsis
639 549 777 593 praesuli
802 549 933 587 subest,
963 558 1021 591 pro
1047 548 1213 591 apostolici

478 603 617 636 muneris
635 612 698 644 quo
716 602 865 635 Ecclesiis
886 601 1037 634 omnibus
1055 600 1215 643 praeside-

477 666 547 687 mus
573 655 695 694 debito,
713 660 893 697 opportune
919 655 1103 692 consulere,
1122 654 1215 686 iustis

476 708 570 740 etiam
600 718 633 739 as·
667 706 908 739 rationabilibus
940 707 1042 739 causis
1071 706 1212 738 suaden-

477 760 583 795 tibus:
604 762 691 792 motu
709 760 852 803 proprio,
872 766 902 792 ct
923 770 958 792 ex
980 766 1066 792 certa
1082 759 1215 792 scientia

476 819 504 844 et
535 814 658 844 matura
690 812 919 845 deliberatione
949 815 1078 849 nostra,
1111 811 1214 856 deque

476 865 666 907 apostolieae
691 866 853 907 potestatis
874 865 1070 908 plenitudine
1085 892 1092 903 ‚
1111 865 1214 898 eidem

477 918 659 950 lratcruitati
686 925 757 950 tuae
784 928 838 960 per
868 924 1049 960 praesentes
1075 917 1215 961 iniungi-

477 980 557 1009 mus,
585 977 618 1003 ut
644 971 675 1002 in
702 976 788 1013 parte
813 970 955 1004 interiori
981 970 1123 1003 eiusdem
1141 971 1216 1005 civi-

477 1023 570 1061 tatis,
598 1023 629 1055 in
662 1023 729 1055 loro
755 1022 793 1055 ab
819 1023 991 1066 episcopali
1018 1023 1135 1066 palatio
1160 1035 1212 1057 se-

476 1081 585 1118 parato
602 1104 609 1115 ‚
647 1087 745 1107 unum
779 1076 931 1108 vicarium
967 1077 1148 1118 generalem
1185 1078 1216 1110 in

477 1128 694 1171 spiritualibus
711 1135 741 1161 et
762 1128 999 1171 temporalibus,
1021 1129 1122 1162 virum
1145 1129 1217 1170 lide,

477 1180 621 1213 doctrina
646 1187 675 1213 et
699 1182 879 1224 integritate
900 1188 1123 1224 praestantem,
1142 1193 1216 1215 cum

477 1235 676 1267 convenienti
695 1234 894 1277 provisione.
915 1235 958 1267 ita
976 1240 1010 1267 ut
1029 1245 1087 1278 pro
1107 1235 1155 1268 sui
1173 1237 1218 1268 of-

477 1287 539 1318 ticii
565 1288 716 1329 qualitate
741 1298 773 1319 se
798 1288 947 1320 decenter
968 1293 1148 1321 sustentare
1165 1299 1217 1322 va-

478 1339 553 1375 leat,
573 1345 603 1371 et
627 1349 664 1372 eo
691 1346 782 1382 pacto
807 1351 825 1372 a
849 1340 997 1373 sordibus
1022 1346 1052 1373 et
1077 1342 1218 1374 muneri-

477 1391 535 1424 lius
560 1393 734 1433 abstineat,
756 1393 885 1437 deputes
904 1401 933 1427 et
952 1395 1144 1435 constituas,
1161 1396 1216 1438 qui

477 1454 586 1477 omnes
612 1452 639 1478 et
667 1447 810 1489 singulas
835 1457 946 1480 causas
972 1448 1091 1487 civiles,
1113 1448 1218 1481 crimi—

476 1497 562 1528 nales
584 1503 613 1529 et
634 1498 757 1539 mixtas,
777 1499 921 1532 omnium
940 1506 967 1531 et
987 1510 1215 1543 quorumcum-

477 1560 540 1592 quc
564 1550 703 1589 civium,
733 1551 934 1592 incolarum,
961 1553 1216 1586 comitativorum

477 1608 508 1634 et
532 1602 771 1642 habitatouiiii,
798 1615 924 1638 necnon
949 1606 1188 1639 communitatis
1206 1634 1214 1647 ,

478 1656 691 1689 universitatis
710 1664 740 1689 et
760 1658 898 1690 cuiusvis
919 1659 1045 1701 collegii
1067 1670 1123 1693 seu
1141 1670 1217 1693 con-

477 1710 673 1751 gregationis
702 1710 802 1743 dietae
835 1711 993 1751 civitatis,
1023 1712 1214 1753 comitatus,

480 1760 635 1808 territorii
650 1767 679 1794 ct
699 1762 930 1795 iurisdictionis
955 1763 1151 1803 cenetensis,
1168 1765 1217 1797 vel

479 1813 555 1845 alias
580 1825 711 1857 quoquo
740 1815 837 1848 modo
867 1817 1025 1850 Ecclesiae
1051 1817 1218 1851 Cenetensi

479 1866 679 1899 subditorum
696 1895 703 1908 ,
724 1874 755 1901 et
771 1868 809 1900 ad
836 1870 938 1902 torum
966 1880 1001 1902 ae
1025 1870 1216 1903 iurisdictio·

479 1929 551 1952 nem
577 1922 780 1963 temporalem
808 1921 1014 1955 Cenete'nsem
1039 1923 1218 1966 quomodo-

480 1971 555 2005 libet
572 1979 748 2014 spectantes
761 1979 790 2006 et
803 1975 1010 2017 pertinentes,
1028 1975 1146 2017 audiat,
1165 1987 1217 2009 co-

479 2032 609 2067 gnoscat
626 2031 656 2059 et
675 2026 738 2059 fine
760 2028 875 2065 debito,
895 2034 991 2072 prout
1011 2029 1088 2062 iuris
1107 2030 1214 2071 tuerit,

480 2079 628 2112 terminet
648 2085 677 2112 et
698 2080 833 2114 decidat.

524 2131 539 2172 ξ
563 2131 593 2163 2.
619 2132 640 2163 A
666 2132 755 2165 euius
787 2134 951 2167 sententiis
983 2135 1008 2167 si
1038 2136 1214 2179 appellari,

479 2182 659 2223 reclamari,
678 2185 716 2217 de
733 2186 878 2219 nullitate
896 2187 970 2228 diei,
990 2198 1046 2221 seu
1066 2189 1217 2221 adversus

479 2236 549 2269 illas
574 2247 748 2276 recursum,
776 2240 822 2272 vel
848 2240 879 2271 in
904 2240 1065 2283 integrum
1090 2242 1217 2274 restitu-

481 2290 610 2329 tionem,
627 2296 721 2333 prout
738 2292 777 2338 de
797 2291 878 2333 iure,
899 2294 962 2336 peti
985 2294 1166 2337 eontigerit,
1185 2294 1216 2327 in

480 2343 515 2374 iis
540 2343 681 2383 casibus,
702 2345 732 2375 in
753 2345 870 2386 quibus
896 2346 935 2380 de
960 2347 1028 2380 iure
1053 2349 1216 2381 communi

481 2396 526 2429 rel
550 2404 585 2427 ex
611 2396 819 2438 dispositione
839 2403 1032 2432 statutorum
1053 2400 1158 2433 dietae
1176 2401 1218 2433 ci-

478 2448 583 2481 vitatis
615 2448 797 2483 Cenctensis
829 2461 893 2483 non
926 2452 987 2484 erit
1018 2452 1217 2495 prohibitum

479 2501 647 2544 appellare,
668 2503 853 2542 reclamare,
875 2504 915 2537 de
931 2505 1077 2538 nullitate
1097 2505 1217 2547 dicere,

480 2564 643 2588 recursum
667 2555 714 2587 vcl
739 2556 975 2590 restitutionem
1001 2558 1033 2590 in
1058 2558 1217 2602 integrum

481 2613 601 2650 petere.
626 2614 659 2641 tu
684 2618 794 2643 causas
819 2610 1092 2653 appellationum,
1118 2611 1218 2644 reela-

483 2660 669 2700 mafionum,
688 2661 880 2703 nullitatum‚
898 2673 1087 2697 recursuum
1105 2665 1153 2698 vel
1170 2674 1219 2697 re-

485 2712 683 2746 stitutionum
708 2714 741 2747 in
766 2714 927 2758 integrum
948 2716 1146 2757 huiusmodi,
1166 2728 1221 2751 au-

1050 343 1146 366 BELLA
1153 342 1228 366 RIUM
1255 342 1405 366 ROMANUM

1999 342 2051 369 An.
2072 341 2101 370 C.
2121 341 2189 370 1603

1248 389 1343 422 ditori
1370 395 1443 430 tuo,
1473 390 1539 423 viro
1563 389 1712 422 similiter
1736 389 1816 429 side,
1844 390 1990 423 doctrina

1248 448 1280 475 et
1304 441 1484 483 integritate
1510 442 1704 488 conspicuo,
1731 452 1826 484 quem
1852 442 1937 486 apud
1960 447 1992 476 te

1249 495 1366 527 hahere
1380 494 1506 531 debeas,
1521 503 1577 537 per
1588 495 1692 538 ipsum
1706 494 1886 528 auditorem
1900 502 1992 529 tuum

1249 547 1280 579 in
1306 547 1446 580 secunda
1470 547 1621 581 instantia
1645 547 1837 589 audiendas,
1865 558 1988 590 cogno-

1248 600 1403 641 scendaS‚
1430 600 1559 644 fineque
1584 600 1693 634 debito
1719 600 1937 634 terminandas
1962 607 1993 633 et
2019 627 2020 630 ,

1249 651 1462 691 decidendas,
1489 663 1546 695 per
1569 653 1830 686 commissionem
1856 652 1988 687 ordina-

1250 705 1331 737 riam
1363 711 1520 749 tuumque
1555 706 1749 749 rescriptum
1786 706 1990 743 committas,

1250 757 1381 801 ipseque
1398 758 1526 791 auditor
1542 759 1575 791 in
1593 760 1698 792 causis
1718 759 1904 793 huiusmodi
1920 769 1992 792 sen-

1250 810 1364 842 tentias
1388 810 1428 843 ab
1452 821 1490 844 eo
1515 811 1658 845 ferendas
1683 812 1873 846 subscribat.

1295 863 1309 905 ἓ
1327 862 1358 894 3.
1387 863 1478 902 Quod
1499 864 1523 896 si
1545 865 1715 907 contigerit
1734 875 1793 908 per
1812 866 1916 909 ipsum
1936 876 1991 899 au-

1250 915 1385 948 ditorem
1406 916 1590 956 sententias,
1610 928 1628 949 a
1644 917 1762 962 vicario
1779 919 1941 961 praedicto
1958 918 1990 952 in

1252 968 1354 1011 prima
1372 969 1521 1001 instantia
1533 969 1622 1009 lataS,
1640 972 1793 1008 revocari,
1811 971 1856 1003 vel
1870 972 1992 1014 primae

1252 1021 1383 1055 minime
1401 1024 1582 1056 conformes
1599 1023 1747 1066 proferri,
1766 1030 1845 1058 tunc
1864 1029 1898 1057 tu
1917 1035 1993 1057 cau·
2035 1068 2037 1070 Ι

1251 1084 1301 1107 sas
1327 1075 1455 1108 easdem
1479 1085 1536 1118 per
1558 1082 1587 1109 te
1607 1076 1726 1119 ipsum,
1747 1082 1810 1109 tam
1831 1079 1887 1110 tua
1905 1077 1994 1110 ordi-

1251 1128 1340 1160 naria
1364 1129 1566 1168 auctoritate,
1586 1139 1683 1172 quam
1707 1129 1804 1162 etiam
1828 1135 1994 1174 tamquam

1252 1186 1359 1213 noster
1376 1186 1406 1214 et
1424 1181 1621 1224 Apostolicae
1635 1181 1725 1215 Sedis
1743 1182 1920 1225 delegatus,
1938 1193 1995 1216 au-

1253 1233 1331 1274 dias,
1353 1243 1527 1276 cognoscas
1543 1240 1574 1267 ct
1592 1234 1655 1268 fine
1672 1235 1781 1268 debito
1798 1246 1854 1279 pro
1871 1235 1994 1268 iustitia

1253 1286 1403 1319 termines
1429 1291 1458 1318 et
1483 1286 1623 1319 decidas.

1297 1340 1313 1380 g
1330 1338 1362 1371 4.
1381 1339 1445 1372 Nos
1470 1339 1555 1372 enim
1580 1340 1613 1371 in
1638 1341 1787 1373 omnibus
1808 1346 1838 1373 et
1859 1341 1994 1384 singulis
2034 1349 2086 1396 Mna
2100 1351 2124 1370 ut
2137 1348 2193 1396 01:530

1253 1393 1356 1425 causis
1388 1392 1579 1435 supradictis
1611 1394 1650 1426 ad
1681 1393 1938 1427 iurisdictionem
1963 1400 1994 1428 et
2008 1381 2193 1440 2?2„?¹ss?.?iuait

1252 1450 1443 1487 potestatem
1467 1444 1656 1478 Cenetenses
1680 1446 1713 1478 in
1738 1446 1967 1489 temporalibus
1983 1474 1990 1487 ,
2009 1431 2092 1453 ‘³²³⁰’

1252 1503 1287 1530 ut
1312 1507 1426 1541 supra,
1453 1498 1566 1541 (proris
1594 1498 1690 1531 modo
1718 1499 1936 1541 spectantibus
1962 1506 1994 1533 et

1252 1551 1496 1593 pertinentibus,
1511 1550 1590 1584 duas
1607 1551 1787 1584 conformes
1807 1552 1910 1585 tacere
1927 1562 1993 1585 rem

1251 1604 1442 1645 iudicatam,
1463 1611 1493 1637 et
1517 1605 1587 1637 illas
1611 1606 1676 1637 sore
1702 1610 1733 1637 et
1756 1615 1824 1638 esse
1849 1615 1992 1648 exequu-
2008 1642 2015 1659 ι
2032 1612 2192 1659 3²522202¹¹3¹¹1

1253 1657 1329 1690 tioni
1356 1668 1411 1700 per
1435 1657 1573 1690 iudicem
1594 1658 1740 1691 ultimam
1762 1660 1992 1701 proferentem,
2008 1645 2090 1692 ptissari-
2168 1643 2182 1664 Ρ

1252 1712 1340 1744 omni
1361 1718 1391 1745 et
1408 1722 1613 1755 quacumque
1633 1712 1846 1755 appellatione
1862 1718 1994 1756 postpo-

1252 1763 1323 1803 sita,
1342 1765 1594 1804 demandandas,
1610 1764 1655 1797 ita
1673 1764 1758 1808 quod
1775 1765 1905 1808 utrique
1922 1775 1995 1808 par-

1251 1817 1332 1849 tium
1357 1817 1454 1849 semel
1473 1822 1595 1850 tantum
1615 1823 1646 1850 et
1662 1827 1728 1850 non
1748 1817 1881 1850 ulterius
1902 1817 1995 1852 liceat

1252 1870 1410 1913 appellare
1423 1897 1431 1909 ,
1452 1869 1538 1902 iuxta
1557 1871 1712 1911 sormam,
1733 1875 1877 1904 tenorem
1889 1898 1896 1911 ‚
1917 1880 1994 1903 eon-

1252 1923 1420 1956 tinentiam
1445 1929 1475 1956 et
1500 1923 1745 1966 dispositionem
1775 1929 1968 1957 statutorum
1983 1951 1991 1964 ,

1252 1975 1355 2009 dictae
1381 1976 1514 2009 civitatis
1539 1976 1756 2010 decernimus.

1296 2028 1315 2061 9
1333 2028 1362 2061 5.
1387 2029 1540 2062 Volumus
1566 2035 1688 2069 tamen,
1706 2040 1743 2062 ac
1768 2030 1825 2062 tibi
1850 2029 1992 2072 iniungi·
2008 2033 2193 2087 qufflfflssuiii‘gii:

1253 2092 1334 2121 mus,
1350 2087 1384 2115 ut
1396 2082 1551 2116 vicarium
1565 2089 1597 2116 et
1611 2082 1790 2116 auditorem
1805 2083 1992 2116 huiusmodi
2007 2085 2194 2134 gffflgngigffi

1250 2146 1315 2169 non
1341 2137 1443 2169 solum
1468 2136 1518 2176 iis,
1540 2146 1619 2179 quas
1644 2137 1794 2176 diximus,
1822 2136 2081 2170 virtutibussisuat·

1252 2195 1394 2229 ornatos,
1414 2189 1468 2222 sed
1487 2189 1584 2222 etiam
1600 2188 1807 2232 alienigenas,
1825 2194 1866 2229 et,
1881 2189 1905 2223 si
1925 2189 1993 2223 fieri

1252 2243 1382 2286 poterit,
1399 2253 1436 2276 ex
1453 2243 1651 2286 Apostolicae
1671 2243 1761 2276 Sedis
1781 2242 1930 2282 subditis,
1949 2242 1994 2275 ita

1253 2303 1286 2330 ut
1306 2306 1364 2329 nos
1384 2297 1418 2329 in
1437 2307 1503 2335 eos,
1523 2304 1694 2340 quatenus,
1717 2296 1803 2340 quod
1824 2295 1917 2336 absit,
1937 2296 1995 2328 ali-

1252 2348 1381 2390 quando
1401 2348 1434 2380 in
1454 2347 1561 2380 officio
1579 2347 1785 2390 deliquerint,
1804 2346 1910 2379 debita
1927 2346 1995 2383 ani-

1252 2399 1471 2433 madversione
1495 2399 1670 2443 procedere
1695 2400 1858 2432 valeamus
1875 2426 1882 2440 ,
1910 2399 1994 2432 deli—

1251 2464 1327 2496 gere
1352 2463 1515 2497 procures.

1298 2508 1314 2548 ξ
1339 2506 1371 2539 6.
1399 2506 1562 2540 Caeterum
1595 2506 1654 2539 tihi
1689 2506 1864 2549 praemissa
1887 2506 1996 2539 omnia

1252 2565 1283 2593 et
1306 2559 1432 2602 singula
1451 2559 1600 2599 faciendi,
1618 2558 1760 2602 ipsisque
1784 2557 1839 2591 abs
1863 2564 1895 2591 te
1918 2568 1995 2591 con-

1253 2611 1421 2646 stituendis
1446 2613 1563 2646 vicario
1587 2617 1619 2646 et
1642 2611 1784 2646 auditori
1809 2611 1995 2645 huiusmodi

1254 2675 1366 2699 causas
1381 2665 1571 2709 praedictas,
1585 2671 1621 2699 ut
1637 2666 1847 2709 praemissum
1865 2670 1924 2704 est,
1939 2674 1994 2696 au-

1255 2718 1377 2759 diendi,
1396 2717 1622 2762 cognoscendi,
1644 2718 1772 2762 sineque
1797 2717 1906 2752 debito
1930 2722 1993 2750 ter-

2007 875 2192 931 confligtuquglffi

2005 933 2077 979 &fanti
2095 932 2140 954 ipse
2155 926 2191 948 do·
