2227 3241
32 281 83 310 An.
104 282 133 311 C.
151 281 220 312 1603

101 1675 157 1705 nero
161 1675 217 1701 gatto

34 1704 196 1724 contrariorum.

842 278 988 303 enarrans
1013 278 1070 301 vin
1096 278 1142 301 rr.

232 341 344 366 eorum
361 340 536 374 regnorum
554 334 585 363 et
600 328 818 362 dominiorum
836 319 978 369 tuorum,
993 326 996 377 Ι

230 384 286 429 qui
312 395 370 428 pro
401 394 513 418 eorum
541 382 702 417 senatorio
727 391 859 415 munere
879 380 911 413 in
929 390 978 414 se-

230 443 320 478 natu,
339 437 491 479 comitiis,
512 436 654 471 consiliis
668 434 839 470 etiudiciis
850 443 977 468 eorum-

231 490 303 524 dem
336 501 510 534 regnorum
538 490 693 524 interesse
721 494 751 522 et
785 487 975 521 sententiam

230 543 336 578 dicere
346 545 450 578 solent
464 555 499 578 ac
514 543 644 585 debent,
660 548 842 587 opportune
861 550 975 574 consu-

231 597 295 631 lere
319 598 494 642 cupientes,
516 596 690 631 maiestatis
712 601 784 629 tuae
809 594 972 638 supplica-

231 650 374 684 tionibus
387 651 421 684 in
434 651 493 684 bac
505 656 595 694 parte
607 650 699 683 nobis
717 648 886 682 humiliter
902 657 975 692 por-

231 705 324 738 rectis
348 704 510 745 inclinati,
541 702 691 738 omnibus
714 708 745 736 et
774 701 907 746 singulis
925 711 974 734 ar-

231 757 462 803 chiepiscopis,
491 757 648 802 episcopis
673 763 705 790 et
731 756 801 790 aliis
825 755 975 801 praelatis

230 812 415 857 praedictis,
436 817 472 846 ut
489 812 522 845 in
543 811 664 846 eisdem
682 816 804 851 senatu,
823 809 972 849 comitiiS,

231 866 374 901 consiliis
389 872 420 900 et
432 866 571 908 iudiciis,
587 866 859 911 quandocumque
874 865 913 898 de
927 874 975 898 re-

231 919 290 954 bus
318 926 349 955 et
376 921 517 965 negotiis·
540 920 662 954 bellicis
687 925 719 953 et
742 919 907 954 sententiis
938 930 974 953 ac

232 975 335 1009 causis
366 973 587 1009 criminalibus
619 975 826 1015 tractabitur,
862 984 974 1008 eorum

231 1029 421 1064 sententiam
438 1029 544 1063 dicere
559 1029 660 1063 libere
673 1034 704 1063 et
717 1028 812 1070 licite,
829 1028 898 1062 sine
918 1028 975 1062 ali-

233 1091 297 1125 quo
321 1082 538 1117 conscientiae
564 1082 727 1127 scrupulo,
748 1087 803 1115 aut
824 1092 975 1115 censura-

232 1147 305 1170 rum
325 1136 614 1171 ecclesiasticarum
628 1143 657 1170 et
671 1135 916 1179 irregularitatis
929 1136 976 1169 in·

233 1201 342 1231 cursu,
361 1190 484 1224 etiamsi
508 1190 582 1224 inde
606 1189 787 1233 aliquorum
804 1199 902 1231 mors,
922 1196 976 1224 aut

234 1245 454 1278 membrorum
468 1244 626 1278 mutilatio
644 1245 870 1289 subsequatur,
883 1245 976 1280 dum-

234 1298 330 1331 modo
358 1297 483 1342 ipsimet
510 1297 677 1342 sanguinis
701 1299 890 1333 sententiam
911 1310 976 1333 non

233 1351 332 1384 serant
346 1357 377 1385 et
394 1363 411 1384 a
427 1351 661 1395 subscriptione
675 1352 905 1386 sententiarum
922 1352 977 1386 abu

232 1404 378 1445 stineant,
400 1405 461 1438 nisi
482 1405 589 1438 forsan
606 1416 641 1438 ex
663 1405 769 1439 officio
790 1406 975 1439 huiusmodi

231 1456 326 1489 etiarn
358 1457 531 1499 sententias
558 1457 761 1492 subscribere
794 1463 973 1498 teneantur,

231 1521 295 1554 quo
308 1517 438 1552 casu‚ut
447 1511 516 1545 illas
524 1511 620 1545 etiam
629 1511 830 1546 subscribere
838 1514 972 1557 possint,

231 1563 422 1597 auctoritate
431 1563 612 1607 Apostolica
630 1568 742 1598 tenore
758 1564 974 1608 praesentium

232 1615 369 1657 gratiose
394 1614 601 1649 concedimus
624 1621 655 1649 et
683 1615 898 1661 indulgemus.

277 1666 294 1707 S
321 1665 351 1698 2.
376 1666 447 1700 Non
471 1666 670 1701 obstantibus
694 1666 976 1701 constitutionibus

234 1724 265 1752 et
280 1719 537 1754 ordinationibus
557 1721 758 1764 apostolicis,
779 1721 975 1765 caeterisque

234 1773 402 1807 contrariis
420 1774 688 1818 quibuscumque.

276 1826 392 1860 Datum
413 1827 533 1861 Romae
553 1829 637 1872 apud
663 1833 810 1862 sanctum
835 1829 974 1863 Marcum

231 1879 291 1913 sub
301 1879 419 1914 annulo
432 1880 602 1915 Piscatoris
615 1881 666 1915 die
681 1892 712 1915 tx
721 1882 846 1926 augusti
861 1891 974 1923 MDOEII,

231 1933 437 1977 pontificatus
456 1935 558 1969 nostri
578 1947 661 1970 anno
678 1947 734 1970 ΧΠ.

268 1996 328 2025 Dat.
343 1997 387 2026 die
401 1997 418 2025 9
433 1999 540 2035 augusti
557 1999 634 2035 1603,
646 2000 744 2036 pontis.
757 2008 800 2029 an.
814 2007 860 2028 ιιι.

517 2151 693 2186 CCCXXIV.

236 2231 426 2266 commissio
440 2232 560 2265 nuncio
577 2232 750 2276 apostolico
768 2233 857 2277 apud
874 2234 976 2277 Siflis-

278 2284 440 2318 mundum
458 2285 616 2319 Polom'ae
629 2296 735 2329 reyem
748 2288 972 2327 commoranti,

280 2342 315 2371 ut
334 2340 500 2381 unionem,
516 2340 692 2383 apostolica
712 2341 905 2373 auctoritate
928 2341 977 2383 fa-

280 2396 380 2432 ctam,
403 2392 553 2426 ecclesiae
577 2393 845 2437 metropolitanae
875 2394 972 2428 Chio-

280 2446 384 2479 viensi
415 2446 452 2479 (le
480 2447 729 2480 crrcln'mandrin
755 2457 809 2480 seu
842 2447 975 2481 abbatia

281 2499 485 2533 Pieczarensc'
504 2500 659 2534 dissolvat
677 2500 695 2534 ¹.

236 2581 404 2609 Venerabili
425 2581 513 2610 fratri
530 2582 651 2610 claudio
676 2582 816 2617 episcopo
838 2582 977 2617 Regiensi

273 2626 350 2659 apud
376 2626 587 2655 charissImum
610 2627 640 2655 in
665 2627 784 2655 christo
809 2627 903 2655 fllium
928 2635 977 2655 no-

275 2700 285 2724 1
310 2697 346 2725 Ex
366 2698 472 2734 Regest.
492 2699 517 2726 in
533 2699 766 2728 SecreLBreviuru

1679 264 1721 299 27
1766 274 1817 302 An.
1837 274 1867 302 C.
1886 273 1954 303 1603

1047 329 1143 353 strum
1163 325 1382 359 sigismundum
1406 323 1548 352 Poloniae
1577 326 1609 351 et
1636 323 1754 352 Svetiae

1045 377 1146 404 regem
1164 370 1315 398 illustrem
1330 373 1432 398 nostro
1448 372 1478 397 et
1495 369 1685 404 Apostolicae
1701 369 1754 397 Se-

1047 414 1093 442 dis
1112 415 1233 448 nuncio,

1190 499 1345 530 Clemens
1366 500 1460 541 Papa
1480 499 1572 530 VIII.

1027 586 1214 614 Venerabilis
1230 587 1333 620 frater,
1351 589 1481 616 salutem
1497 592 1527 617 et
1543 588 1740 624 apostolicam

1257 633 1507 661 benedictionem.

1054 705 1070 746 g
1092 704 1123 737 Ἰ.
1145 704 1342 747 Significavit
1366 704 1457 738 nobis
1477 715 1581 750 nuper
1606 705 1755 739 charissi-
1796 713 1956 734 AbbatiaPiec·

1768 741 1862 761 zat-ensis
1894 742 1954 761 uuita

1010 769 1081 792 mus
1098 758 1129 792 in
1148 759 1272 793 Christo
1293 758 1379 792 filius
1403 765 1511 792 noster
1528 759 1754 803 sigismundus
1769 768 1954 815 ffiffiv‘tenffieum

1008 811 1158 845 Poloniae
1178 818 1208 846 et
1224 812 1347 846 Svetiae
1364 823 1418 846 rex
1435 812 1578 854 illustris,
1601 814 1633 846 in
1650 813 1753 857 proxi-
1894 810 1900 816 ’

1009 865 1069 899 mis
1094 865 1183 909 regni
1205 866 1253 899 sui
1271 865 1411 899 comitiis
1428 866 1592 899 Ruthenos
1617 866 1754 900 nuncios

1009 922 1135 953 summa
1156 920 1363 954 contentione
1383 920 1560 963 flagitasse,
1590 928 1624 954 ut
1651 922 1754 955 archi-

1009 972 1187 1014 mandriae‚
1199 983 1255 1008 seu
1270 973 1415 1007 abbatiae
1432 973 1646 1007 Pieczarensis
1663 975 1751 1014 unio,

1009 1038 1091 1071 quae
1116 1027 1192 1061 alias
1214 1028 1389 1072 apostolica
1417 1033 1526 1061 nostra
1551 1029 1751 1069 auctoritate,

1009 1082 1078 1125 ipso
1088 1081 1296 1125 Sigismundo
1310 1093 1384 1125 rege
1405 1087 1544 1125 petente,
1563 1092 1691 1116 mensae
1705 1093 1754 1115 ar-

1010 1135 1237 1180 chiepiscopali
1260 1135 1439 1169 Chioviensi
1457 1135 1539 1169 sacta
1556 1136 1625 1177 suit,
1643 1135 1754 1169 dissol-

1010 1196 1154 1231 veretur;
1180 1201 1215 1223 ac
1241 1190 1323 1224 veris
1348 1190 1490 1234 patronis
1514 1190 1564 1223 ius
1595 1200 1689 1223 suum
1714 1190 1752 1222 ad

1009 1243 1154 1277 eamdem
1165 1243 1436 1277 archimandriam
1453 1254 1509 1276 seu
1525 1243 1684 1276 abbatiam
1706 1254 1752 1277 re-

1010 1297 1213 1337 stitueretur;
1234 1297 1272 1329 ah
1293 1296 1435 1340 ipsisque
1455 1296 1611 1330 Ruthenis
1628 1296 1754 1329 nunciis

1010 1351 1264 1384 demonstratum
1287 1350 1382 1384 fuisse
1400 1351 1448 1384 ius
1465 1357 1653 1395 patronatus
1670 1351 1753 1384 eius-

1010 1405 1084 1438 dem
1113 1404 1369 1439 archimandriae
1390 1415 1447 1437 seu
1467 1404 1613 1437 abbatiae
1628 1414 1693 1437 non
1713 1404 1753 1437 ad

1008 1457 1115 1501 ipsum
1139 1457 1382 1500 Sigismundum
1406 1468 1527 1501 regem,
1556 1457 1608 1490 sed
1630 1457 1669 1490 ad
1687 1467 1755 1490 cer-

1010 1514 1056 1543 tas
1073 1510 1157 1543 illius
1173 1510 1253 1543 ritus
1273 1511 1409 1544 familias
1429 1510 1561 1544 omnino
1582 1510 1752 1554 pertinere3

1010 1569 1041 1598 et
1066 1563 1141 1597 ideo
1165 1563 1273 1607 ipsum
1299 1563 1541 1607 Sigismundum
1567 1574 1675 1607 regem
1696 1573 1756 1607 pro

1010 1617 1058 1651 sui
1072 1618 1162 1661 regui
1175 1617 1407 1661 tranquillitate
1424 1617 1560 1651 maxime
1575 1627 1704 1661 cupere,
1720 1622 1757 1650 ut

1009 1672 1087 1705 unio
1104 1671 1246 1715 praefata
1267 1671 1399 1705 omnino
1417 1671 1618 1706 dissolvatur.

1055 1727 1071 1767 ἓ
1097 1724 1127 1758 2.
1155 1725 1220 1758 Nos
1251 1725 1352 1768 igitur
1382 1725 1525 1758 eiusdem
1555 1725 1754 1769 Sigismundi
1771 1727 1956 1782 qufiffffssggffiff

1010 1778 1094 1821 regis
1118 1778 1331 1822 petitionibus
1356 1778 1389 1811 in
1414 1778 1598 1822 praemissis
1614 1789 1757 1813 annuere

1009 1833 1170 1874 volentes,
1201 1844 1238 1866 ac
1258 1833 1436 1866 litterarum
1460 1838 1642 1866 nostrarum
1660 1844 1757 1877 super

1011 1886 1096 1919 dicta
1109 1887 1229 1920 unione
1248 1886 1467 1930 expeditarum
1485 1886 1686 1930 aliarumque
1703 1887 1758 1920 de-

1010 1951 1107 1985 super
1132 1942 1348 1974 consectarum
1370 1940 1607 1985 scripturarum
1629 1946 1757 1974 tenores

1010 1995 1234 2039 praesentibus
1248 2005 1307 2039 pro
1324 1994 1479 2038 expressis
1499 1994 1662 2035 habentes,
1682 2005 1758 2038 sup-

1011 2048 1239 2092 plicationibus
1271 2048 1416 2082 eiusdem
1450 2048 1648 2092 Sigismundi
1674 2048 1757 2092 regis

1010 2113 1107 2146 super
1123 2104 1184 2136 hoc
1201 2102 1293 2135 nobis
1311 2102 1475 2135 humiliter
1492 2103 1648 2145 porrectis
1667 2102 1757 2136 incli-

1009 2156 1088 2197 nati,
1109 2156 1297 2190 fraternitati
1318 2161 1391 2189 tuae
1407 2166 1464 2199 per
1477 2162 1659 2200 praesentes
1670 2166 1758 2189 com-

1011 2210 1168 2243 mittimus
1178 2208 1419 2251 etmandamus,
1440 2215 1474 2242 ut
1487 2209 1639 2242 unionem
1654 2209 1756 2243 dictae

1011 2263 1266 2297 archimandriae
1287 2273 1343 2296 seu
1371 2263 1516 2297 abbatiae
1544 2263 1756 2296 Pieczarensis

1010 2318 1193 2361 praedictae
1219 2327 1348 2351 mensae
1373 2316 1637 2361 archiepiscopali
1662 2316 1754 2350 Chio-

1011 2372 1107 2405 viensi
1125 2381 1180 2405 seu
1206 2372 1359 2405 ecclesiae
1377 2371 1644 2414 metropolitanae
1664 2369 1755 2403 Chio-

1010 2424 1109 2458 viensi
1132 2424 1322 2458 auctoritate
1344 2424 1518 2468 apostolica
1537 2423 1650 2455 factam
1666 2422 1753 2460 (data

1010 2483 1118 2511 tamen
1136 2478 1238 2511 eidem
1266 2488 1394 2511 mensae
1414 2489 1471 2510 seu
1487 2476 1643 2511 ecclesiae
1663 2475 1754 2509 Chio-

1010 2532 1108 2565 viensi
1128 2531 1235 2575 aliqua
1260 2533 1402 2575 congrua
1419 2530 1690 2573 compensatione,
1705 2540 1753 2562 ar·

1011 2584 1105 2618 bitrio
1131 2590 1204 2626 tuo,
1235 2586 1275 2618 ab
1304 2584 1416 2618 eodeni
1448 2582 1654 2626 Sigismundo
1680 2593 1755 2626 rege

1011 2638 1217 2681 assignanda)
1239 2639 1349 2671 eadem
1371 2637 1559 2670 auctoritate
1580 2636 1755 2679 apostolica

1011 2692 1173 2732 dissolvas,
1196 2702 1229 2725 ac
1249 2691 1355 2725 onmia
1374 2691 1405 2725 in
1424 2690 1593 2735 pristinum
1615 2696 1644 2724 et
1665 2700 1750 2733 eum,
