2227 3241
19 294 66 323 An.
82 292 110 321 C.
133 292 201 321 1605

19 356 72 377 darii
99 355 200 380 deputau-
217 340 338 374 titionis
363 340 559 381 instantiam,
580 341 635 374 sed
664 341 703 374 de
728 340 845 373 nostris
871 343 957 373 mera

18 383 201 439 {llssnsslopssilssffl
216 393 409 428 liberalitate
431 397 583 438 certaque
600 394 744 435 scientia,
768 404 805 426 ac
825 394 864 427 de
882 403 958 437 apo-

19 434 202 492 ltlsslffsssssffi‘sssst
216 447 348 482 stolicae
361 449 527 492 potestatis
542 448 752 492 plenitudine,
765 448 894 481 eosdem
907 447 960 480 ab·

18 488 156 537 ffliitiflmn
170 493 201 508 ω’
217 501 412 536 breviatores
423 502 610 546 (modernos
620 501 767 534 videlicet
781 512 816 534 ex
831 512 916 534 nunc
933 501 957 533 si

217 554 363 588 nondum
378 555 452 595 sint⁷
472 555 597 588 futuros
617 564 692 587 vero
713 554 737 587 si
759 560 831 587 ante
846 564 957 587 eorum

217 607 258 641 ad
271 607 414 641 officium
426 607 683 641 abbreviatoriae
701 607 880 640 litterarum
900 607 959 639 hu-

218 661 357 695 iusmodi
376 661 593 705 receptionem
608 666 640 694 et
651 660 879 694 admissionem
895 670 958 694 non

218 721 312 748 erunt
332 715 364 748 in
384 717 495 748 nostra
512 721 542 748 et
554 724 614 758 pro
634 720 779 758 tempore
797 713 960 747 existentis

216 768 352 802 Romani
378 768 542 802 Pontificis
566 770 703 812 utraque
723 768 888 811 signatura
909 778 958 800 re-

217 821 405 865 ferendarii)
425 832 461 856 ex
486 832 583 863 nunc,
607 827 704 866 prout
725 833 761 855 ex
782 827 868 863 tunc,
893 827 922 854 et
944 833 960 854 e

217 881 340 917 contra,
364 886 438 909 cum
452 876 601 920 primum
622 876 661 910 ad
680 875 823 909 officium
843 876 958 909 abbre-

215 928 370 963 viatoriae
385 928 571 963 huiusmodi
582 929 704 973 recepti
718 935 814 973 atque
828 929 959 962 admissi

216 982 344 1024 fuerint,
374 989 404 1016 et
432 994 496 1027 quo
522 983 560 1016 acl
590 983 787 1026 signaturam
822 983 960 1016 iustitiae

217 1036 347 1070 solitum
374 1037 405 1070 in
430 1037 516 1071 illius
540 1038 693 1082 praefecti
725 1048 784 1082 pro
813 1043 960 1082 tempore

217 1089 380 1124 existentis
394 1091 543 1125 manibus
557 1092 701 1135 (praevio
715 1091 861 1125 examine
875 1091 960 1124 iuxta

217 1144 353 1178 formam
375 1145 614 1179 constitutionis
638 1156 655 1178 a
684 1145 783 1179 felicis
808 1145 960 1179 recorda-

217 1198 316 1233 tionis
331 1199 419 1233 Sixto
436 1200 522 1244 Papa
539 1200 563 1232 V
580 1201 830 1244 praedecessore
851 1205 961 1233 nostro

217 1263 316 1297 super
335 1254 566 1288 reformatione
580 1255 874 1288 referendariorum
889 1254 961 1287 ulti-

218 1316 271 1339 mo
292 1307 397 1340 editae
410 1307 582 1351 faciendo¹)
594 1307 810 1341 iuramentum
827 1307 961 1351 praesti-

219 1360 327 1401 terint,
350 1361 381 1394 in
402 1361 569 1406 utriusque
593 1362 778 1404 signaturae
796 1362 962 1394 huiusmo-

219 1412 250 1446 di
275 1414 510 1448 referendarios
535 1416 641 1458 quoad
665 1415 801 1448 vixerint
822 1415 961 1458 (etiamsi

219 1465 460 1501 abbreviatores
486 1478 554 1501 esse
579 1468 754 1509 desierint,
784 1468 961 1501 dummodo

219 1519 252 1552 in
262 1520 370 1554 officio
382 1521 638 1555 abbreviatoriae
652 1522 837 1555 huiusmodi
849 1523 960 1556 saltem

218 1583 277 1617 per
296 1574 471 1608 triennium
493 1586 527 1608 se
547 1575 762 1619 exercuerint)
784 1576 962 1619 apostolica

219 1628 420 1670 auctoritate,
432 1634 545 1663 tenore
557 1630 785 1674 praesentium,
801 1640 958 1670 creamus,

219 1682 444 1716 constituimus
457 1688 488 1716 et
501 1683 705 1726 deputamus,
722 1693 758 1716 ac
771 1683 960 1717 dilectorum

218 1734 360 1769 filiorum
376 1736 512 1769 aliorum
526 1736 693 1780 utriusque
711 1736 893 1779 signaturae
909 1737 963 1769 hu-

220 1788 359 1823 iusmodi
378 1789 671 1823 referendariorum
684 1800 820 1824 numero
835 1796 865 1823 et
879 1801 959 1823 con-

220 1843 319 1877 sortio
344 1843 563 1877 favorabiliter
587 1853 818 1886 aggregamus,
844 1855 880 1878 ac
904 1855 963 1889 pro

220 1896 304 1930 veris
318 1924 326 1938 ,
349 1896 537 1930 indubitatis
558 1903 588 1930 et
608 1907 673 1930 non
694 1897 776 1930 fictis
794 1897 962 1941 utriusque

220 1949 405 1992 signaturae
425 1950 654 1984 referendariis
679 1951 791 1984 haberi
818 1957 849 1984 et
869 1961 964 1995 repu-

222 2003 283 2037 tari
304 2004 452 2038 volumus
478 2011 508 2038 et
529 2005 740 2045 mandamus3

53 2069 163 2103 priviiegta
176 2079 207 2095 re.
267 2056 326 2101 §3
346 2059 389 2091 Ac
406 2058 527 2092 eisdem
543 2057 830 2099 abbreviatoribus,
847 2064 882 2092 ut
896 2069 964 2092 om-

2 2134 4 2139 ·
30 2096 208 2149 eiimu‘issss‘fn'ffi.
222 2111 317 2145 nibus
331 2112 517 2156 privilegiis,
534 2112 790 2156 exemptionibus
804 2118 835 2145 et
849 2112 965 2146 immu-

29 2152 104 2173 cantur.
223 2165 390 2206 nitatibus,
415 2166 627 2206 libertatibus,
651 2166 893 2210 praerogativis,
910 2177 965 2200 an-

223 2219 441 2260 telationibus,
466 2220 655 2260 honoribus,
674 2220 846 2260 favoribus,
864 2220 966 2253 indul-

224 2271 273 2313 tis,
290 2272 504 2314 facubafibus,
520 2272 780 2306 concessionibus
798 2279 825 2305 et
841 2274 961 2315 gratiis,

223 2331 288 2359 tam
301 2326 522 2370 spiritualibus
533 2337 628 2370 quam
643 2326 884 2369 temporalibus,
900 2327 966 2370 qui-

223 2378 282 2413 hus
306 2380 422 2413 caeteri
445 2380 655 2413 referendarii
677 2379 846 2423 utriusque
860 2380 965 2423 signa-

224 2438 314 2467 turae
331 2433 534 2475 huiusmodi,
556 2434 595 2467 de
617 2434 706 2476 iure,
727 2439 865 2474 statuto,
890 2445 964 2468 con-

224 2488 404 2528 suetudine,
429 2499 485 2522 seu
505 2488 583 2522 alias
604 2488 851 2532 quomodolibet
871 2494 965 2521 utun-

225 2545 287 2582 tur,
310 2542 495 2585 potiuntur‚
524 2542 674 2575 fruuntur
698 2548 729 2574 ct
753 2542 905 2584 gaudent,
930 2552 965 2575 ac

265 2621 275 2646 l
295 2620 386 2648 Const⁴
413 2621 550 2657 praedicta
574 2621 639 2648 Sixtt
653 2621 674 2648 V
690 2621 807 2648 liabetur
836 2622 862 2648 in
884 2621 962 2648 Ball.

224 2668 289 2692 tom.
307 2672 352 2693 viu
368 2665 395 2693 h.
412 2673 439 2693 n.
456 2666 534 2700 edit.,
552 2674 611 2702 pag.
629 2667 696 2699 7tu;
712 2666 779 2693 aliae
795 2666 827 2693 de
844 2666 963 2693 reseren-

226 2708 306 2737 dariis
321 2711 410 2739 Const.
428 2711 464 2738 ibi
479 2712 595 2739 citantur
617 2713 641 2738 iu
663 2713 724 2739 nota
740 2714 777 2747 (a,
795 2719 819 2738 T.
840 2734 842 2737 .

27 2657 33 2693 t

28 2713 33 2729 *t

29 2741 33 2771 t

30 2773 34 2824 t

31 2827 33 2859 t

32 2881 34 2899 Ι

859 292 977 316 PAULUS
998 293 1017 315 V
1036 293 1087 317 PP.

1636 278 1701 313 203
1747 287 1796 315 An.
1817 287 1845 314 c.
1864 286 1931 315 1605

993 341 1053 379 uti,
1082 341 1197 383 potiri,
1226 341 1287 373 frui
1313 346 1343 373 et
1369 339 1509 383 gaudere
1541 343 1676 383 possunt
1704 343 1734 371 et

992 399 1143 437 poterunt
1165 394 1410 438 quomodolibet
1430 393 1461 426 in
1482 393 1624 426 futurum
1639 420 1646 433 ‚
1669 397 1733 425 tam

993 447 1023 479 in
1046 447 1163 480 iudicio
1185 458 1281 491 quam
1304 453 1402 487 extra,
1426 447 1624 490 ubicumque
1648 445 1734 478 loco-

993 511 1076 539 rum,
1095 500 1215 543 absque
1237 501 1296 534 alia
1316 511 1447 545 prorsus
1461 499 1654 540 differentia,
1669 509 1735 532 non

993 554 1032 585 ad
1060 553 1189 586 illorum
1222 554 1344 595 instar,
1370 553 1425 587 sed
1456 552 1677 597 pariformiter
1706 557 1737 585 et

994 617 1097 650 aeque
1122 607 1366 651 principaliter,
1391 608 1422 640 in
1452 607 1602 640 omnibus
1628 612 1660 640 et
1680 616 1738 650 per

994 660 1103 693 omnia
1124 660 1272 704 (perinde
1294 671 1330 693 ac
1354 661 1378 694 si
1398 660 1452 693 illa
1473 660 1550 704 ipsis
1570 660 1737 693 abbrevia-

995 713 1130 755 toribus‚
1146 724 1231 747 nunc
1245 720 1275 747 et
1288 724 1347 758 pro
1360 720 1505 758 tempore
1519 713 1737 754 existentibus,

994 778 1173 812 eorumque
1191 768 1328 810 collegio
1342 774 1372 801 et
1385 768 1542 812 personis,
1556 767 1739 811 specialiter

994 827 1024 854 et
1048 832 1195 865 expresse
1220 832 1278 865 per
1303 826 1489 865 praesentes
1513 821 1634 854 litteras
1655 831 1734 854 con-

993 885 1079 908 cessa
1094 875 1237 918 fuissent)
1256 875 1314 916 uti,
1332 875 1406 915 frui,
1421 875 1519 919 potiri
1534 880 1564 907 et
1580 875 1732 917 gaudere;

1039 931 1055 971 ξ
1076 929 1105 962 4.
1127 929 1284 973 Quodque
1298 939 1380 962 unus
1401 939 1436 962 ex
1458 929 1736 962 abbreviatoribus
1765 936 1937 958 Unusexabbre·

994 983 1185 1027 praedic-tis,
1206 983 1260 1028 qui
1287 982 1317 1015 in
1344 982 1528 1026 receptione
1554 987 1583 1015 et
1611 963 1938 1016 admis-Ziiii03‘i2ii1utieri1‘2‘-

994 1037 1083 1071 sione
1100 1037 1286 1071 huiusmodi
1301 1037 1466 1081 antiquior
1484 1037 1592 1077 fuerit,
1613 1047 1680 1077 seu,
1698 1046 1735 1070 eo
1750 1018 1937 1070 pige-smmum

995 1091 1126 1125 absente
1147 1091 1195 1124 vel
1213 1091 1380 1134 impedito,
1398 1090 1479 1124 alius
1497 1101 1534 1123 ex
1548 1090 1667 1124 eisdem
1682 1090 1737 1123 ab·

995 1145 1230 1178 breviatoribus
1261 1145 1301 1178 ad
1328 1144 1360 1177 id
1388 1144 1427 1177 ab
1456 1154 1569 1178 eorum
1601 1143 1737 1186 collegio

996 1198 1180 1232 huiusmodi
1210 1209 1266 1231 seu
1297 1197 1512 1232 Cancellariae
1536 1196 1739 1241 Apostolicae

996 1258 1126 1295 regente
1150 1263 1208 1296 pro
1235 1258 1382 1295 tempore
1417 1250 1632 1295 deputandus,
1668 1250 1736 1283 sin-

996 1306 1078 1348 gulis
1103 1306 1221 1339 nostris
1247 1316 1283 1338 ac
1312 1315 1370 1348 pro
1401 1311 1548 1348 tempore
1577 1302 1740 1337 existentis

996 1359 1132 1393 Romani
1146 1359 1311 1392 Pontificis
1325 1358 1508 1401 signaturis,
1529 1357 1662 1391 nomine
1682 1357 1741 1390 hu-

997 1413 1136 1447 iusmodi
1149 1411 1425 1452 abbreviatorum,
1439 1411 1593 1444 continuo
1608 1411 1742 1444 interve-

997 1467 1065 1499 nire
1086 1472 1117 1499 et
1137 1466 1285 1498 assistere
1313 1465 1415 1508 possit
1435 1470 1466 1497 et
1487 1465 1606 1505 valeat,
1630 1469 1741 1498 aucto-

996 1520 1088 1552 ritate
1109 1524 1139 1552 et
1160 1524 1272 1551 tenore
1297 1518 1480 1562 praedictis,
1500 1518 1596 1551 etiam
1618 1528 1737 1562 perpe--

998 1581 1052 1606 tuo
1073 1572 1282 1607 concedimus
1302 1578 1334 1605 et
1354 1572 1570 1615 indulgemus.

1041 1628 1056 1671 ,ξ
1077 1627 1106 1660 5.
1127 1627 1297 1660 Praeterea
1314 1626 1448 1669 singulis
1463 1626 1740 1659 abbreviatoribus
1754 1633 1940 1682 Sinrfflritiocggggf

997 1681 1182 1726 praedictis,
1204 1691 1289 1713 nunc
1310 1686 1341 1713 et
1360 1690 1419 1724 pro
1441 1685 1586 1724 tempore
1604 1679 1740 1714 existen·
1755 1667 1820 1709 emir·

998 1736 1092 1775 tibus,
1117 1746 1213 1768 unam
1242 1734 1426 1779 portionem
1448 1734 1540 1778 panis
1561 1745 1598 1767 ex
1618 1734 1740 1767 Palatio

998 1789 1183 1834 Apostolico
1205 1789 1315 1822 dietim
1338 1788 1534 1829 habendam,
1558 1788 1741 1832 percipien-

999 1844 1071 1877 dam
1090 1849 1120 1876 et
1141 1843 1418 1886 consequendam,
1443 1852 1525 1886 quae
1546 1841 1690 1885 aequalis
1711 1847 1742 1875 et

998 1907 1130 1941 prorsus
1151 1895 1328 1929 conformis
1350 1895 1461 1928 existat
1481 1895 1520 1935 ei,
1545 1905 1640 1938 quam
1663 1894 1742 1928 dile-

999 1950 1039 1984 cti
1059 1950 1115 1983 filii
1141 1960 1312 1983 causarum
1340 1949 1415 1982 dicti
1440 1948 1553 1982 Palatii
1578 1948 1742 1982 auditores

999 2015 1035 2037 cx
1049 2004 1163 2037 eodem
1177 2003 1299 2036 Palatio
1313 2002 1432 2035 babere
1447 2008 1476 2035 et
1491 2002 1657 2046 percipere
1671 2012 1743 2035 con-

999 2063 1183 2097 sueverunt,
1200 2057 1349 2090 similiter
1366 2061 1523 2100 perpetuo
1542 2055 1742 2099 assignamus

1000 2118 1030 2145 ct
1050 2111 1270 2145 concedimus.

1044 2167 1059 2207 g
1093 2164 1122 2197 6.
1157 2165 1372 2197 Decernentes
1403 2169 1589 2208 praesentes
1620 2162 1741 2196 litteras
1767 2182 1941 2203 p.2„,.0„1,‚,„0„

999 2229 1128 2261 semper
1148 2217 1267 2250 validas
1289 2228 1325 2250 ac
1352 2217 1500 2250 efficaces
1521 2227 1588 2250 esse
1609 2221 1639 2249 et
1659 2216 1737 2256 fore,
1755 2209 1850 2256 ζῖρἷῗῦω
1887 2214 1941 2234 ‘'⁶²'‘

1000 2282 1104 2316 neque
1124 2272 1253 2305 eosdem
1275 2271 1535 2313 abbreviatores,
1559 2275 1620 2303 tam
1642 2280 1737 2313 prae-

999 2332 1104 2359 sentes
1139 2337 1235 2369 quam
1273 2326 1397 2359 futuros
1413 2353 1420 2366 ,
1453 2336 1512 2359 ncc
1544 2334 1741 2369 quemquam

999 2380 1097 2412 alium
1113 2390 1225 2413 eorum
1242 2379 1428 2412 nominibus
1440 2380 1479 2411 ad
1495 2378 1564 2411 illas
1586 2378 1616 2410 in
1634 2378 1743 2411 Canic-

1001 2435 1035 2466 ra
1056 2433 1237 2477 Apostolica
1261 2433 1360 2476 (iuxta
1382 2431 1644 2465 constitutionem
1671 2430 1743 2474 piae

1001 2487 1176 2520 memoriae
1190 2487 1235 2521 Pii
1257 2487 1362 2530 Papae
1382 2486 1418 2519 lv
1441 2486 1534 2518 ctiam
1555 2484 1744 2528 praedeces-

999 2541 1080 2573 soris
1097 2540 1198 2574 nostri
1222 2540 1281 2573 sub
1303 2540 1413 2573 datum
1440 2538 1588 2571 videlicet
1607 2548 1663 2571 vni
1690 2537 1743 2569 ka-

1000 2594 1110 2628 lendas
1131 2595 1267 2637 augusti,
1296 2594 1502 2637 pontificatus
1529 2592 1577 2624 sui
1607 2602 1691 2625 anno
1712 2601 1743 2625 v1

1000 2648 1116 2681 editam
1136 2646 1156 2688 ¹,
1185 2659 1248 2691 qua
1274 2647 1356 2680 inter
1381 2646 1442 2679 alia
1477 2651 1627 2687 caretur,
1655 2645 1742 2689 quod

1021 2710 1279 2738 t43011<t.t¹titvt=ie
1293 2711 1337 2737 cit.
1351 2718 1402 2737 non
1414 2709 1530 2737 babetur
1541 2709 1565 2736 in
1579 2709 1741 2743 Batitas).
