2227 3241
250 295 300 321 An.
316 294 344 321 c.
368 293 436 321 1606
481 284 546 317 314
1021 288 1203 313 numanum
1229 289 1380 314 sommum

451 348 551 385 gatos,
573 341 667 374 ctiam
694 348 865 371 causarum
886 336 997 370 Palatii
1015 336 1190 380 Apostolici

452 395 621 429 Auditores
640 392 776 426 iudicari
803 396 834 425 ct
852 390 979 424 definiri
1001 391 1131 430 debere,
1155 401 1191 424 ac

452 448 577 481 irritum
592 446 731 480 etinane
750 444 905 488 quicquid
923 454 1013 478 secus
1034 443 1191 488 superbis
1227 443 1318 485 Quod
1349 442 1459 476 clerici
1494 441 1659 485 reyulares
1697 440 1964 484 Conqreyationis

452 512 470 534 a
490 510 665 544 quoquam,
689 498 799 542 quavis
824 497 1027 537 auctoritate,
1055 497 1192 530 scienter
1269 496 1535 530 Jtlinistraniium
1558 494 1703 538 Infirmve's
1728 493 1771 526 ad
1794 504 1966 537 quoscum·

454 555 501 588 vel
524 554 722 596 ignoranter,
746 552 916 594 contigerit
935 551 1094 585 attentari.
1270 561 1331 595 que
1344 549 1438 590 alios,
1455 550 1555 583 etiam
1577 548 1885 588 Carthusianorum,
1904 546 1965 582 Or-

293 625 375 645 sum...
395 629 437 643 μω,
498 609 514 650 ἓ
535 607 565 640 4,
598 607 752 640 Volumus
781 611 888 638 autem
913 610 948 638 ut
973 605 1003 637 in
1028 603 1192 648 praedicto
1271 604 1362 637 dines
1382 608 1411 637 et
1434 603 1607 647 reliqiones
1627 602 1771 646 miqrare
1789 605 1962 645 nequeant,

253 654 437 706 bifussibai'i‘ss'issj
454 659 649 693 monasterio
676 664 721 692 tot
745 658 893 692 monachi
919 664 1041 692 vestrae
1057 657 1189 701 provin·
1271 658 1391 701 absque
1415 656 1506 691 Sedis
1522 656 1728 701 Apostolicae
1753 655 1884 688 licenzid
1900 665 1967 701 spe-

254 704 425 727 ”“‘¹¹¹⁵¹¹b¹⁰⁰²¹'
454 713 520 747 cine
549 718 828 753 manuteneantur‚
852 716 931 756 quot
956 722 992 745 ex
1018 710 1194 744 redditibus
1272 710 1382 743 ciali‘.

1975 285 2024 312 An.
2041 283 2069 312 c.
2091 283 2159 313 ¹606

1520 334 1655 369 XXXIX.
2205 346 2206 349 =

283 1104 298 1124 Α
314 1109 355 1130 quo
372 1105 441 1123 tamen

257 1131 325 1156 ipsum
339 1132 442 1151 monaste-

258 1158 442 1182 riumdictaepro-

258 1185 340 1205 vinciae
371 1183 443 1204 trada-

274 1637 386 1662 nerupauo
399 1642 446 1657 cun·

263 1666 381 1684 trariornm.

454 768 597 801 eiusdem
622 766 809 800 monasterii
830 765 1000 800 sustentari
1021 769 1191 809 poterunt,

454 821 509 865 qui
528 821 645 854 dilecto
666 820 733 854 silio
751 820 842 854 Celso
867 820 1013 853 Romano
1039 818 1195 852 moderno

454 880 485 908 et
504 885 563 918 pro
586 880 730 918 tempore
755 872 902 907 existenti
927 871 1034 905 abbati
1053 870 1195 914 generali

454 928 551 962 totius
565 927 828 970 Congregationis
847 925 1101 960 Coelestinorum
1121 924 1196 958 obe·

455 981 542 1023 dire,
564 981 713 1024 illiusque
742 979 913 1014 visitationi
943 985 972 1013 et
1004 979 1195 1012 correctioni

456 1035 585 1069 subesse
604 1040 782 1068 teneantur.

502 1091 518 1132 ς
536 1088 566 1122 5.
587 1088 745 1128 Quocirca
762 1087 866 1120 eidem
881 1086 973 1121 Celso
991 1086 1149 1119 moderno
1167 1091 1198 1119 et

458 1152 516 1186 pro
535 1148 681 1185 tempore
698 1140 843 1174 existenti
862 1139 967 1172 abbati
983 1138 1122 1181 generali
1140 1149 1198 1182 per

458 1198 643 1238 praesentes
668 1192 901 1226 committimus
927 1198 957 1225 et
983 1192 1195 1232 mandamus,

459 1253 494 1281 ut
514 1247 745 1280 monasterium
771 1245 972 1290 praedictum
999 1245 1088 1278 vobis
1115 1245 1199 1278 iuxta

461 1308 604 1335 tenorem
626 1300 842 1345 praesentium
862 1299 1045 1342 consignari
1061 1304 1151 1332 curet
1169 1304 1200 1332 et

460 1355 566 1396 saciat,
590 1354 745 1399 vobisque
763 1359 794 1388 et
814 1353 928 1387 suturis
946 1353 1047 1397 priori
1075 1359 1105 1386 et
1130 1363 1199 1385 mo-

460 1408 571 1441 nacbis
596 1408 739 1440 eiusdem
773 1406 958 1440 monasterii
985 1405 1201 1449 praecipimus

461 1467 495 1494 ut
515 1461 620 1495 eidem
646 1460 754 1494 abbati
783 1459 925 1503 generali
952 1459 1091 1493 debitam
1118 1458 1197 1492 obe-

462 1515 616 1548 dientiam
638 1520 668 1548 et
688 1514 899 1548 reverentiam
914 1517 1097 1557 promptam
1115 1512 1201 1546 exhi-

462 1568 539 1602 bere
556 1568 720 1601 studeatis.

508 1624 524 1665 ξ
545 1622 575 1655 6.
605 1622 674 1655 Non
701 1621 920 1662 obstantibus,
943 1625 1101 1665 quatenus
1121 1630 1202 1664 opus

463 1676 513 1717 sit,
537 1675 758 1709 Lateranensis
777 1673 911 1708 Concilii
931 1673 1103 1707 novissime
1120 1673 1200 1706 cele-

462 1729 544 1762 brati
572 1729 708 1763 uniones
728 1733 912 1773 perpetuas,
932 1728 992 1761 nisi
1018 1728 1049 1760 in
1076 1726 1201 1760 casibus

462 1794 480 1816 a
500 1783 569 1815 iure
598 1782 780 1826 permissis,
809 1781 880 1815 sieri
908 1780 1133 1825 prohibentis,
1166 1790 1202 1812 ac

461 1838 572 1870 nostr-21
586 1837 624 1869 de
638 1835 812 1868 unionibus
826 1834 1066 1868 committendis
1080 1833 1119 1866 ad
1132 1843 1203 1876 par-

463 1896 519 1930 tes,
537 1889 656 1922 vocatis
674 1899 813 1932 quorum
831 1888 973 1928 interest,
988 1899 1023 1921 ac
1041 1888 1080 1920 de
1098 1886 1202 1931 expri-

461 1943 578 1976 mendo
603 1953 679 1975 vero
708 1943 816 1975 valore
840 1941 1011 1982 beneficii,
1040 1941 1089 1974 cui
1115 1941 1201 1973 aliud

463 1996 548 2028 uniri
568 2001 742 2040 peteretur,
766 2006 802 2028 ac
816 1995 979 2039 quibusvis
1000 1995 1201 2028 constitutio-

463 2049 558 2082 nibus
590 2055 620 2083 et
649 2049 905 2082 ordinationibus
937 2049 1142 2093 apostolicis,
1167 2059 1203 2082 ac

465 2103 592 2136 Ordinis
617 2108 647 2136 ct
674 2102 859 2146 provinciae
879 2102 1083 2143 huiusmodi,
1108 2102 1202 2136 etiam

464 2157 659 2197 iuramento,
687 2156 933 2189 confirmatione
958 2156 1132 2200 apostolica
1156 2157 1203 2190 vel

467 2211 578 2255 quavis
599 2210 749 2244 firmitate
764 2210 823 2244 alia
839 2210 1007 2251 roboratis,
1031 2210 1157 2244 statutis
1175 2216 1205 2244 et

468 2263 777 2304 consuetudinibus,
805 2263 1004 2307 caeterisque
1037 2264 1206 2297 contrariis

468 2318 735 2362 quibuscumque.

511 2372 624 2405 Datum
650 2372 770 2405 Romae
796 2371 880 2414 apud
905 2376 1051 2404 sanctum
1077 2371 1205 2404 Petrum

468 2425 527 2459 sub
542 2425 661 2458 annulo
674 2424 855 2465 PiscatoriS‚
873 2424 923 2457 die
936 2434 993 2458 xm
1009 2424 1081 2458 maii
1099 2434 1206 2466 nncvt,

468 2479 674 2522 pontificatus
694 2478 794 2512 nostri
812 2488 897 2512 anno
918 2488 938 2511 1.

505 2540 564 2568 Dat.
587 2540 631 2568 die
654 2541 684 2568 13
705 2540 771 2568 maii
792 2541 872 2569 1606.
885 2540 980 2576 pontif.
997 2549 1067 2568 anno
1084 2547 1101 2567 1.

1468 817 1579 844 Paulus
1600 816 1678 850 Papa
1697 817 1728 849 V,

1354 872 1387 897 ad
1409 872 1586 905 perpetuam
1606 870 1650 898 rei
1670 869 1851 898 memoriam.

1274 979 1455 1012 Romanum
1486 978 1577 1011 decet
1597 976 1797 1017 Pontificem,
1819 976 1968 1010 universo

1231 1032 1320 1075 gregi
1340 1031 1508 1065 Dominico
1528 1030 1634 1064 divina
1654 1030 1854 1063 institutione
1876 1040 1969 1074 prae-

1232 1085 1394 1130 positum,
1422 1084 1576 1128 pastorali
1609 1082 1825 1117 sollicitudine
1857 1083 1966 1127 provi-

1233 1139 1320 1179 dere,
1349 1144 1382 1171 ut
1408 1137 1603 1180 regularium
1633 1136 1788 1170 Ordinum
1810 1142 1896 1169 recte
1921 1136 1970 1169 in-

1232 1192 1341 1225 stituta
1359 1196 1597 1231 conserventur,
1621 1195 1651 1223 et
1671 1199 1783 1223 eorum
1801 1189 1970 1234 disciplina

1234 1245 1320 1277 nulla
1355 1255 1391 1277 ex
1426 1249 1515 1288 parte
1546 1243 1773 1276 detrimentum
1807 1243 1967 1288 patiatur,

1234 1299 1289 1332 sed
1314 1308 1396 1342 quae
1427 1307 1484 1342 pro
1517 1307 1628 1331 eorum
1659 1296 1816 1340 regimine
1848 1297 1968 1331 consti-

1237 1357 1303 1386 tuta
1339 1359 1433 1393 sunt,
1473 1351 1497 1384 si
1534 1351 1689 1395 temporis
1727 1361 1895 1396 processus
1929 1351 1972 1384 ita

1235 1417 1315 1450 opus
1333 1417 1399 1439 esse
1418 1405 1566 1448 ostendit,
1583 1405 1716 1449 provide
1736 1404 1898 1448 corrigere
1918 1411 1973 1438 aut

1236 1466 1371 1501 mutare,
1395 1465 1492 1503 prout
1516 1459 1673 1503 conspicit
1703 1458 1735 1492 in
1765 1455 1902 1493 Domino
1921 1469 1972 1492 ex-

1235 1513 1356 1558 pedire.

1280 1568 1296 1609 5
1320 1566 1348 1600 1.
1380 1566 1472 1607 Sane,
1497 1566 1631 1600 dilectus
1658 1565 1742 1599 filius
1772 1566 1974 1610 praepositus

1236 1619 1394 1663 generalis
1414 1619 1604 1653 clericorum
1623 1619 1829 1662 regularium
1841 1618 1976 1662 Congre-

1237 1673 1373 1716 gationis
1385 1673 1633 1707 Ministrantium
1653 1672 1791 1706 infirmis
1808 1683 1911 1717 nuper
1923 1683 1975 1706 ex-

1237 1727 1312 1771 poni
1334 1726 1426 1759 nobis
1444 1726 1527 1767 fecit,
1552 1726 1638 1770 quod
1660 1725 1692 1758 in
1712 1725 1828 1759 litteris
1847 1730 1975 1770 aposto-

1237 1781 1306 1814 licis
1328 1780 1497 1814 erectionis
1512 1780 1615 1814 dictae
1628 1779 1892 1823 Congregationis
1909 1779 1977 1813 eius

1237 1833 1395 1876 religiosis
1415 1833 1567 1878 professis
1591 1833 1743 1867 transitus
1763 1833 1803 1866 ad
1824 1832 1976 1867 Ordinem

1236 1886 1519 1920 Cartliusianorum
1535 1891 1670 1927 tantum,
1694 1886 1783 1919 nulla
1800 1885 1896 1919 etiam
1915 1885 1978 1918 alia

1237 1941 1275 1973 ad
1297 1940 1327 1973 id
1348 1940 1437 1974 Sedis
1451 1939 1652 1984 Apostolicae
1666 1938 1795 1973 licentia
1813 1938 1977 1983 requisita,

1236 1994 1442 2038 permittitur.

1282 2049 1298 2090 ς
1314 2047 1343 2080 2.
1359 2047 1515 2087 Quoniam
1531 2057 1604 2080 vero
1623 2047 1832 2091 praecipuum
1848 2056 1975 2080 eorum-

1238 2102 1310 2135 dem
1332 2101 1523 2135 clericorum
1551 2101 1730 2134 institutum
1767 2104 1814 2133 est
1840 2099 1977 2132 infirmis

1239 2155 1445 2200 hospitalium
1467 2159 1497 2188 et
1528 2154 1598 2188 aliis
1620 2153 1883 2188 christifidelibus
1908 2162 1976 2186 mo-

1239 2209 1394 2243 rientibus
1419 2208 1470 2242 die
1495 2213 1674 2252 nocteque,
1703 2207 1806 2241 donec
1837 2206 1978 2240 animam

1240 2262 1381 2297 Creatori
1403 2262 1550 2303 reddant,
1579 2272 1615 2294 ac
1639 2265 1807 2305 praeterea
1831 2259 1981 2304 pestilen-

1242 2317 1283 2350 tia
1297 2316 1520 2350 laborantibus
1534 2314 1728 2354 ministrare,
1752 2313 1862 2357 eisque
1878 2312 1982 2346 omni-

1241 2370 1300 2403 bus
1319 2368 1455 2402 solemni
1477 2374 1550 2402 voto
1582 2378 1614 2401 se
1647 2367 1871 2409 obstringunt;
1900 2376 1982 2410 quae

1279 2476 1286 2501 1
1312 2474 1552 2511 Congregationem
1568 2474 1645 2500 istam
1666 2472 1789 2508 probavit
1812 2472 1901 2499 Sixtus
1914 2472 1935 2498 V
1954 2471 1982 2499 in

1242 2520 1354 2547 Constit.
1382 2526 1462 2550 xxxv,
1478 2519 1525 2546 Em
1540 2518 1680 2549 omnibus,
1696 2520 1761 2543 tom.
1777 2523 1825 2544 vni
1842 2524 1901 2553 pag.
1917 2516 1980 2544 669.

1242 2563 1386 2598 Gregorius
1401 2571 1464 2589 vero
1476 2561 1530 2590 xlv
1551 2560 1700 2597 prohibuit,
1716 2559 1798 2587 hosce
1814 2560 1928 2587 clericos
1948 2560 1982 2587 ad

1242 2608 1324 2636 alium
1345 2610 1451 2642 praeter
1470 2605 1709 2633 carthusianorum
1723 2604 1853 2631 Ordinem
1867 2603 1982 2631 transire

1243 2651 1355 2680 Constit.
1373 2657 1407 2678 xl.
1422 2650 1508 2678 Illius
1531 2650 1575 2684 (in
1601 2649 1628 2675 h.
1645 2656 1671 2675 n.
1689 2648 1755 2675 edit.
1770 2654 1813 2675 xm
1826 2670 1833 2682 ,
1861 2652 1926 2676 tom.
1957 2655 1982 2674 ix

1243 2703 1304 2732 pag.
1317 2695 1368 2722 479
1385 2698 1411 2722 et
1426 2693 1535 2730 proprie
1549 2693 1563 2729 5
1578 2693 1612 2720 34
1627 2700 1688 2729 pag.
1701 2691 1773 2727 485).

2010 996 2129 1018 Exordium.

2011 1581 2107 1612 Gregorii
2126 1579 2175 1604 ΚΝ

1989 1610 2110 1631 constitutio
2141 1613 2164 1630 ro
2187 1634 2191 1636 ,

1989 1638 2094 1658 censetur.

2018 2062 2076 2084 Multi
2089 2061 2116 2083 ad
2123 2059 2195 2092 alio-e*

1992 2090 2080 2111 'avion-es
2115 2084 2175 2110 Ordll*
2194 2095 2195 2102 ¹

2074 2116 2181 2143 migras-.-

1993 2145 2049 2165 runt.

2165 1543 2209 1710 i

2165 1955 2201 2031 {l

2193 2131 2204 2151 Γ

2206 2277 2216 2364 νιος-ι
