2227 3241
241 290 289 316 An.
310 290 337 316 e.
358 289 425 316 1604
470 280 534 314 1-22

242 374 245 375 γ
267 347 426 376 Sit·zili5s=liito÷
487 340 502 380 ἓ

242 380 260 393 iu
294 374 350 393 nullo
383 376 426 393 loro
460 392 464 396 ,

241 427 345 447 «leci-ruit.

1022 289 1197 313 Bt'LLAmUM
1225 289 1374 314 nominum

524 338 554 371 5.
578 339 788 371 Decernentes
814 337 900 381 quod
923 346 1046 377 omnes,
1070 337 1123 382 qui
1146 337 1177 369 in
1211 338 1291 370 senti
1316 338 1417 380 gratia
1452 337 1634 381 potiantur,
1669 344 1704 371 ut
1734 338 1854 373 dictum
1880 345 1946 382 est,

241 405 347 419 romum
364 405 426 425 resse
441 391 573 433 singulis
610 391 734 424 casibus
769 390 962 434 supradictis
1005 391 1177 434 respective
1212 400 1318 422 eoram
1342 389 1586 433 Inquisitoribus
1606 390 1841 425 abiurationem
1868 393 1950 426 fecc-

440 445 614 488 praemissa
640 444 906 487 adimpleverint,
939 444 969 476 in
1002 444 1071 477 foro
1097 451 1176 477 tem-
1213 443 1286 481 rint,
1315 453 1373 476 nec
1397 453 1462 476 non
1480 443 1533 475 alii
1554 443 1649 476 etiam
1675 454 1797 485 omnes,
1825 445 1893 488 qui,
1916 451 1951 478 ut

441 497 555 540 porali,
583 497 665 529 civili
687 503 717 530 et
737 496 907 537 criminali,
932 497 1026 530 etiam
1045 503 1176 531 conten·
1212 497 1403 539 praefertur,
1421 497 1498 529 alias
1513 497 1705 532 iudicialiter
1718 498 1947 539 abiuraverint‚

271 1792 310 1817 Qui
326 1790 429 1813 iudiciali-

245 1822 277 1839 ῑΠΓ
292 1826 332 1839 111111
342 1820 430 1839 ssbllli'il·

246 1846 326 1868 rerint.
348 1844 429 1865 etiamsi

245 1875 319 1897 postea
336 1872 355 1891 in
373 1877 430 1891 rrro-

245 1904 278 1919 res
299 1898 428 1921 reincidam,

245 1926 323 1950 relapsi
346 1930 386 1944 non
409 1930 430 1944 e-

245 1954 291 1972 runt
308 1951 428 1977 reputandi.

292 2597 430 2622 “elapsurum

248 2628 297 2643 teri)
312 2630 385 2648 [ments
395 2630 431 2649 {m-

247 2650 325 2670 uwmli.
337 2656 371 2675 qui
384 2653 430 2675 post

243 2676 396 2697 animationem
404 2682 434 2699 re-

248 2703 348 2724 labentur.

442 550 531 590 tioso,
549 560 566 582 a
580 550 838 594 quibuscumque
860 550 1047 584 criminibus
1067 561 1177 594 supra-

440 603 531 636 dictis
552 604 695 647 plenarie
713 604 849 637 absoluti
871 604 933 637 sint
950 609 981 637 et
998 614 1065 637 esse
1087 604 1177 637 intel-

440 656 589 699 ligantur:
614 668 650 690 ac
669 658 821 699 volentes,
841 664 996 702 quantum
1010 659 1050 691 ad
1071 659 1176 691 forum

440 710 512 749 fori,
532 711 618 754 quod
638 711 681 743 illi
703 712 742 744 ad
761 712 901 755 aliquam
922 712 1082 756 publicam
1101 722 1175 745 con-

441 763 621 806 sessionem,
632 764 877 807 abiurationem,
888 765 1177 806 renunciationem,

439 817 684 859 purgationem,
710 818 959 861 poenitentiam,
983 818 1175 862 paritionem

440 875 469 902 et
485 870 684 912 diligentiam
705 871 882 906 faciendam
904 883 969 905 non
990 878 1173 906 teneantur:

440 929 468 956 et
483 924 694 958 nihilominus
707 936 858 969 praesens
870 926 971 967 gratia
986 926 1057 967 illis,
1070 927 1176 970 quoad

440 978 591 1018 haeresis,
618 979 795 1022 apostasiae
820 990 837 1012 a
861 979 924 1013 side
949 985 979 1012 et
1004 979 1066 1012 alia
1086 990 1178 1023 prac-

441 1030 503 1063 fata
528 1031 682 1073 crimina,
712 1032 807 1066 etiam
832 1032 864 1065 in
890 1033 959 1066 foro
985 1033 1086 1073 civili,
1110 1033 1174 1066 cri-

442 1083 552 1116 minali
578 1090 609 1117 et
640 1086 860 1127 contentioso,
889 1091 919 1119 et
950 1086 1044 1119 etiam
1071 1087 1178 1130 quoad

441 1138 550 1171 onmia
567 1138 628 1172 alia
646 1139 761 1173 delicta
778 1145 809 1173 et
826 1150 970 1174 excessus
990 1140 1176 1184 pravitatem

441 1191 627 1225 huiusmodi
644 1202 709 1225 non
730 1193 918 1233 redolentia,
938 1204 1174 1237 quaecumque,

441 1249 661 1289 quotcumque
678 1252 707 1278 et
728 1245 978 1290 qualiacumque
997 1247 1125 1287 fuerint,
1146 1247 1177 1279 in

442 1297 511 1330 foro
533 1298 747 1332 conscientiae
770 1304 904 1340 tantum,
927 1300 1105 1333 dummodo
1123 1310 1177 1333 eo-

441 1360 511 1382 rum
533 1357 638 1384 errata
659 1357 689 1385 ct
706 1363 852 1386 excessus
866 1353 961 1386 alicui
981 1364 1039 1397 per
1052 1363 1105 1387 eos
1123 1354 1178 1387 eli-

441 1404 546 1445 gendo
571 1405 777 1447 confessario,
800 1412 835 1439 ut
854 1417 951 1450 snpra
971 1406 1091 1440 dictum
1118 1412 1175 1447 est,

444 1457 472 1489 in
494 1457 586 1491 dictis
605 1459 712 1501 regnis
738 1464 769 1492 et
794 1459 947 1493 dominiis
971 1460 1116 1494 existenti
1142 1471 1177 1493 ex

443 1511 627 1554 approbatis
659 1523 716 1555 per
739 1512 927 1546 Ordinarios
950 1513 1116 1554 locorum,
1144 1520 1179 1547 ut

442 1564 632 1607 praefertur,
649 1566 927 1599 sacramentaliter
939 1567 1036 1600 corde
1049 1567 1177 1600 contriti

443 1622 473 1649 ct
486 1627 542 1650 ore
559 1618 695 1651 confessi
716 1619 846 1660 fuerint,
862 1619 984 1663 absque
998 1620 1106 1663 aliqua
1121 1631 1179 1664 pu-

443 1670 527 1703 blica
545 1671 744 1714 poenitentia
757 1672 818 1705 illis
836 1672 1010 1716 iniugenda
1028 1674 1059 1706 in
1077 1674 1180 1707 omni-

443 1723 502 1757 bus
523 1729 553 1757 et
572 1735 631 1768 per
647 1725 756 1759 onmia
772 1726 956 1770 plenissime
973 1726 1175 1770 suffragetur:

490 1779 505 1819 ξ
527 1777 556 1811 O,
586 1779 688 1822 Atque
713 1785 897 1821 statuentes,
924 1785 959 1813 ut
984 1780 1029 1813 illi
1054 1791 1177 1822 omnes,

445 1831 498 1875 qui
524 1831 729 1874 iudicialiter,
757 1838 792 1866 ut
814 1834 1005 1877 praefertur,
1033 1834 1181 1868 haereses

445 1895 509 1918 non
535 1885 770 1927 abiuraverint,
795 1887 994 1920 reconciliati
1012 1899 1076 1921 non
1100 1899 1177 1922 cen-

444 1944 584 1979 seantur,
601 1939 698 1972 etiam
710 1949 747 1972 ex
761 1949 798 1972 eo
812 1940 898 1983 quod
916 1941 1076 1984 praesenti
1091 1941 1181 1975 venia

443 1992 585 2034 generali
602 1992 696 2036 potiti
712 1992 841 2035 suerint,
854 2003 924 2035 nec,
936 1994 1059 2028 etiamsi
1074 1995 1180 2028 forsan

444 2045 475 2077 in
500 2045 641 2089 aliquem
662 2046 880 2090 praefatorum
906 2057 1065 2086 errorum,
1093 2048 1180 2091 quod

443 2098 536 2139 absit,
560 2099 676 2132 iterum
697 2104 808 2143 postea
829 2099 1010 2141 inciderint,
1034 2101 1082 2134 vel
1104 2101 1180 2134 alias

443 2152 688 2195 quomodolibet
712 2152 863 2186 incidisse
888 2153 1080 2197 deprehensi
1108 2154 1177 2187 fue-

445 2205 516 2246 rint,
534 2206 651 2250 relapsi
675 2211 867 2250 reputentur
890 2207 937 2240 vel
964 2217 1022 2250 pro
1048 2207 1180 2251 relapsis

443 2259 642 2300 habeantur,
669 2269 729 2293 nec
757 2259 831 2293 inde
863 2259 995 2303 aliquod
1025 2260 1178 2293 indicium

444 2313 595 2357 deinceps
608 2313 703 2347 etiam
717 2312 887 2345 minimum
902 2318 1015 2346 contra
1025 2323 1079 2346 eos
1091 2314 1180 2355 oriri,

444 2366 593 2409 allegari,
616 2367 664 2399 vel
686 2366 802 2400 deduci
823 2366 854 2398 in
884 2366 1003 2399 iudicio
1026 2367 1072 2400 vel
1094 2372 1179 2400 extra

445 2421 523 2454 illud
547 2421 666 2461 valeat;
689 2431 726 2454 ac
750 2420 960 2462 indulgentia,
985 2420 1130 2454 remissio
1151 2427 1181 2454 et

444 2474 505 2507 alia
530 2473 695 2518 praedicta
720 2473 752 2506 in
777 2473 948 2513 damnum,
976 2478 1102 2514 notam,
1131 2473 1179 2506 in-

445 2527 572 2568 iuriam,
599 2527 646 2560 vel
672 2526 758 2560 aliud
783 2525 1025 2559 incommodum
1051 2526 1179 2559 illorum

445 2581 625 2624 retorqueri
650 2585 821 2624 nequeant.
851 2579 971 2614 Caeteri
999 2589 1085 2620 vero,
1113 2590 1180 2613 car-

447 2633 544 2666 cerati
569 2633 734 2674 nimirum,
758 2634 806 2667 vel
830 2633 889 2667 sub
910 2632 1112 2666 cautionibus
1132 2643 1180 2666 rc-

448 2686 552 2727 laxati,
570 2687 705 2721 confessi
719 2687 766 2721 vel
780 2686 949 2728 convincti,
970 2686 1024 2730 qui
1044 2691 1182 2730 utprae-

1212 556 1241 583 et
1266 550 1306 583 oli
1332 550 1490 591 haereses,
1519 550 1550 583 in
1575 561 1654 595 quas
1679 551 1718 585 de
1739 562 1822 585 novo
1842 552 1949 586 ineur-

1212 611 1342 645 rerunt,
1372 605 1530 648 praesenti
1565 605 1655 639 venia
1684 606 1826 649 generali
1857 606 1949 650 potiti

1212 658 1339 699 fuerint,
1367 658 1391 691 si
1416 664 1529 702 postea
1550 659 1665 692 iterum
1687 659 1775 703 quod
1800 659 1891 701 absit,
1917 659 1949 692 in

1211 712 1359 745 haereses
1384 712 1544 753 labantur,
1572 712 1688 757 relapsi
1706 712 1769 746 sint
1787 718 1817 747 et
1836 713 1950 757 poenis

1212 766 1411 809 relapsorum
1437 766 1624 809 puniantur.

1256 820 1271 860 ξ
1294 818 1322 852 7.
1351 818 1527 852 Districtius
1548 819 1729 852 inhibentes
1749 819 1900 853 omnibus
1920 825 1950 853 et

1211 872 1344 914 singulis
1370 872 1465 905 etiam
1492 872 1652 906 iudicibus
1672 872 1894 906 ecclesiasticis
1919 879 1950 906 et

1211 926 1439 967 saecularibus,
1463 936 1499 959 ac
1518 926 1670 969 praelatis
1691 925 1946 970 inquisitoribus,

1212 979 1384 1013 ordinariis
1409 990 1464 1013 seu
1485 979 1649 1022 delegatis,
1674 990 1878 1024 quacumque
1895 990 1950 1013 au-

1213 1033 1382 1074 ctoritate,
1414 1039 1571 1077 potestate
1597 1039 1628 1067 et
1652 1032 1825 1076 dignitate,
1853 1032 1949 1066 etiam

1213 1087 1400 1130 pontificali,
1416 1086 1693 1131 archiepiscopali,
1721 1086 1896 1130 primatiali
1920 1092 1952 1120 et

1213 1140 1429 1183 patriarchali,
1452 1150 1488 1173 ac
1508 1144 1602 1181 statu,
1633 1140 1745 1182 gradu,
1766 1139 1950 1173 conditione

1212 1203 1248 1225 ac
1261 1192 1528 1236 praeeminentia,
1545 1193 1641 1226 etiam
1660 1192 1876 1226 cardinalatus
1890 1193 1950 1226 ho-

1213 1256 1291 1279 nore
1310 1246 1516 1288 fulgentibus,
1531 1251 1562 1279 et
1579 1245 1632 1278 tali
1651 1245 1813 1290 qualitate,
1829 1245 1868 1279 de
1888 1256 1951 1290 qua

1213 1309 1360 1343 expressa
1374 1298 1493 1332 mentio
1502 1298 1572 1332 fieri
1587 1299 1729 1339 deberet,
1745 1298 1951 1342 pollentibus,

1213 1352 1308 1386 etiam
1330 1363 1347 1385 a
1371 1352 1465 1385 nobis
1484 1362 1540 1386 seu
1565 1352 1648 1386 Sede
1671 1352 1827 1396 praefata,
1856 1352 1952 1386 etiam

1213 1407 1252 1439 ad
1270 1406 1454 1439 instantiam
1473 1406 1616 1439 eiusdem
1634 1405 1728 1448 regis,
1742 1405 1904 1450 deputatis
1921 1412 1952 1439 et

1214 1470 1270 1503 pro
1297 1465 1442 1503 tempore
1466 1459 1669 1503 deputandis,
1692 1458 1751 1492 sub
1769 1469 1951 1492 excommu-

1220 1512 1401 1554 nicationis,
1417 1512 1636 1556 suspensionis
1649 1518 1679 1545 et
1699 1512 1860 1546 interdicti
1881 1522 1954 1546 sen-

1219 1565 1325 1599 tentiis
1343 1571 1373 1599 et
1389 1565 1622 1599 beneficiorum
1641 1571 1673 1599 et
1696 1565 1878 1599 officiorum
1897 1575 1956 1609 per

1215 1630 1269 1653 eos
1280 1619 1486 1653 obtentorum
1501 1619 1689 1663 privationis
1702 1619 1815 1662 poenis
1825 1629 1862 1652 eo
1875 1618 1955 1663 ipso,

1215 1672 1275 1706 nisi
1300 1672 1486 1716 paruerint,
1514 1672 1736 1713 incurrendis,
1764 1683 1805 1706 ne
1830 1672 1955 1716 aliquos

1215 1726 1254 1760 de
1274 1726 1409 1767 haeresi,
1426 1725 1584 1769 apostasia
1601 1735 1619 1758 a
1638 1725 1713 1766 fide,
1729 1730 1761 1758 et
1780 1725 1850 1758 aliis
1862 1735 1954 1769 prae-

1217 1779 1319 1812 missis
1341 1778 1528 1822 culpabiles,
1545 1783 1599 1811 aut
1615 1783 1791 1822 suspectos,
1808 1778 1862 1822 qui
1883 1788 1954 1821 gra-

1218 1832 1266 1865 tiis
1286 1831 1438 1875 praefatis
1458 1831 1546 1864 iuxta
1567 1830 1785 1875 praesentium
1808 1836 1952 1864 tenorem

1216 1886 1356 1928 gaudere
1376 1885 1504 1926 debent,
1531 1885 1556 1917 si
1582 1895 1663 1928 quos
1686 1884 1746 1918 sub
1771 1884 1880 1928 aliqua
1899 1896 1954 1918 cu—

1215 1939 1319 1973 siocli-a
1344 1939 1391 1972 vel
1416 1948 1545 1971 carcere
1576 1943 1725 1979 teneant,
1757 1938 1896 1982 amplius
1920 1938 1953 1971 in

1216 2002 1343 2026 carcere
1365 1991 1539 2033 detineant,
1563 1997 1618 2025 aut
1638 1997 1751 2025 contra
1771 2001 1825 2025 eos
1842 1991 1883 2025 ad
1901 1991 1952 2024 ul—

1216 2046 1335 2079 teriora
1351 2046 1538 2090 procedant,
1562 2045 1661 2079 immo
1682 2050 1792 2089 captos
1811 2045 1954 2079 relaxent

1216 2104 1247 2132 et
1266 2099 1373 2132 exules
1393 2099 1433 2132 ad
1452 2099 1601 2142 patriam,
1622 2105 1653 2132 et
1678 2099 1709 2132 in
1730 2109 1803 2132 eum
1821 2103 1950 2140 statum,

1217 2153 1247 2185 in
1261 2163 1325 2196 quo
1340 2153 1480 2193 fuerunt,
1497 2157 1528 2185 et
1539 2157 1612 2185 ante
1626 2152 1857 2193 accusationes,
1874 2161 1952 2185 con—

1216 2205 1447 2247 demnationes,
1461 2205 1706 2247 carcerationes,
1730 2210 1761 2238 et
1777 2205 1870 2238 exilia
1891 2205 1952 2238 hu-

1217 2259 1355 2292 iusmodi
1376 2258 1563 2299 existebant,
1583 2264 1742 2303 reponant
1760 2264 1791 2292 et
1809 2257 1953 2302 plenarie

1217 2312 1395 2346 restituant,
1423 2312 1671 2346 Accusatoribus
1700 2322 1793 2352 vero,
1822 2311 1950 2344 denun·

1216 2365 1400 2406 ciatoribus,
1426 2365 1568 2406 testibus,
1593 2364 1848 2408 inquisitoribus,
1871 2363 1953 2397 iudi—

1216 2419 1316 2460 cibus,
1339 2418 1581 2462 promotoribus
1601 2423 1632 2452 et
1651 2418 1721 2451 aliis
1741 2417 1952 2461 quibuscum—

1216 2482 1287 2516 que,
1305 2472 1363 2505 sub
1384 2471 1542 2505 similibus
1563 2471 1707 2505 censuris
1722 2471 1889 2515 etpoenis‚
1912 2481 1952 2504 ne

1214 2532 1325 2560 contra
1334 2525 1545 2570 supradictos
1553 2525 1721 2559 occasione
1730 2526 1776 2559 vel
1788 2530 1953 2569 praetextu

1216 2579 1407 2612 delictorum
1428 2578 1585 2612 haeresim
1604 2578 1739 2612 etafide
1760 2578 1951 2623 apostasiam

1216 2632 1430 2666 redolentium
1450 2632 1602 2665 hactenus
1623 2631 1882 2673 commissorum,
1899 2636 1953 2665 aut

1216 2686 1323 2730 quoad
1343 2685 1490 2719 absentes
1510 2685 1661 2730 deinceps
1681 2685 1774 2720 dictis
1792 2685 1883 2719 annis
1902 2695 1952 2718 re-

2164 0 2227 118 W!

1960 291 2009 319 An.
2027 292 2056 319 C.
2079 291 2145 322 160⁴

2181 399 2227 535 ’'³⁴54‘'

2181 584 2201 698 ww·-
2184 508 2189 514 ⁴.

2183 436 2225 684 :RQ-‹Ul-

1987 831 2110 852 Mandatum
2118 831 2149 852 In-

1964 857 2102 884 quisitoribus
2116 863 2149 878 or·
2185 869 2196 876 -·
2214 855 2223 879 x*

1964 885 2059 907 dinariis.
2068 887 2113 908 etc„
2121 884 2148 905 (le
2191 898 2195 902 ⁴

1964 911 2084 932 relaxandis
2107 911 2149 936 nis,
2193 906 2207 933 ⁸,

1965 938 2001 964 qui
2028 937 2149 958 carceribus
2180 963 2182 965 v

1964 964 2097 989 dementum

2167 1715 2205 2258 ⁷5³2ae-eraereazassemaeussaemaffi
2178 1675 2199 1694 if
2183 1654 2191 1658 =
2188 1621 2198 1632 -.
2184 1591 2193 1606 «
2198 1538 2206 1557 ,

2171 2470 2179 2478 ·
2164 2317 2192 2430 ἐᾷ’“·“’ὶω4ἑ
2168 2272 2190 2310 {2⁴²

1981 2426 2006 2447 Et
2014 2426 2040 2447 ile
2050 2431 2091 2448 non
2098 2425 2149 2447 reci·
2167 2435 2192 2451 :-

1967 2453 2050 2480 pieudis
2078 2455 2149 2474 contra

1967 2486 1985 2501 es
1993 2485 2003 2501 s
2010 2479 2150 2501 delationibus
2159 2480 2186 2502 «ἲ

1966 2512 2004 2534 per
2013 2506 2126 2529 biennium.
2164 2505 2180 2531 ’ἆ
