2227 3241
269 281 319 310 An.
335 280 364 309 C.
384 281 452 311 1606

313 611 452 635 Annullutque

286 637 372 663 uidquid
391 637 453 657 suerit

277 666 346 684 actum
378 665 451 684 contra

270 689 337 710 dictas
347 691 419 712 literas
431 697 452 711 a·

270 718 393 741 pontoneis.

309 1043 454 1072 Exeqnutores

269 1071 331 1092 huius
354 1074 454 1093 constitu·

269 1099 331 1119 tionis
347 1099 441 1127 deputam

302 2055 410 2077 clausulas
426 2058 451 2077 de

276 2085 395 2111 rogatorias
423 2090 461 2109 ap-

276 2110 340 2133 pontt.

501 272 564 307 296

467 437 632 471 universos
646 443 677 471 et
694 438 837 481 singulos
851 439 912 472 illis
926 440 999 482 frui,
1020 441 1065 474 uti
1087 447 1117 475 et
1129 452 1207 484 gau-

467 491 554 532 dere,
571 491 637 532 ubi,
655 493 784 536 quando
805 498 836 526 et
857 494 982 537 quoties
999 504 1080 540 opus
1096 496 1202 538 fuerit,

467 554 560 588 posse
574 550 604 578 et
615 545 744 587 debere,
754 545 784 579 in
798 547 948 581 omnibus
962 553 992 581 et
1005 559 1063 592 per
1076 548 1206 591 omnia¹3

513 599 529 639 ξ
547 596 576 630 8.
600 597 715 642 Sicque
734 609 793 643 per
806 609 1028 645 quoscumque
1041 601 1162 636 iudices
1177 608 1208 636 et

468 650 721 693 commissarios,
743 653 852 696 quavis
873 655 1061 688 auctoritate
1078 656 1208 698 fungen-

469 710 526 744 teS,
543 714 579 738 ac
599 715 768 738 causarum
790 707 899 740 Palatii
921 708 1096 752 Apostolici
1117 709 1207 743 audi-

468 762 554 790 tores
579 763 610 791 et
633 758 663 791 S.
686 759 721 792 R.
739 759 772 792 E.
797 760 986 802 cardinales,
1015 762 1150 796 iudicari
1177 769 1207 797 et

468 810 596 844 deliniri
618 812 746 854 debere,
761 823 797 847 ac
811 813 938 847 irritum
958 820 987 848 et
1008 815 1102 849 inane
1116 816 1209 860 quid-

468 864 544 908 quid
565 875 656 899 secus
676 877 773 910 super
790 866 838 900 his
862 878 879 900 a
899 878 1074 912 quoquam,
1099 870 1209 913 quavis

468 918 669 961 auctoritate,
693 920 832 953 scienter
852 921 898 954 vel
921 921 1116 965 ignoranter,
1137 933 1208 957 con-

469 971 577 1014 tigerit
596 973 756 1007 attentari.

514 1027 530 1068 ξ
551 1024 583 1059 9.
605 1026 761 1066 Quocirca
779 1027 903 1063 dilectis
920 1029 994 1065 filiis
1007 1030 1118 1065 Curiae
1133 1041 1208 1066 cau-

469 1089 577 1112 sarum
596 1079 748 1116 Gamerae
768 1083 971 1127 Apostolicae
992 1085 1134 1128 generali
1153 1096 1208 1119 au-

470 1132 566 1167 ditori
595 1139 626 1167 et
655 1136 851 1179 apostolicae
880 1137 969 1172 Sedis
1001 1139 1154 1182 delegatis
1180 1146 1211 1173 et

468 1186 595 1220 nunciis
622 1197 681 1232 per
709 1200 894 1233 praesentes
920 1192 1153 1225 committimus
1179 1198 1210 1226 et

470 1240 671 1284 mandamus,
681 1248 838 1286 quatenus
848 1244 907 1288 ipsi
917 1245 963 1278 vel
979 1245 1054 1288 duo,
1064 1251 1119 1279 aut
1128 1256 1210 1280 unus

468 1303 593 1335 corum,
603 1305 662 1339 per
673 1306 718 1336 se,
731 1297 776 1329 vel
791 1297 902 1339 alium,
912 1308 966 1332 seu
985 1299 1074 1341 alios,
1092 1300 1211 1334 saciant

468 1348 659 1381 auctoritate
687 1353 793 1383 nostra
821 1357 1006 1394 praesentes
1034 1353 1153 1387 litteras
1181 1360 1211 1388 et

470 1400 498 1432 in
529 1400 573 1434 eis
603 1408 753 1436 contenta
777 1415 1000 1450 quaecumque
1024 1417 1135 1440 eorum
1167 1408 1210 1441 es—

472 1455 588 1487 l'ectum
607 1455 726 1497 sortiri,
750 1456 876 1501 illisque
899 1469 1010 1494 omnes
1036 1471 1116 1505 quos
1135 1472 1210 1497 cou-

471 1514 608 1540 cernunt
639 1509 772 1552 pacifice
801 1512 861 1544 srui
898 1518 927 1545 et
955 1514 1113 1556 gaudere:
1146 1526 1210 1550 nou

471 1561 691 1603 permittentes
717 1565 901 1609 quempiam
933 1568 1071 1612 desuper
1100 1576 1210 1603 contra

472 1613 688 1654 praesentium
725 1621 867 1650 tenorem
897 1629 955 1661 per
988 1629 1209 1665 quoscumque

472 1666 714 1707 quomodolibet
729 1668 868 1703 indebite
884 1673 1043 1706 molestari
1058 1685 1063 1710 2
1085 1680 1211 1707 eontra-

473 1717 612 1752 dictores
625 1722 785 1764 quoslibet
799 1729 829 1756 et
842 1724 978 1758 rebelles
990 1736 1048 1769 per
1062 1737 1212 1761 censuras

473 1777 501 1803 et
524 1782 643 1815 poenas
664 1775 893 1811 ecclesiasticas
911 1783 938 1811 et
954 1779 1016 1812 alia
1029 1786 1212 1824 opportuna

474 1824 551 1858 iuris
572 1832 602 1859 et
623 1827 695 1861 sacti
721 1831 862 1864 remedia
886 1832 1113 1876 (appellatione
1134 1846 1212 1879 qua-

474 1888 612 1923 rumque
638 1882 830 1927 postposita)
849 1888 1095 1929 compescendo,
1125 1888 1213 1922 invo-

475 1937 545 1965 vato
566 1933 660 1966 etiarn
680 1936 719 1968 ad
734 1936 804 1971 hoc,
825 1937 849 1970 si
872 1948 951 1982 opus
977 1940 1078 1982 suerit,
1095 1942 1212 1976 auxilio

476 1984 598 2019 brachii
613 1989 795 2023 saecularis.

521 2041 537 2082 ξ
560 2039 609 2073 10.
633 2041 702 2075 Non
728 2044 928 2080 obstantibus
953 2050 1149 2092 praemissis,
1178 2062 1213 2085 ac

476 2093 547 2135 piae
562 2096 736 2130 memoriae
757 2098 908 2133 Bonifacii
925 2102 1028 2146 Papae
1044 2103 1111 2137 Vttt
1125 2114 1213 2148 prac-

477 2146 652 2181 decessoris
674 2151 772 2184 nostri
799 2152 836 2185 de
863 2157 937 2195 una,
966 2161 996 2188 et
1021 2155 1051 2189 in
1077 2157 1213 2191 concilio

476 2202 616 2241 generali
632 2203 714 2236 edim
729 2205 768 2239 de
782 2206 906 2241 duabus
920 2208 1022 2251 dietis,
1037 2210 1213 2245 dummodo

476 2259 559 2291 ultra
580 2265 643 2293 tres
664 2259 763 2293 dietas
781 2260 895 2304 aliquis
915 2263 1105 2297 auctoritate
1123 2275 1215 2308 prae-

476 2312 614 2346 sentium
633 2313 672 2346 ad
688 2313 840 2346 iudicium
860 2324 922 2347 non
950 2316 1106 2357 trahatur,
1127 2317 1214 2351 aliis-

477 2376 539 2408 que
559 2366 858 2408 ‘fconstitutionibus
895 2374 925 2401 et
956 2370 1214 2404 ordinationibus

477 2418 682 2462 apostolicis,
711 2430 747 2453 ac
768 2420 911 2455 eiusdem
941 2422 1090 2465 Ordinis,
1119 2422 1213 2458 etiam

478 2470 659 2505 iuramento
672 2500 679 2513 ,
696 2472 942 2508 confirmatione
956 2477 1139 2520 apostolica,
1168 2477 1215 2511 vel

479 2525 590 2568 quavis
611 2525 762 2560 firmitate
784 2527 844 2560 alia
857 2528 1027 2570 roboratis,
1045 2531 1168 2564 statutis
1187 2536 1217 2564 et

480 2578 776 2620 consuetudinibus,
803 2581 979 2624 privilegiis
1003 2593 1143 2626 quoque,
1170 2584 1216 2616 in-

515 2648 526 2673 1
551 2647 630 2675 Deest
649 2648 692 2676 hle
712 2650 751 2677 vel
772 2650 797 2677 in
815 2651 866 2677 line
881 2653 894 2685 5
908 2659 964 2688 seq.
985 2652 1094 2681 verbum
1120 2654 1215 2682 dece-t·-

481 2692 577 2719 nimus
592 2693 632 2726 (n.
650 2694 698 2721 rt.

1040 283 1219 310 BULLARIUM
1244 283 1397 310 ROMANUM

465 331 577 372 nei-ali,
598 330 777 372 abbatibus,
805 331 969 376 prioribus
980 332 1129 377 ‘aliisque
1153 344 1206 367 su·
1240 333 1336 367 dultis
1357 338 1387 366 et
1406 332 1520 367 litteris
1538 333 1734 378 apostolicis,
1749 334 1852 369 eidem
1867 335 1979 370 Ordini

465 384 647 428 perioribus
668 390 698 418 et
717 385 868 419 fratribus
891 386 1072 429 suffragari,
1087 398 1206 432 eosque
1241 387 1390 431 illiusque
1410 387 1518 421 abbati
1536 387 1678 430 generali
1694 398 1751 421 seu
1766 389 1937 424 abbatibus
1950 396 1982 425 et

1240 440 1403 484 prioribus
1423 440 1558 484 aliisque
1583 441 1806 485 superioribus
1825 448 1856 476 et
1875 449 1980 478 recto-

1241 493 1352 535 ribus,
1376 493 1434 526 sub
1465 494 1725 538 quibuscumque
1757 496 1924 530 tenoribus
1947 503 1979 531 et

1242 546 1365 588 formis,
1387 557 1423 579 ac
1445 557 1516 580 cum
1539 546 1703 591 quibusvis
1728 547 1825 581 etiam
1847 549 1982 593 deroga-

1243 599 1398 633 toriarum
1422 600 1644 643 derogatoriis,
1668 601 1805 646 aliisque
1825 602 1983 637 efficacio-

1242 653 1330 686 ribus
1351 658 1382 687 et
1395 653 1530 687 insolitis
1547 653 1709 695 clausulis,
1730 665 1766 688 ac
1784 655 1983 690 irritantibus

1242 712 1272 740 et
1289 706 1360 741 aliis
1381 707 1529 748 decretis,
1546 707 1576 741 in
1590 718 1708 750 genere
1733 709 1781 742 vel
1802 709 1834 742 in
1852 711 1979 754 specie,

1242 771 1278 794 ac
1296 760 1372 794 alios
1386 760 1418 793 in
1436 761 1632 794 contrarium
1647 762 1892 806 quomodolibet
1905 773 1982 797 con-

1243 814 1348 855 cessis,
1373 813 1572 848 confirmatis
1593 820 1622 848 ct
1642 815 1838 859 approbatis.
1863 816 1984 856 Quibus

1242 868 1394 901 omnibus
1415 874 1444 901 et
1462 868 1607 911 singulis,
1631 869 1726 902 etiam
1745 870 1771 903 si
1792 870 1832 904 de
1849 870 1911 905 illis
1928 882 1984 906 eo-

1242 931 1380 965 rumque
1401 921 1473 955 totis
1488 922 1653 956 tenoribus
1663 923 1822 967 specialis,
1837 934 1983 969 expressa

1242 975 1291 1008 vel
1313 974 1499 1017 individua,
1517 985 1553 1009 ac
1578 975 1617 1010 de
1641 976 1740 1010 verbo
1768 977 1807 1011 ad
1835 977 1980 1020 verbum,

1243 1038 1307 1062 non
1326 1034 1432 1062 autem
1454 1039 1512 1073 per
1530 1029 1690 1063 clausulas
1709 1031 1877 1073 generales
1897 1031 1982 1066 idem

1244 1082 1465 1126 importantes,
1487 1082 1608 1117 mentio
1626 1093 1682 1116 seu
1702 1084 1833 1127 quaevis
1849 1084 1912 1118 alia
1932 1095 1984 1119 ex-

1242 1135 1366 1180 pressio
1379 1135 1528 1169 habenda
1539 1141 1631 1178 esset,
1649 1142 1775 1171 tenores
1787 1137 1985 1180 huiusmodi,

1243 1200 1279 1223 ac
1301 1189 1324 1223 si
1352 1189 1390 1224 de
1415 1189 1512 1223 verbo
1532 1190 1571 1223 ad
1598 1189 1730 1224 verbum
1752 1191 1980 1235 insererentur,

1242 1242 1466 1287 praesentibus
1485 1253 1546 1287 pro
1564 1243 1720 1288 expressis
1737 1243 1904 1287 habentes,
1922 1245 1984 1280 illis

1244 1296 1322 1330 alias
1342 1296 1373 1329 in
1387 1306 1445 1330 suo
1460 1296 1576 1330 robore
1589 1297 1820 1341 permansuris,
1841 1297 1901 1332 hac
1917 1298 1985 1332 vice

1245 1350 1409 1383 dumtaxat
1431 1349 1613 1394 specialiter
1627 1355 1655 1382 et
1679 1360 1826 1394 expresse
1847 1351 1985 1395 deroga-

1245 1413 1327 1445 mus,
1346 1403 1516 1437 contrariis
1529 1403 1796 1448 quibusmunque,
1817 1410 1871 1438 aut
1887 1404 1913 1439 si
1930 1405 1987 1439 ati-

1244 1456 1361 1500 quibus
1387 1456 1602 1490 eommuniter
1625 1456 1672 1489 vel
1692 1456 1816 1490 divisim
1838 1457 1878 1490 ab
1895 1458 1983 1502 Apo-

1245 1509 1353 1543 stolieft
1375 1510 1414 1543 sit
1431 1509 1511 1543 Sede
1534 1510 1705 1550 indultum,
1723 1511 1808 1555 quod
1823 1511 1982 1553 interdici,

1244 1563 1397 1608 suspendi
1419 1563 1465 1596 vel
1481 1563 1754 1597 excommunicari
1776 1574 1840 1597 non
1860 1565 1984 1609 possint

1244 1627 1302 1660 per
1319 1616 1441 1650 litteras
1453 1617 1646 1661 apostolicas
1663 1628 1726 1651 non
1749 1618 1902 1652 facientes
1917 1618 1986 1663 ple-

1245 1680 1318 1703 nam
1338 1676 1365 1704 et
1380 1681 1559 1715 expressam
1582 1681 1617 1704 ac
1638 1671 1677 1704 de
1690 1671 1785 1705 verbo
1799 1672 1984 1706 adverbum

1245 1723 1284 1757 de
1305 1723 1429 1757 indulto
1443 1724 1628 1758 huiusmodi
1647 1724 1854 1758 mentionem.

1291 1779 1306 1820 g
1328 1777 1379 1809 fl'l.
1402 1777 1558 1811 Volumus
1580 1784 1686 1811 autem
1708 1785 1742 1812 ut
1761 1779 1980 1823 praesentium

1247 1831 1465 1875 transumptis,
1495 1831 1589 1865 etiam
1616 1832 1788 1876 impressis,
1810 1843 1907 1867 manu
1929 1833 1986 1867 ali-

1246 1884 1336 1919 cuius
1352 1885 1468 1918 notarii
1486 1885 1607 1929 publici
1627 1886 1826 1934 subscriptis,
1839 1892 1869 1920 et
1881 1886 1986 1931 sigillo

1245 1949 1402 1983 personae
1421 1939 1449 1971 in
1465 1939 1620 1982 dignitate
1637 1939 1848 1973 ecclesiastica
1869 1940 1986 1974 consti-

1247 1997 1333 2025 tutae
1355 1992 1497 2033 munitis,
1518 1993 1628 2026 cadem
1649 2003 1780 2036 prorsus
1800 1992 1879 2027 fides
1896 1993 1986 2027 adhi-

1246 2047 1371 2088 beatur,
1387 2057 1469 2091 quae
1489 2047 1565 2091 ipsis
1579 2047 1803 2091 praesentibus
1818 2047 1984 2081 adhibere-

1248 2107 1299 2135 tur
1320 2101 1343 2134 si
1366 2101 1468 2134 forent
1484 2100 1642 2134 exhibitae
1655 2101 1703 2134 vel
1725 2106 1880 2134 ostensae.

1291 2155 1403 2189 Datum
1430 2155 1551 2188 Romae
1573 2154 1658 2198 apud
1683 2159 1829 2187 sanctum
1854 2153 1983 2188 Petrum

1247 2209 1306 2243 sub
1339 2209 1459 2243 annulo
1491 2208 1663 2242 piscatoris
1696 2208 1747 2242 die
1777 2218 1843 2242 xvu
1877 2207 1983 2242 martii

1247 2273 1356 2303 MDCVl,
1372 2262 1582 2307 pontificatus
1599 2261 1702 2296 nostri
1722 2272 1808 2295 anno
1826 2272 1860 2296 11.

1282 2317 1343 2343 Dat.
1361 2316 1403 2344 die
1426 2317 1456 2343 17
1472 2315 1562 2343 martii
1583 2315 1659 2350 1606,
1675 2315 1767 2351 pontif·
1785 2323 1827 2342 an.
1845 2321 1872 2341 u.

1545 2449 1679 2482 xxxin.

1249 2529 1368 2574 Leyato
1399 2529 1619 2564 Avenionensi
1643 2528 1776 2572 eiusque
1811 2526 1986 2572 viceleqato

1295 2582 1480 2616 conceditur
1503 2583 1643 2625 facultas
1663 2581 1883 2623 confirmandi
1897 2585 1988 2614 tran-

1293 2635 1468 2668 sactionem
1489 2645 1587 2680 super
1607 2634 1695 2667 bullo
1712 2635 1801 2677 regio
1821 2633 1857 2666 in
1866 2633 1988 2677 pannis

1294 2688 1426 2729 sericis,
1457 2688 1514 2732 qui
1549 2688 1583 2721 in
1617 2687 1746 2721 civitate
1770 2686 1990 2721 Avem‘onensi
