2227 3241
260 283 311 311 An.
329 284 358 311 c.
377 283 443 311 ¹607
489 273 553 307 430

1034 279 1217 305 BULLAmnM

462 331 536 364 teris
566 330 692 374 plenius
718 329 934 363 continetur¹.
963 328 1038 362 Cum
1066 334 1195 368 autem,

461 385 541 418 sicut
557 383 668 417 eadem
688 383 842 427 expositio
859 383 1084 425 subiungebat,
1102 382 1199 415 infor·

462 437 559 470 matio
574 447 589 470 a
606 437 765 481 principio
780 442 934 480 quantum
954 436 1098 480 quolibet
1115 445 1198 469 anno
1215 452 1216 463 2

461 501 477 523 a
509 496 583 524 tune
615 490 759 534 proxime
792 489 988 534 praeterito,
1030 489 1066 522 iis
1099 482 1217 522 tt-ibusl

460 542 579 584 annis&
616 543 711 577 fertili
737 554 809 577 cum
833 543 933 577 sterili
959 542 1197 587 compensatis,

460 607 518 641 pro
537 596 670 630 decimis
691 603 721 630 et
741 596 891 641 primitiis
911 596 1083 641 praedictis
1104 596 1200 629 eccle-

459 650 524 691 siis,
553 650 755 683 monasteriis
776 656 806 683 et
823 650 883 695 piis
903 649 981 683 locis
998 649 1197 694 persolutum

459 702 578 744 suisset,
603 703 688 737 iuxta
713 704 901 737 earumdem
927 703 1109 736 litterarum
1137 702 1200 735 sor-

460 766 545 789 mam
578 757 658 791 sacta
690 768 753 791 non
781 757 898 798 suerit,
927 756 1005 791 sed³
1029 762 1198 801 postquam

460 819 561 854 aquae
579 821 637 854 pro
652 810 823 853 irrigandis
839 810 930 844 terris
943 809 1128 844 huiusmodi
1143 820 1201 854 per

461 862 566 896 foveas
595 869 625 897 et
656 863 775 897 rivulos
804 874 876 898 cum
907 863 1032 907 magnis
1056 863 1201 907 expensis

460 916 563 950 dictus
587 916 718 951 Carolus
743 917 919 961 imperator
950 922 979 950 et
1004 927 1058 950 rex
1084 916 1199 949 deduci

461 969 597 1011 fecisset,
621 976 651 1003 et
676 971 788 1004 exinde
819 970 1053 1004 habitatoribus
1074 980 1200 1003 earum-

461 1024 532 1058 dem
559 1025 697 1069 partium
728 1025 847 1058 utilitas
880 1031 908 1058 et
939 1025 1111 1059 commoda
1136 1035 1199 1058 non

461 1087 557 1121 parva
578 1077 816 1121 provenissent,
845 1089 940 1122 super
965 1077 1178 1111 excrescentia
1192 1077 1219 1093 ⁴*

462 1130 658 1164 decimarum
681 1137 709 1164 et
737 1132 964 1175 primitiarum,
989 1132 1082 1164 etiam
1105 1141 1200 1164 nova-

462 1184 551 1225 lium,
579 1185 691 1219 Cat-010
717 1185 903 1229 imperatori
927 1191 955 1218 et
982 1185 1058 1227 regi,
1076 1196 1111 1218 ac
1132 1195 1200 1217 suc-

461 1238 579 1272 cessive
605 1239 707 1272 eidem
734 1239 882 1283 Philippo
904 1239 969 1281 regi
992 1239 1060 1272 eius
1077 1248 1201 1272 succes-

461 1292 537 1333 sori,
566 1303 630 1325 non
657 1292 741 1326 iuxta
762 1292 940 1325 litterarum
964 1292 1199 1336 praedictarum

462 1346 610 1386 formam,
634 1347 688 1379 sed
709 1347 794 1379 iuxta
812 1346 1079 1387 aestimationem,
1102 1356 1200 1389 quan-

463 1405 527 1433 tum
550 1399 682 1442 singulis
704 1399 794 1432 annis
813 1400 955 1433 decimae
974 1405 1003 1432 et
1028 1399 1198 1443 primitiae,

462 1452 569 1485 habita
590 1453 712 1485 ratione
731 1453 923 1496 pluviarum,
945 1458 1076 1496 propter
1094 1452 1203 1484 huius-

463 1506 549 1539 modi
569 1506 770 1549 irrigationes
791 1505 1000 1546 excreverint,
1026 1506 1106 1538 sacta
1127 1506 1198 1538 fuit:
1218 1505 1220 1521 ἦ

463 1568 491 1594 et
518 1562 592 1605 quia
618 1562 720 1594 forma
747 1561 931 1594 huiusmodi
958 1561 1048 1593 valde
1080 1561 1201 1593 incom-

463 1616 559 1649 moda
573 1621 603 1649 et
620 1615 836 1659 dispendiosa,
861 1626 896 1648 ae
919 1621 1046 1659 praeter
1067 1616 1201 1648 formam

463 1669 640 1703 litterarum
674 1669 912 1713 praedictarum
951 1668 1201 1712 apostoticarum

463 1723 577 1764 existit,
602 1723 641 1756 ob
664 1733 726 1756 non
755 1723 881 1763 factam,
910 1728 943 1755 ut
968 1723 1158 1766 praefertur,
1187 1732 1221 1754 a*

464 1776 621 1820 principio
647 1776 811 1813 ecclesiis,
847 1775 1050 1809 monasteriis
1075 1780 1105 1808 et
1135 1775 1204 1807 aliis

463 1830 542 1863 loeis
563 1830 736 1874 praedictis
761 1830 1022 1872 assignationem,
1048 1829 1133 1861 iuxta
1154 1839 1203 1861 ea-

464 1885 611 1918 rumdem
644 1885 823 1918 litterarum
850 1884 1099 1927 apostolicarum
1133 1883 1200 1915 sor-

466 1948 568 1970 mam:
586 1938 596 1954 ⁵
621 1938 737 1981 quibus
762 1937 913 1971 omnibus
938 1948 995 1980 per
1020 1936 1222 1980 Philippum,

465 2001 571 2034 regem
592 1997 621 2024 et
642 1991 919 2035 arcl‘tiepiscopum
941 1990 1223 2032 Caesaraugusta-2

465 2055 540 2077 num
568 2051 597 2078 et
624 2045 775 2078 interesse
801 2045 955 2078 habentes
982 2049 1106 2076 mature
1128 2052 1204 2076 con-

465 2161 565 2187 mentis
582 2160 637 2187 Vlll
654 2160 852 2187 Constitutione
870 2168 931 2186 vera
955 2159 1035 2185 lectio
1049 2159 1206 2193 persolven-

465 2205 534 2232 dum
551 2205 688 2240 reperitur
702 2206 740 2239 (tt.
760 2205 807 2238 Τ.).
1189 2211 1191 2214 ⁴

502 2251 511 2276 t
536 2250 697 2276 Praedictae
723 2249 831 2275 litterae
857 2253 913 2275 tum
936 2248 997 2274 Iulii
1017 2247 1041 2274 lt
1062 2251 1119 2274 tum
1145 2248 1224 2274 Cle-t

466 2295 564 2321 montis
579 2294 625 2321 Vll
641 2297 666 2320 et
684 2294 758 2320 Pauli
777 2294 809 2320 lIl
827 2301 881 2320 non
907 2296 971 2320 sunt
991 2294 1018 2319 in
1034 2292 1110 2319 Bau.
1129 2292 1204 2328 [affl.

501 2340 516 2365 ‘2
538 2339 679 2365 videretur
694 2339 840 2371 l·=geii‹lt.1111
863 2342 892 2363 ut
909 2338 989 2373 paulo
1006 2341 1084 2364 ante:
1103 2346 1120 2363 a
1142 2341 1207 2364 tunc
1223 2360 1225 2369 ,

463 2383 596 2418 proxime
610 2383 774 2418 praeteritis
791 2383 883 2410 tribus
899 2383 984 2409 antiis
995 2404 1001 2415 ,
1017 2385 1043 2409 et
1059 2383 1152 2409 revera
1169 2382 1207 2408 sit·

467 2429 567 2462 legitur
591 2429 641 2455 ltoc
671 2428 728 2455 loco
758 2427 784 2454 in
807 2427 954 2462 pram-itata
975 2426 1122 2453 Clementis
1149 2425 1225 2452 vlttt

467 2472 665 2500 Constitutione
680 2473 717 2507 (tt.
734 2474 783 2507 'r.).

502 2517 518 2543 3
537 2516 718 2551 Subintellige
734 2519 810 2552 sacta
825 2517 914 2551 fuerit
934 2524 968 2550 ¹te.
985 2524 1000 2542 τ
1016 2518 1032 2545 l.

503 2563 518 2588 -l
537 2562 578 2589 Sic
599 2561 662 2589 edit.
679 2561 777 2592 Main.;
799 2565 826 2588 at
846 2561 985 2587 videretur
1005 2560 1095 2594 potius
1116 2560 1208 2594 tegen-

467 2607 532 2633 ‹lum
554 2607 712 2641 persolutio
733 2605 1026 2641 superea-crescentiae
1045 2612 1078 2640 ⁸n.
1096 2606 1145 2637 T.).

503 2652 519 2679 5
539 2652 633 2686 Aptius
653 2652 783 2686 syntaxis,
805 2654 833 2677 ut
854 2650 976 2679 videtur,
999 2650 1150 2684 requireret
1170 2648 1206 2674 le-

468 2697 597 2730 gendum:
617 2697 678 2724 [cleo
693 2697 737 2724 his
750 2696 916 2724 omnibus...
928 2694 1116 2722 consideratis
1128 2698 1153 2728 ζῆ
1169 2693 1204 2727 τ).

1237 279 1390 304 ΒοΜΑΝυΜ

1232 328 1388 368 sideratis,
1417 327 1589 371 audiuitque
1615 327 1793 370 peritorum
1819 327 1850 360 in
1876 335 1969 371 prae-

1235 381 1337 414 missis
1350 380 1519 421 sententia,
1537 391 1573 413 ac
1589 379 1697 414 habita
1716 379 1851 421 ratione,
1868 389 1970 424 quan-

1235 441 1299 468 tum
1326 433 1491 468 annuatim
1524 433 1629 475 (dicta
1660 432 1831 477 posteriori
1855 433 1968 474 forma,

1235 499 1291 532 per
1322 498 1386 527 eos,
1414 493 1449 521 ut
1474 487 1665 532 praefertur,
1694 486 1837 530 servata>
1865 487 1968 520 eccle-

1234 542 1300 584 siis,
1329 541 1530 576 monasteriis
1551 547 1580 574 et
1604 540 1682 574 locis
1709 539 1881 584 praedictis
1908 540 1968 574 ob-

1236 596 1355 630 venerit
1367 596 1405 628 ab
1416 605 1500 629 anno
1511 605 1643 629 itnvau
1654 594 1694 627 ad
1704 604 1823 627 annum
1838 602 1972 634 noxum,

1235 661 1251 684 a
1269 661 1333 694 quo
1352 656 1498 694 tempore
1513 655 1616 682 terrae
1634 647 1910 692 infrascriptorum
1926 647 1973 681 lo-

1235 715 1346 738 corum
1367 704 1554 748 irrigantur,
1576 708 1612 737 ut
1631 714 1666 737 ex
1688 701 1890 747 processibus
1910 711 1970 745 ap·

1234 764 1336 802 paret,
1348 757 1538 791 eorumdem
1552 756 1730 801 peritorum
1745 754 1890 789 adhibito
1901 763 1974 788 con-

1234 810 1316 852 silio,
1338 810 1553 854 omnibusque
1570 809 1630 843 rite
1647 814 1678 842 et
1696 814 1782 843 recte
1800 818 1836 842 ac
1849 812 1974 841 mature

1235 863 1443 904 examinatis,
1479 863 1561 896 inter
1595 862 1780 907 Philippum
1805 870 1913 904 regem
1943 865 1974 894 et

1236 918 1355 951 dictum
1377 917 1656 962 archiepiscopum
1674 922 1705 950 et
1721 916 1800 950 alios
1821 915 1974 949 interesse

1237 972 1400 1013 habentes,
1417 972 1457 1005 ad
1474 971 1660 1005 huiusmodi
1674 970 1772 1004 verbo
1787 969 1832 1003 vel
1852 969 1884 1002 in
1896 968 1974 1003 scri-

1217 1046 1219 1051 ,
1236 1026 1297 1070 ptis
1311 1026 1481 1060 deventum
1500 1025 1557 1058 suit
1572 1023 1793 1064 concordiam,
1812 1022 1970 1056 videlicet:

1235 1080 1322 1123 quod
1343 1078 1495 1121 ecclesiis,
1520 1077 1722 1113 monasteriis
1740 1082 1770 1110 et
1788 1076 1859 1110 aliis
1877 1076 1975 1110 bene·

1237 1133 1350 1167 finiatis
1383 1132 1565 1167 huiusmodi
1600 1132 1698 1166 semel
1731 1131 1909 1174 assignetur
1944 1129 1974 1162 id

1236 1187 1323 1231 quod
1337 1187 1456 1220 habere
1469 1192 1499 1220 et
1514 1185 1667 1230 consequi
1684 1185 1818 1219 debent:
1836 1193 1899 1217 non
1920 1193 1975 1216 au-

1237 1246 1298 1274 tem
1326 1241 1364 1273 ad
1391 1239 1560 1273 arbitrium
1593 1245 1623 1272 et
1656 1244 1751 1283 prout
1775 1245 1974 1281 unoquoque

1218 1304 1321 1327 ¹anno
1346 1293 1444 1338 pluit,
1474 1299 1503 1326 et
1527 1292 1619 1326 aliter
1640 1291 1743 1336 campi
1777 1290 1972 1333 irrigantur,

1218 1349 1289 1387 jsed
1317 1348 1346 1380 in
1369 1348 1407 1381 de
1435 1346 1575 1380 Banuel'
1603 1345 1750 1380 videlicet
1772 1344 1914 1388 quinque
1939 1354 1975 1376 ex

1218 1394 1299 1449 {sex,
1324 1407 1351 1434 et
1376 1401 1404 1433 in
1422 1401 1460 1433 de
1477 1401 1587 1434 Cortes
1607 1400 1689 1434 duae
1710 1409 1746 1432 ex
1760 1398 1874 1438 tribus,
1895 1407 1976 1431 nec-

1219 1482 1220 1486 ,
1238 1465 1300 1488 non
1317 1455 1346 1487 in
1363 1455 1400 1487 de
1419 1454 1541 1487 Malen²
1567 1459 1629 1486 tres
1649 1463 1684 1486 ex
1705 1451 1850 1496 quinque
1870 1449 1972 1495 parti-

1238 1509 1295 1541 bus
1331 1508 1388 1552 ipsi
1424 1507 1571 1550 Philippo
1607 1505 1672 1548 regi
1690 1533 1696 1545 ‚
1733 1505 1876 1548 reliquae
1901 1513 1976 1536 vero

1239 1568 1343 1606 partes
1360 1561 1530 1595 Ordinatio
1549 1566 1578 1594 et
1598 1559 1667 1592 aliis
1686 1560 1839 1592 interesse
1857 1557 1977 1590 haben-

1239 1616 1333 1656 tibus,
1351 1627 1387 1648 ac
1413 1615 1443 1648 in
1459 1616 1497 1648 de
1522 1614 1621 1648 Galur
1631 1613 1652 1655 ³,
1677 1613 1754 1646 locis
1774 1622 1830 1646 seu
1850 1610 1977 1656 oppidis

1238 1670 1547 1712 Caesaraugustanae
1561 1667 1725 1710 dioecesis,
1736 1665 1890 1700 medietas
1906 1664 1978 1698 Phi-

1241 1725 1326 1769 lippo
1352 1724 1418 1766 regi
1434 1751 1440 1763 ‚
1470 1724 1595 1767 aliaque
1627 1722 1782 1755 medietas
1815 1721 1976 1753 fruetuum

1240 1778 1446 1812 decimalium
1463 1783 1492 1810 et
1506 1776 1728 1820 primitialium
1745 1780 1917 1814 terrarum,
1937 1771 1977 1806 ab

1220 1836 1222 1879 ξ
1240 1833 1372 1876 antiquo
1393 1831 1452 1865 coli
1479 1830 1657 1870 solitarum,
1679 1829 1783 1862 eidem
1805 1826 1977 1861 Ordinario

1241 1893 1269 1919 et
1291 1887 1441 1919 interesse
1460 1884 1652 1918 habentibus
1673 1881 1845 1927 praedictis
1862 1881 1977 1914 daren-

1242 1946 1302 1978 tur;
1330 1939 1423 1972 salvis
1449 1939 1478 1971 in
1504 1937 1637 1982 reliquis
1659 1936 1780 1970 iuribus
1800 1935 1874 1970 dicti
1897 1933 1974 1968 Phi—

1241 1994 1318 2038 lippi
1337 1993 1420 2036 regis
1441 2002 1537 2036 super
1555 1990 1687 2025 decimis
1708 1995 1738 2023 et
1762 1988 1911 2033 primitiis
1929 1987 1977 2022 di-

1241 2054 1365 2081 ctarum
1381 2053 1551 2087 terrarum,
1563 2055 1646 2090 quae
1660 2044 1699 2078 ab
1713 2054 1798 2077 anno
1812 2041 1979 2077 Mnxxxvt1⁴

1222 2114 1224 2145 g
1241 2101 1344 2135 cultae
1365 2100 1491 2134 fuerunt
1505 2127 1512 2139 ,
1536 2104 1566 2132 et
1586 2098 1692 2131 denuo
1719 2097 1869 2131 coluntur
1885 2101 1918 2130 et
1937 2095 1978 2128 ir-

1241 2155 1396 2198 rigantur,
1424 2159 1454 2187 et
1475 2159 1567 2187 antea
1587 2162 1652 2185 non
1669 2151 1868 2192 colebantur,
1896 2159 1977 2193 quae

1281 2246 1287 2270 l
1312 2243 1383 2270 Edit.
1405 2243 1487 2269 Main.
1505 2245 1562 2269 tum
1580 2241 1713 2268 hoiolum
1736 2241 1763 2266 in
1784 2239 1898 2267 Constit.
1921 2238 1979 2266 Cle-

1223 2298 1224 2306 *
1242 2289 1340 2316 mentis
1356 2287 1417 2314 Vlll
1437 2287 1502 2322 legit
1517 2287 1586 2314 iride
1601 2285 1746 2312 Banueli..
1765 2285 1831 2311 inde
1848 2284 1977 2311 Gortes..¹

1244 2334 1310 2360 [mle
1322 2333 1452 2360 Malen...
1471 2332 1534 2358 inde
1551 2331 1653 2362 Galur,
1670 2332 1809 2356 atccrtum
1821 2327 1888 2354 mihi
1907 2327 1980 2354 vide-

1224 2374 1225 2379 *
1243 2382 1287 2405 tur
1307 2376 1454 2411 tegendum
1466 2384 1526 2402 esse
1540 2376 1572 2402 in
1589 2375 1623 2400 de
1637 2373 1806 2405 Manuel,¹in
1823 2372 1858 2398 de
1874 2371 1978 2403 Cortex,

1224 2415 1225 2424 ¹
1244 2423 1269 2449 ιή
1286 2423 1319 2449 tle
1331 2423 1437 2455 Mulon,
1454 2421 1483 2447 in
1500 2420 1533 2446 de
1551 2420 1642 2447 Galm·
1657 2425 1755 2453 nempe
1772 2417 1838 2444 locis
1857 2418 1883 2442 et
1903 2415 1980 2450 oppi-

1243 2468 1297 2497 ctis,
1315 2471 1343 2493 ut
1360 2470 1454 2502 postea
1483 2465 1625 2499 sequitur:
1642 2462 1763 2497 alioquin
1789 2468 1900 2487 sensum
1925 2467 1978 2488 non

1224 2515 1226 2548 l
1242 2512 1366 2546 intelligo
1381 2512 1421 2544 (n.
1439 2510 1486 2542 T.{t.

1276 2558 1291 2584 Ξ
1312 2557 1341 2583 In
1359 2556 1473 2591 praecit.
1490 2554 1573 2581 ciem.
1590 2553 1650 2579 vm
1667 2551 1777 2579 constit.
1794 2551 1893 2584 legitur
1908 2550 1979 2576 Mol-

1242 2604 1303 2629 Iene
1317 2602 1355 2636 (a.
1372 2600 1418 2631 r).

1275 2647 1292 2672 3
1312 2646 1380 2673 lbid.
1395 2645 1496 2680 legitur
1513 2644 1612 2671 Gallia·-
1627 2647 1668 2677 (n.
1685 2643 1733 2677 r).

1276 2692 1291 2717 4
1311 2691 1405 2726 Aptius
1422 2690 1534 2716 sortasse
1550 2689 1614 2716 ibid.
1632 2688 1731 2722 legitur
1748 2692 1859 2712 >inurit
1878 2692 1914 2720 xn.
1929 2686 1977 2717 rs).
