2227 3241
57 271 106 296 An.
123 269 143 295 C
173 267 240 296 1608

84 1126 134 1147 Pius
146 1126 161 1145 V
178 1125 245 1146 iudul-

59 1155 102 1174 tuni
136 1152 245 1173 obtinendi

59 1180 172 1205 pensiones
192 1179 245 1199 mili·

60 1207 117 1226 titius
138 1205 183 1225 istis
198 1205 246 1225 abs-

59 1233 106 1253 urit
132 1234 152 1252 et
173 1232 245 1252 obten-

62 1262 94 1280 tas
108 1264 146 1285 pet·
165 1261 247 1278 conti-:i-

58 1285 245 1307 ctutumatriiiimiii

61 1317 137 1333 ian-:ire
152 1311 247 1332 decrevit

61 1340 81 1359 in
96 1338 245 1359 constitutione

61 1366 226 1387 Sarrosauctum.

95 2349 165 2370 satus
175 2350 190 2370 V
203 2350 253 2370 nut-

68 2375 107 2405 lam
117 2377 147 2397 l’ii
156 2376 172 2396 v
182 2377 253 2403 quoad

69 2405 120 2423 istos
136 2404 212 2424 milites
223 2410 254 2424 ro-

69 2430 153 2451 vomuit
171 2431 191 2451 in
203 2430 256 2451 (ion-

69 2455 175 2478 stitutione
184 2462 256 2481 cunt,

70 2484 119 2504 lom.
129 2490 147 2504 ix
154 2491 203 2510 pau.
211 2485 256 2509 ⁴90,

71 2509 237 2538 ‘'⁴''‘¹⁴''¹³1>⁶‘³‘⁴¹u
272 2508 406 2552 poribus
437 2507 624 2541 huiusmodi
654 2508 792 2549 milites,
816 2518 876 2551 pro
900 2508 956 2541 Dei
981 2514 1012 2542 et

887 266 1008 291 PAULUS
1033 266 1052 288 V
1076 265 1126 290 1³1¹.

254 317 331 349 cura
358 320 388 348 et
415 314 483 349 sine
503 317 590 356 cura,
613 314 826 348 saecularium
857 320 888 347 et
917 324 997 358 quo·
1029 313 1110 346 licae
1137 312 1336 351 defensione,
1367 321 1432 346 non
1453 311 1557 345 solum
1588 309 1715 354 saepius
1741 309 1774 343 in

253 368 374 402 rumvis
399 367 555 402 Ordinum
581 368 799 411 regularium,
827 367 993 407 fructibus,
1030 366 1162 400 diversis
1181 365 1440 410 expeditionibus
1460 370 1656 405 eontra,etc.
1675 363 1774 397 Omit-

253 421 480 465 proventibus‚
508 421 651 461 iuribus,
679 421 937 461 obventionibus,
966 426 996 453 et

254 474 495 516 emolumentis,
519 474 597 508 alias
621 474 682 507 sibi
708 474 861 507 canonice
887 483 992 506 reser-

255 528 386 569 vandas,
410 527 605 562 cumulative
633 537 705 560 cum
735 527 899 571 quibusvis
927 526 996 559 aliis

255 580 466 625 pensionibus
486 580 612 620 annuis,
636 590 715 624 quas
735 580 805 613 illos
830 590 866 613 ex
884 579 997 623 quovis

255 634 319 668 alio
350 634 518 678 privilegio
555 633 734 677 apostolico
763 643 822 677 pro
853 639 998 677 tempore

255 687 424 731 percipere
452 687 668 729 contingeret,
694 687 733 720 ad
763 687 857 720 vitam
888 686 995 730 perei-

255 751 343 785 pere,
361 741 488 784 exigere
509 746 540 774 et
556 740 673 781 levare,
692 750 726 773 ac
746 740 775 772 in
790 750 864 773 suos
880 750 956 773 usus
970 745 998 772 et

256 794 427 828 utilitatem
449 800 647 833 convertere,
672 793 772 826 libere
794 799 824 827 et
844 793 928 826 licite
946 803 999 826 va-

256 847 371 888 lerent,
394 852 493 891 prout
518 847 550 879 in
569 847 711 880 eiusdem
734 846 780 879 Pii
801 847 837 879 lv
858 846 996 890 praede-

258 899 394 934 cessoris
410 899 494 933 binis
514 899 639 940 litteris,
660 899 821 943 prioribus
846 899 998 932 nimirum

257 953 316 986 sub
330 953 476 986 kalendis
490 952 657 993 februarii,
675 952 912 996 posterioribus
925 962 1001 986 vero

258 1005 317 1039 sub
337 1005 432 1039 nonis
457 1005 527 1038 iulii
560 1006 688 1039 datum¹
722 1005 928 1049 pontificatus
952 1005 1001 1038 sui

259 1068 344 1092 anno
366 1058 458 1092 tertio
476 1058 639 1099 consectis,
660 1058 786 1103 plenius
806 1058 998 1092 continetur.

305 1113 322 1154 ς
350 1110 380 1144 9..
409 1111 593 1145 Successive
625 1122 700 1146 vero
728 1112 799 1156 piae
826 1111 1002 1145 memoriae

261 1164 334 1198 Pius
353 1164 439 1208 Papa
452 1164 487 1205 V,
504 1164 599 1197 etiam
620 1166 852 1209 praedecessor
872 1170 999 1205 noster,

260 1228 320 1262 per
349 1227 440 1251 suam
467 1227 549 1261 quae
576 1218 704 1262 incipit:
735 1219 1001 1257 Sacrosanetum,

262 1272 402 1315 desuper
422 1270 542 1305 editam
563 1272 856 1312 constitutionei·n'²,
878 1281 1004 1305 revoca-

261 1324 305 1358 vit
322 1330 354 1358 et
371 1324 509 1358 abolevit
523 1325 632 1358 onmia
650 1331 678 1358 ct
694 1336 920 1369 quaecumque
936 1326 1002 1370 pri-

261 1378 387 1421 vilegia,
416 1379 592 1420 facultates,
613 1379 869 1423 dispensationes
895 1386 923 1413 ct
950 1381 999 1413 in-

261 1433 350 1467 dulta
377 1433 578 1477 percipiendi
597 1433 719 1467 similes
739 1434 921 1478 pensiones.
940 1435 1003 1467 sru-

261 1494 330 1521 ctus
358 1494 389 1521 et
414 1487 491 1521 alias
521 1497 571 1521 res
592 1487 811 1527 ecelesiarum,
836 1494 1000 1521 monaste-

260 1541 384 1575 riorum
411 1547 441 1575 et
466 1541 604 1575 aliorum
630 1541 861 1575 beneficiorum
882 1548 910 1575 et
933 1543 1002 1574 otti-

261 1595 385 1629 ciorum
407 1595 711 1632 ecclesiasticortun,
735 1595 950 1628 saecularimn
974 1602 1004 1629 et

261 1649 473 1692 regularium,
502 1648 577 1682 dicti
597 1649 697 1682 sancti
719 1649 871 1693 Stephani
893 1655 1000 1683 caete-

262 1703 370 1747 risque
391 1703 508 1736 Militiis
526 1708 558 1736 et
575 1702 801 1747 hospitalibus,
824 1713 1003 1747 eorumque

263 1757 429 1798 militibus,
454 1757 606 1790 fratribus
631 1763 661 1790 et
680 1757 827 1802 personis
853 1764 914 1791 tam
934 1759 1001 1791 cle-

262 1811 337 1845 ricis
357 1821 454 1855 quam
487 1810 670 1853 coniugatis
688 1838 695 1852 ‚
719 1810 885 1854 quibusvis
907 1811 1004 1845 modo

264 1871 294 1898 et
307 1864 410 1897 forma
424 1874 461 1898 ae
474 1864 733 1908 quibuscumque
748 1864 786 1897 de
805 1864 909 1898 causis
929 1875 1005 1898 eon-

263 1929 351 1952 cessa
369 1924 399 1952 et
413 1918 602 1962 approbata,
620 1918 662 1951 ita
675 1919 762 1963 quod
777 1919 834 1962 ipsi
856 1919 920 1952 sive
934 1929 1006 1952 con-

263 1972 374 2015 iugati,
391 1972 458 2006 sive
478 1972 616 2016 bigami,
637 1972 702 2006 sive
726 1973 850 2014 clerici,
878 1973 943 2007 sive
967 1984 1002 2008 e-

265 2025 340 2059 tiam
359 2026 549 2070 presbyteri,
566 2026 669 2059 nullas
682 2026 720 2059 de
736 2032 864 2060 caetero
882 2027 1005 2071 recipe-

264 2084 345 2119 rent,
362 2079 418 2112 sed
443 2089 495 2112 eas
514 2079 609 2119 solas,
625 2090 704 2123 quas
730 2086 805 2112 tunc
829 2080 1003 2121 habebant,

264 2132 454 2173 retinerent,
477 2138 508 2166 et
537 2143 594 2166 eae
625 2143 755 2176 quoque
780 2143 838 2176 per
862 2134 1005 2166 futurum

265 2192 467 2220 contractum
495 2186 693 2220 matrimonii
711 2186 869 2220 extinctae
890 2197 1004 2221 cense-

266 2245 389 2280 rentur,
414 2246 512 2284 prout
532 2240 563 2273 in
584 2240 697 2274 endem
715 2240 943 2274 constitutione
964 2242 1008 2274 la-

269 2293 331 2327 tius
352 2293 547 2327 continetur.

314 2349 330 2390 g
360 2347 390 2380 3.
421 2347 630 2380 Postmodum
660 2348 851 2381 recolendae
880 2358 1005 2382 memo-

270 2400 336 2434 riae
353 2401 456 2435 Sixtus
476 2401 604 2444 PapaV,
617 2401 764 2435 similiter
781 2402 1010 2444 praedecessor

270 2459 391 2495 noster,
415 2454 623 2488 considerans
636 2454 700 2488 suis
713 2454 916 2498 potissimum
933 2460 1011 2488 tem-

272 2561 438 2595 ehristiani
460 2562 601 2595 nominis
628 2561 730 2604 gloria
755 2567 784 2594 et
806 2561 881 2595 fidei
903 2562 1013 2595 catho-

309 2633 320 2658 ¹
343 2631 416 2662 Quae
426 2633 554 2668 leguntur
564 2632 592 2659 in
603 2632 680 2659 Ball.
697 2636 759 2660 tom.
778 2632 822 2659 cit.
834 2641 860 2668 p.
873 2633 916 2659 tot
932 2633 1012 2667 (uxr).

307 2677 324 2703 2
344 2677 430 2708 Quam
451 2677 511 2704 vide
531 2677 598 2704 thid.
619 2686 680 2713 pag.
702 2678 754 2705 Ἴου
769 2678 809 2710 (n.
827 2678 874 2709 r).

323 2730 402 2758 Bull.
419 2731 503 2759 Ilom.
518 2747 550 2751 —-
570 2731 632 2760 Vot.
657 2732 707 2759 XI.
870 2731 904 2757 64

1031 420 1113 452 [ilar
1136 419 1316 459 residuum,
1332 418 1412 462 quia
1436 423 1501 451 tota
1526 418 1628 452 Bulla
1654 417 1775 461 quitttr

1031 472 1095 505 loco
1110 473 1161 505 lest·
1176 473 1211 505 in
1233 473 1382 515 maraine
1397 473 1552 505 indicato.

1076 525 1140 567 ξἰ.
1164 526 1241 559 Cum
1262 531 1390 566 autem,
1418 526 1499 559 sicut
1525 526 1617 559 nobis
1643 526 1772 559 innote-
1804 538 1976 590 Ρᾶυιιέῧιὲἒνῗιῗὲ

1031 579 1100 620 seit,
1118 579 1336 619 dictamina,
1354 580 1413 613 sub
1428 580 1575 614 felicibus
1589 580 1688 625 ipsius
1702 581 1776 613 Fer·
1791 592 1940 613 momentum

1032 633 1165 666 dinandi
1191 633 1298 675 magni
1321 633 1410 667 ducis
1444 633 1594 677 auspiciis
1610 661 1617 674 ,
1646 633 1775 667 sortium

1033 692 1063 720 et
1083 692 1290 720 strenuorum
1313 686 1465 725 militum,
1485 686 1722 731 triremumque
1747 692 1778 720 et

1033 740 1169 773 aliorum
1200 739 1401 782 navigiorum
1427 739 1551 773 bellicis
1586 746 1616 774 et
1640 740 1777 774 nauticis

1034 793 1241 837 apparatibus
1255 793 1377 837 optime
1391 793 1622 827 instructorum
1639 804 1776 827 numero

1035 847 1165 890 copioso
1184 852 1287 888 aucta,
1307 846 1433 890 ipsique
1447 847 1531 880 illius
1544 847 1671 888 milites,
1691 847 1777 891 pira-

1036 905 1138 933 tarum
1162 899 1340 933 infidelium
1374 909 1447 933 oras
1475 900 1650 944 Tyrrheni¹
1679 899 1777 933 maris

1035 953 1152 997 passim
1172 953 1392 986 infestantium
1412 953 1657 987 excursionibus
1674 959 1704 987 et
1725 953 1779 987 de-

1036 1006 1301 1050 praedationibus
1325 1009 1447 1041 armata
1466 1006 1566 1040 classe
1578 1006 1780 1048 obsistentes,

1037 1069 1100 1093 non
1121 1060 1226 1094 solum
1248 1059 1370 1094 ltaliam
1397 1060 1499 1104 ipsam
1519 1060 1640 1104 pluries
1664 1060 1704 1093 ab
1725 1060 1776 1093 in-

1037 1114 1222 1147 cursionum
1244 1113 1430 1147 huiusmodi
1451 1113 1578 1147 damnis
1610 1119 1641 1148 et
1657 1113 1781 1147 incom-

1038 1167 1153 1207 modis,
1175 1178 1292 1210 magno
1319 1167 1386 1201 eius
1410 1167 1509 1206 bono,
1529 1167 1658 1210 egregia
1679 1167 1779 1200 animi

1039 1220 1227 1253 fortitudine
1247 1220 1339 1253 tutati
1360 1220 1432 1259 sint,
1451 1220 1507 1253 sed
1528 1219 1623 1253 etiam
1646 1220 1678 1253 in
1695 1220 1780 1265 ipso-

1039 1281 1180 1308 rummet
1213 1274 1393 1308 infidelium
1414 1274 1559 1308 dominia
1582 1280 1612 1308 et
1632 1274 1781 1317 regiones

1039 1328 1162 1371 magnis
1185 1328 1269 1360 ausis
1290 1338 1418 1361 summo
1436 1338 1508 1361 eum
1529 1328 1609 1361 vitae
1638 1328 1780 1361 fortuna-

1040 1392 1175 1425 rumque
1202 1381 1389 1415 discrimine
1414 1381 1645 1426 irrumpentes,
1669 1391 1780 1424 graves

1038 1435 1082 1467 eis
1103 1435 1225 1475 clades,
1257 1435 1451 1478 oppidorum
1478 1434 1731 1479 expugnationes
1751 1441 1782 1468 et

1039 1488 1236 1531 direptiones
1252 1488 1432 1529 intulerint,
1445 1498 1480 1521 ac
1491 1488 1590 1532 partis
1603 1498 1668 1521 non
1681 1488 1781 1521 semel

1038 1541 1077 1574 de
1111 1541 1172 1573 illis
1201 1541 1380 1584 insignibus
1413 1542 1555 1575 victoriis
1588 1543 1779 1577 eorumdem

1038 1595 1204 1628 audaciam
1235 1595 1470 1639 represserint,
1494 1595 1577 1629 vires
1603 1596 1778 1639 fregerint,

1038 1648 1153 1693 impios
1175 1655 1309 1682 conatus
1335 1649 1552 1691 contuderint,
1581 1660 1618 1683 ac
1646 1650 1783 1694 perinde

1039 1713 1071 1736 se
1089 1713 1121 1736 se
1141 1705 1256 1745 magna
1278 1703 1326 1736 sui
1348 1703 1449 1745 gloria
1471 1709 1499 1736 et
1521 1703 1661 1737 nominis
1681 1703 1785 1738 Chris·

1040 1756 1115 1789 tiani
1130 1756 1413 1790 commendatione
1424 1756 1646 1790 formidabiles
1660 1757 1704 1791 eis
1715 1759 1783 1792 red-

1040 1810 1178 1844 diderint
1209 1810 1316 1845 liiseez
1347 1816 1377 1843 et
1402 1809 1473 1843 aliis
1496 1810 1592 1844 rebus
1616 1811 1784 1854 praeclare

1040 1864 1135 1906 gestis
1155 1874 1228 1897 curn
1250 1864 1289 1897 de
1308 1864 1376 1908 ipsa
1394 1863 1482 1897 ltalia
1504 1870 1599 1908 atque
1620 1865 1701 1898 adeo
1720 1868 1783 1898 tota

1040 1917 1203 1961 republica
1224 1917 1397 1950 christiana
1422 1917 1544 1961 optime
1570 1917 1675 1951 meriti
1702 1924 1733 1951 et
1750 1929 1784 1951 a-

1041 1971 1106 2015 pud
1120 1971 1215 2004 etiam
1237 1977 1360 2004 exteras
1377 1971 1524 2005 nationes
1545 1971 1696 2015 inclytam
1718 1982 1784 2005 ma-

1041 2024 1261 2067 gnanimitatis
1286 2024 1397 2068 reique
1416 2025 1565 2058 militaris
1584 2024 1719 2069 peritiae
1741 2026 1785 2058 sa-

1043 2088 1127 2111 mam
1155 2078 1263 2122 adepti
1288 2078 1370 2119 sintj.
1394 2078 1528 2122 ipsaque
1556 2078 1688 2119 Militia,
1717 2084 1784 2111 tum

1043 2131 1118 2165 dieti
1136 2131 1330 2164 Ferdinandi
1350 2131 1456 2174 magni
1478 2131 1579 2173 ducis,
1601 2131 1655 2175 qui
1677 2131 1781 2165 maio-

1044 2195 1113 2217 rum
1127 2195 1259 2218 suorum
1275 2185 1413 2227 vestigiis
1431 2184 1580 2218 insistens
1593 2185 1624 2218 in
1642 2184 1703 2218 hoe
1717 2185 1785 2218 eius

1043 2238 1249 2271 eminentiori
1270 2238 1368 2271 animi
1387 2238 1494 2272 studio
1519 2244 1549 2271 et
1567 2240 1643 2271 cura
1662 2238 1786 2271 incum-

1044 2293 1101 2331 bit,
1124 2292 1301 2337 praestanti
1328 2292 1443 2326 virtute
1469 2298 1499 2326 et
1524 2291 1692 2336 potentia,
1717 2298 1784 2325 tum

1045 2346 1139 2379 etiam
1155 2346 1361 2390 propriorum
1374 2346 1511 2379 militum
1525 2345 1713 2379 fortitudine
1727 2345 1787 2379 exi-

1046 2400 1120 2441 mia,
1143 2399 1262 2433 clarior
1285 2405 1315 2432 et
1335 2398 1490 2433 illustrior
1510 2398 1541 2431 in
1568 2399 1635 2431 dies
1653 2398 1783 2435 evadat·=

1046 2459 1076 2487 et
1101 2453 1376 2498 quemadmodum
1399 2453 1566 2496 hucusque
1590 2451 1787 2496 reipublicae

1047 2507 1238 2541 christianae
1260 2507 1412 2540 adversus
1430 2505 1608 2539 infidelium
1632 2505 1787 2538 incursio-

1048 2571 1104 2595 nes
1118 2571 1235 2604 magno
1249 2560 1494 2605 propugnat-ulo
1506 2558 1627 2599 suit,ita
1641 2558 1735 2592 etiam
1746 2559 1786 2593 de

1049 2621 1175 2648 caetero
1197 2615 1227 2647 in
1250 2613 1507 2657 expeditionibus
1525 2618 1637 2646 eontra
1654 2613 1785 2646 eosdem

1086 2679 1094 2704 t
1116 2666 1189 2703 Edit.
1211 2675 1289 2703 Μαίη.
1312 2675 1375 2710 legit
1397 2674 1576 2710 Tyrrem'que
1594 2675 1632 2709 (n.
1650 2675 1698 2708 r).

1679 251 1744 287 505
1791 261 1881 289 inc.
1906 261 1973 289 1608
