2227 3241
262 271 310 298 Λη.
329 271 357 297 c.
377 270 445 298 1608
492 261 556 295 490

494 318 653 354 Augustini
675 317 929 344 Discaleeatorum
950 316 1056 345 Italiae
1083 324 1215 345 nuncu-¹

495 376 631 408 patorum
647 373 808 405 protector.

503 480 578 512 Cum
601 478 795 512 reverendus
816 483 906 522 pater
927 479 1023 512 frater
1043 478 1156 522 loseph
1181 479 1216 523 a}

460 533 621 572 Messana,
645 540 728 564 unus
749 541 784 564 ex
813 531 1062 574 congregatione
1082 526 1215 565 Discal?

459 590 625 618 ceatorum
648 583 732 617 illius
752 584 854 626 regni,
879 584 933 627 qui
954 585 1067 618 fratres
1087 581 1216 625 Refer-l

459 638 536 671 mati
557 637 742 671 Discalceati
756 637 882 670 Ordinis
895 637 1108 671 Eremitarum
1127 649 1198 672 san·
1214 629 1216 682 1

459 691 500 724 cti
519 690 685 734 Augustini
706 696 833 724 sanctae
851 690 967 724 Mariae
986 691 1024 724 de
1037 691 1196 725 Succursu
1214 685 1216 689 ¹

458 748 697 788 nuncupantur,
714 744 848 777 Romam
871 754 907 777 ex
927 745 1087 778 Panormo
1106 755 1198 778 vene·
1214 749 1216 777 1

459 798 510 839 rit,
537 797 724 831 mandatum
742 807 899 840 procurae
920 807 1027 831 secum
1049 798 1194 840 afferens,

458 857 491 884 ut
507 851 785 898 fratrum-illorum
806 850 951 884 omnium
965 851 1096 884 nomine
1108 851 1199 885 uuio-
1214 853 1216 896 1

457 915 529 938 nem
552 910 583 938 et
600 904 894 948 incorporationem
913 914 985 937 cum
999 904 1199 939 Reformato-

458 969 528 991 rum
548 958 692 992 eiusdem
716 957 844 991 Ordinis
866 958 1077 991 Eremitarum
1099 958 1197 991 sancti

459 1011 627 1054 Augustini
647 1011 918 1045 Discalceatorum
941 1011 1047 1044 ltaliae
1069 1021 1195 1045 nuncu·
1215 1028 1217 1038 ι

456 1071 606 1110 patorum
633 1064 882 1107 congregatione
908 1065 956 1099 (ut
984 1063 1028 1097 sic
1048 1064 1129 1097 uniti
1163 1075 1217 1098 ac>

459 1118 656 1163 incorporati
688 1119 752 1151 Deo
787 1117 941 1151 humilius
971 1124 1000 1150 et
1027 1118 1217 1158 ferventius}

456 1178 587 1217 possent
612 1172 778 1215 inservire)
801 1177 944 1216 peteret·,
968 1182 1036 1208 nos,
1072 1163 1217 1205 11051130ἰ

458 1226 669 1271 protectionis
691 1236 824 1259 munere
850 1226 1036 1268 fungentes,
1065 1234 1218 1272 eorum-t

457 1290 520 1324 que
544 1279 730 1314 huiusmodi
752 1279 822 1323 piae
847 1279 995 1323 petitioni
1023 1279 1127 1312 favere
1147 1290 1200 1313 vo-

458 1335 570 1375 lentes,
592 1333 726 1366 verbum
747 1332 807 1366 hac
828 1333 866 1366 de
880 1343 914 1366 re
935 1343 1007 1366 cum
1029 1334 1080 1367 SS,
1106 1334 1139 1367 D.
1161 1335 1195 1367 N.

458 1387 557 1420 Paulo
575 1386 659 1430 Papa
673 1387 695 1419 V
711 1386 859 1420 fecimus:
882 1397 938 1420 sua
956 1397 1029 1420 vero
1044 1387 1200 1421 Sanctitas

458 1451 530 1473 cum
553 1439 712 1480 annuerit,
729 1450 787 1473 nos
801 1440 989 1474 auctoritate
1003 1441 1043 1474 ob
1058 1447 1199 1474 nostram
1216 1482 1217 1488 1

458 1494 605 1528 eamdem
628 1493 860 1537 protectionem
882 1493 975 1527 nohis
997 1488 1218 1543 aSanctitate''k

458 1549 515 1582 sua
536 1548 683 1581 concessa
706 1547 909 1591 supradictos
935 1547 1062 1581 Siciliae
1087 1548 1218 1586 fratres{

457 1601 660 1635 Reformatos
673 1601 885 1635 Discalceatos
903 1612 974 1635 cum
989 1602 1122 1635 fratrum
1141 1603 1199 1635 lta·

458 1655 519 1688 liae
542 1654 812 1688 Discalceatorum
838 1656 1098 1688 Reformatoium
1125 1655 1218 1688 con-¹⁴

458 1709 645 1753 gregatione
666 1709 816 1742 omnibus
834 1720 905 1742 cum
927 1709 1078 1743 clausulis
1091 1719 1199 1743 neces·
1216 1699 1218 1705 ’

458 1762 548 1796 sariis
569 1767 663 1806 atque
689 1763 879 1806 opportunis
899 1763 1027 1796 unimus
1048 1763 1200 1806 atquein-

459 1827 679 1860 corporamus.
714 1817 812 1850 Deum
840 1816 997 1860 optimum
1024 1817 1217 1850 maximumz

458 1876 636 1914 precantes,
665 1876 699 1903 ut
724 1870 784 1903 1100
810 1870 953 1904 fidelium
975 1870 1072 1911 bono,
1101 1870 1218 1903 01511ίῖ

459 1924 558 1968 ipsius
575 1923 715 1957 nominis
734 1924 802 1957 fieri
828 1934 900 1957 cum
931 1924 1028 1966 gloria
1060 1924 1142 1956 velit.
1166 1917 1218 1970 ln}

458 1978 591 2011 nomine
608 1977 710 2011 Patris
729 1982 760 2011 et
780 1977 849 2011 Filii
871 1982 901 2010 et
922 1977 1058 2021 Spiritus
1077 1977 1195 2010 Sancti.
1216 1974 1217 2003 1

460 2031 574 2064 Amen.

503 2085 623 2118 Romae
639 2081 669 2117 iri
685 2084 819 2118 aedibus
832 2085 949 2118 nostris
963 2085 1013 2118 die
1024 2095 1067 2118 vu
1084 2084 1199 2118 mensis
1216 2086 1217 2105 ³

460 2138 534 2172 maii
555 2148 662 2172 uncxr
1216 2132 1217 2184 1

1216 2188 1218 2216 l

688 2235 844 2269 Antonius
869 2235 1039 2269 cardinalis
1064 2236 1218 2289 5110111151

769 2288 894 2322 Ordinis
915 2294 1086 2333 protector.

460 2512 615 2558 Sequitur
629 2510 721 2543 aliud
734 2511 822 2543 rivae
833 2511 913 2543 vocis
925 2511 1092 2544 oraculum
1105 2523 1201 2556 super

505 2565 626 2597 anione
640 2564 910 2608 confirmatorium
928 2564 1031 2607 primi
1044 2575 1112 2597 cum
1131 2576 1202 2609 sup-

504 2618 664 2660 plemento
678 2627 953 2661 quorumemnque
967 2618 1157 2660 defectuum,
1173 2620 1202 2651 sa?

507 2672 565 2713 qui
585 2672 720 2715 (Iesziper
741 2671 983 2705 intervenerint.

1014 264 1017 266 ⁵
1042 269 1219 296 nt'LLAmUM
1244 270 1394 296 Romnum

1249 317 1394 345 Antonius
1410 317 1572 345 cardinalis
1588 318 1708 345 sautius
1724 318 1818 346 totius
1834 318 1950 347 ordinis

1374 362 1472 389 sancti
1488 362 1646 397 Augustini
1664 364 1825 396 protector.

1277 424 1394 457 Novem
1411 423 1475 457 iam
1497 433 1600 468 prope
1615 422 1762 457 abierunt
1775 424 1862 466 anni,
1879 435 1964 465 cum,

1232 477 1276 510 sic
1297 476 1474 510 volentibus
1488 481 1583 521 atque
1601 476 1805 521 poscentibus
1822 486 1970 511 reveren-

1233 529 1280 562 dis
1301 529 1393 563 nobis
1419 529 1540 562 dilectis
1566 529 1716 563 fratribus
1735 528 1768 562 in
1784 528 1891 563 Sicilia
1910 529 1969 564 Re-

1233 582 1375 616 formatis
1393 582 1594 616 Discaleeatis
1613 582 1760 616 Eremitis
1780 582 1880 616 sancti
1900 584 1971 616 Au-

1233 635 1349 677 gustini
1370 641 1496 669 sanctae
1515 635 1629 669 Mariae
1650 635 1689 668 de
1711 636 1871 669 Succursu
1889 645 1971 670 nun-

1232 688 1366 732 cupatis,
1388 697 1441 721 eos
1456 698 1513 721 nos
1528 698 1599 721 cum
1614 688 1876 722 Reformatorum
1888 688 1970 723 eius-

1233 742 1304 774 dem
1324 741 1449 775 Ordinis
1478 741 1692 775 Eremitarum
1718 741 1819 775 sancti
1841 742 1968 785 Augus-

1214 813 1216 838 1
1234 794 1289 828 tini
1302 794 1572 828 Discalceatorum
1587 794 1599 827 Ι
1604 794 1696 828 taliae
1710 799 1970 839 nuncupatorum

1233 847 1491 890 congregatione,
1512 848 1595 881 facto
1615 847 1675 881 hac
1687 848 1726 881 de
1739 857 1773 880 re
1787 847 1885 881 verbo
1898 858 1970 882 cum

1233 901 1432 935 sanctissimo
1451 901 1583 935 domino
1600 907 1710 935 nostro
1724 902 1808 946 Papa
1826 901 1924 935 Paulo
1937 902 1972 944 V,

1233 955 1286 998 qui
1308 955 1441 995 annuit,
1471 955 1632 989 univimus
1657 962 1752 999 atque
1779 955 1968 999 incorpora-

1235 1008 1348 1041 vimus.
1373 1008 1480 1053 Nuper
1501 1009 1632 1043 extitere
1662 1014 1767 1043 tamen
1797 1019 1832 1042 ex
1859 1007 1972 1043 Siculis

1234 1062 1343 1096 tratres
1362 1062 1524 1103 nonnulli,
1546 1063 1599 1106 qui
1627 1062 1717 1096 istam
1744 1061 1969 1105 congregatio-

1233 1116 1332 1149 num¹
1370 1116 1629 1150 coniunctionem
1667 1116 1818 1150 dirimere
1835 1143 1842 1157 ‚
1877 1121 1973 1160 atque

1234 1170 1329 1203 etiam
1353 1169 1464 1203 tollere
1482 1170 1663 1213 cogitarim,
1685 1169 1857 1203 invalidam
1871 1169 1970 1210 illam,

1235 1236 1270 1258 ac
1291 1225 1412 1258 nullam
1434 1235 1501 1259 esse
1526 1225 1689 1259 iactantes.
1714 1225 1810 1258 Aiunt
1834 1234 1974 1269 namque

1235 1279 1470 1322 procurationis
1500 1279 1685 1322 mandatum
1712 1279 1751 1312 ad
1771 1278 1873 1322 ipsam
1891 1277 1974 1312 hanc

1235 1333 1522 1375 congregationum
1540 1333 1692 1367 unionem
1708 1339 1804 1377 atque
1824 1333 1974 1378 incorpo-

1235 1387 1389 1421 rationem
1410 1387 1617 1421 obtinendam
1632 1397 1668 1421 ex
1682 1387 1808 1421 Siciliae
1825 1386 1974 1421 aliarum²

1216 1451 1298 1477 ,non
1331 1441 1405 1483 rite,
1434 1452 1539 1485 neque
1564 1451 1601 1475 eo
1634 1451 1697 1485 quo
1722 1441 1833 1475 debuit
1862 1441 1970 1483 modo,

1235 1495 1295 1529 11οο
1321 1501 1377 1536 051,
1398 1505 1463 1528 non
1484 1494 1634 1529 omnibus
1656 1495 1836 1529 convocatis
1862 1495 1972 1529 fratri-

1235 1548 1292 1581 bus
1310 1558 1415 1592 neque
1435 1558 1493 1592 per
1513 1558 1687 1592 campanae
1705 1548 1753 1591 (ut
1770 1548 1899 1592 dicitur)
1923 1559 1974 1583 so-

1235 1611 1310 1634 num
1333 1601 1428 1634 fuisse
1450 1601 1648 1635 consectum:
1673 1606 1845 1646 propterea
1870 1602 1974 1636 nullas

1234 1655 1330 1688 etiam
1352 1665 1420 1688 0550
1443 1655 1571 1689 habitus
1596 1655 1824 1699 susceptiones,
1844 1662 1875 1690 01
1897 1666 1974 1701 pro-

1236 1709 1388 1742 fessiones
1420 1709 1459 1741 al]
1494 1708 1706 1753 incorporatis
1740 1714 1812 1743 ante
1847 1709 1973 1754 lapsum

1234 1762 1433 1805 probationis
1458 1772 1577 1795 annum
1605 1762 1746 1795 emissas.
1778 1762 1840 1796 Nos
1865 1762 1975 1797 omnia

1235 1815 1312 1849 haec
1332 1815 1382 1849 SS.
1400 1816 1434 1849 D.
1452 1816 1487 1849 N.
1508 1816 1723 1849 narravimus:
1741 1826 1798 1849 sua
1811 1825 1885 1849 vero
1898 1816 1975 1850 San-

1235 1870 1325 1903 ctitas
1346 1870 1559 1903 dissensiones
1580 1876 1610 1903 et
1633 1870 1703 1903 lites
1724 1870 1838 1904 tollens
1861 1880 1974 1905 omnes

1235 1928 1296 1955 tam
1319 1928 1502 1967 praesentes
1515 1933 1611 1967 quam
1625 1923 1758 1964 suturas,
1781 1928 1812 1956 et
1832 1923 1975 1957 defectus

1234 1977 1271 2019 (si
1294 1976 1348 2020 qui
1370 1977 1512 2019 fuerunt)
1532 1983 1594 2009 tam
1616 1976 1694 2010 iuris
1714 1987 1809 2021 quam
1830 1977 1902 2011 sacti
1923 1987 1975 2011 su-

1234 2094 1332 2127 super
1356 2083 1452 2116 etiam
1478 2083 1605 2117 habitus
1635 2083 1892 2127 susceptionibus
1908 2110 1915 2124 ‚
1939 2094 1976 2118 ac

1234 2137 1485 2181 professionibus
1506 2136 1677 2181 praedictis
1698 2136 1737 2170 ab
1762 2136 1975 2181 incorporatis

1216 2217 1218 2244 l
1235 2190 1384 2231 emissis³,
1402 2190 1536 2234 aliisque
1551 2190 1711 2231 omnihus,
1728 2189 1820 2224 nohis
1834 2189 1910 2224 satis
1923 2200 1975 2225 co-

1234 2245 1330 2288 gnitis
1350 2245 1440 2279 iustis
1468 2245 1506 2279 de
1531 2244 1634 2278 causis
1654 2244 1707 2279 hic
1733 2254 1798 2278 non
1818 2244 1974 2288 expressis

1215 2294 1416 2342 {supplevit,
1448 2297 1658 2342 ipsarumque
1687 2296 1974 2340 congregationum

1216 2350 1387 2399 {unionem
1413 2356 1509 2395 atque
1530 2342 1826 2395 incorporationem
1843 2360 1974 2384 manere

1216 2405 1353 2445 [voluit3
1378 2404 1484 2448 itaque
1505 2414 1563 2438 nos
1588 2414 1624 2438 ex
1653 2404 1842 2437 auctoritate
1865 2404 1971 2445 nobis,

1216 2448 1218 2512 1
1235 2458 1289 2502 qui
1310 2458 1405 2491 totius
1421 2457 1548 2491 Ordinis
1566 2456 1778 2491 Eremitarum
1790 2457 1890 2490 sancti
1907 2458 1975 2492 Au-

1216 2511 1351 2557 {gustini
1384 2510 1577 2555 protectoris
1612 2520 1729 2544 munus
1763 2510 1928 2552 gerimus,
1955 2521 1973 2543 a

1217 2598 1219 2623 j
1273 2592 1281 2618 1
1307 2590 1375 2617 Edit.
1389 2591 1465 2618 Malu.
1480 2590 1544 2626 legit
1557 2590 1807 2625 coum-emtionem
1822 2591 1859 2624 (n.
1877 2590 1927 2625 τ,).

1270 2636 1286 2662 2
1306 2636 1344 2662 An
1365 2638 1453 2663 errata
1473 2635 1507 2662 sit
1525 2634 1614 2669 lectio,
1635 2634 1726 2662 nescio
1745 2637 1786 2668 (n.
1803 2636 1852 2668 T.).

1218 2676 1220 2708 L
1271 2679 1287 2706 3
1307 2679 1376 2707 Edit.
1398 2678 1477 2707 Main.
1499 2678 1563 2713 legit
1579 2678 1696 2706 emissas
1712 2679 1748 2710 (u.
1765 2679 1813 2711 1.).

1981 271 2030 298 An.
2047 270 2075 297 C.
2095 270 2164 300 1608
2187 276 2219 303 ζ

1216 2025 1217 2078 1
1235 2040 1292 2074 per
1320 2030 1496 2074 praemisso
1509 2030 1765 2073 .proc.urationis
1797 2030 1949 2065 mandato
1964 2043 1987 2071 ,τ
