<?xml version="1.0" encoding="UTF-8"?>
<!DOCTYPE html PUBLIC "-//W3C//DTD XHTML 1.0 Transitional//EN"
    "http://www.w3.org/TR/xhtml1/DTD/xhtml1-transitional.dtd">
<html xmlns="http://www.w3.org/1999/xhtml" xml:lang="en" lang="en">
 <head>
  <title>
</title>
<meta http-equiv="Content-Type" content="text/html;charset=utf-8" />
  <meta name='ocr-system' content='tesseract 3.04.00' />
  <meta name='ocr-capabilities' content='ocr_page ocr_carea ocr_par ocr_line ocrx_word'/>
</head>
<body>
  <div class='ocr_page' id='page_1' title='image "./bullarumdiplomat11cath_0228.png"; bbox 0 0 2227 3241; ppageno 0'>
   <div class='ocr_carea' id='block_1_1' title="bbox 281 290 580 326">
    <p class='ocr_par' dir='ltr' id='par_1_1' title="bbox 281 290 580 326">
     <span class='ocr_line' id='line_1_1' title="bbox 281 290 580 326; baseline -0.01 0"><span class='ocrx_word' id='word_1_1' title='bbox 281 301 328 326; x_wconf 70' lang='lat' dir='ltr'>An.</span> <span class='ocrx_word' id='word_1_2' title='bbox 352 300 379 325; x_wconf 81' lang='lat' dir='ltr'>r..</span> <span class='ocrx_word' id='word_1_3' title='bbox 405 301 470 326; x_wconf 65' lang='lat' dir='ltr'>taos</span> <span class='ocrx_word' id='word_1_4' title='bbox 517 290 580 324; x_wconf 81' lang='lat'>190</span> 
     </span>
    </p>
   </div>
   <div class='ocr_carea' id='block_1_2' title="bbox 478 346 1249 390">
    <p class='ocr_par' dir='ltr' id='par_1_2' title="bbox 478 346 1249 390">
     <span class='ocr_line' id='line_1_2' title="bbox 478 346 1249 390; baseline -0.001 -9"><span class='ocrx_word' id='word_1_5' title='bbox 478 348 637 381; x_wconf 79' lang='lat' dir='ltr'>contentis</span> <span class='ocrx_word' id='word_1_6' title='bbox 657 347 818 385; x_wconf 77' lang='lat' dir='ltr'>clausulis,</span> <span class='ocrx_word' id='word_1_7' title='bbox 837 346 958 379; x_wconf 74' lang='lat' dir='ltr'>litteras</span> <span class='ocrx_word' id='word_1_8' title='bbox 971 346 1058 379; x_wconf 80' lang='lat' dir='ltr'>Pauli</span> <span class='ocrx_word' id='word_1_9' title='bbox 1081 347 1215 390; x_wconf 87' lang='lat' dir='ltr'>praede-</span> <span class='ocrx_word' id='word_1_10' title='bbox 1246 354 1249 357; x_wconf 90' lang='lat'>&#39;</span> 
     </span>
    </p>
   </div>
   <div class='ocr_carea' id='block_1_3' title="bbox 475 399 1235 2472">
    <p class='ocr_par' dir='ltr' id='par_1_3' title="bbox 475 399 1234 1029">
     <span class='ocr_line' id='line_1_3' title="bbox 478 399 1217 443; baseline 0.003 -11"><span class='ocrx_word' id='word_1_11' title='bbox 478 401 611 433; x_wconf 73' lang='lat' dir='ltr'>cessoris</span> <span class='ocrx_word' id='word_1_12' title='bbox 632 399 823 443; x_wconf 75' lang='lat' dir='ltr'>praedictas,</span> <span class='ocrx_word' id='word_1_13' title='bbox 845 406 875 432; x_wconf 82' lang='lat' dir='ltr'>et</span> <span class='ocrx_word' id='word_1_14' title='bbox 890 400 1016 432; x_wconf 86' lang='lat' dir='ltr'>illarum</span> <span class='ocrx_word' id='word_1_15' title='bbox 1032 399 1140 442; x_wconf 68' lang='lat' dir='ltr'>vigore</span> <span class='ocrx_word' id='word_1_16' title='bbox 1161 401 1217 434; x_wconf 92' lang='lat' dir='ltr'>do-</span> 
     </span>
     <span class='ocr_line' id='line_1_4' title="bbox 478 452 1214 495; baseline 0 -9"><span class='ocrx_word' id='word_1_17' title='bbox 478 464 546 487; x_wconf 86' lang='lat' dir='ltr'>mos</span> <span class='ocrx_word' id='word_1_18' title='bbox 560 459 590 486; x_wconf 91' lang='lat' dir='ltr'>et</span> <span class='ocrx_word' id='word_1_19' title='bbox 604 452 738 495; x_wconf 80' lang='lat' dir='ltr'>collegia</span> <span class='ocrx_word' id='word_1_20' title='bbox 749 452 891 486; x_wconf 85' lang='lat' dir='ltr'>eiusdem</span> <span class='ocrx_word' id='word_1_21' title='bbox 904 452 1072 486; x_wconf 85' lang='lat' dir='ltr'>Societatis</span> <span class='ocrx_word' id='word_1_22' title='bbox 1082 453 1214 487; x_wconf 85' lang='lat' dir='ltr'>ubilibet</span> 
     </span>
     <span class='ocr_line' id='line_1_5' title="bbox 478 505 1217 550; baseline 0.001 -12"><span class='ocrx_word' id='word_1_23' title='bbox 478 505 661 543; x_wconf 82' lang='lat' dir='ltr'>constituta,</span> <span class='ocrx_word' id='word_1_24' title='bbox 685 511 716 538; x_wconf 92' lang='lat' dir='ltr'>et</span> <span class='ocrx_word' id='word_1_25' title='bbox 740 505 814 538; x_wconf 89' lang='lat' dir='ltr'>iude</span> <span class='ocrx_word' id='word_1_26' title='bbox 839 511 972 549; x_wconf 87' lang='lat' dir='ltr'>sequuta</span> <span class='ocrx_word' id='word_1_27' title='bbox 994 516 1217 550; x_wconf 86' lang='lat' dir='ltr'>quaecumque</span> 
     </span>
     <span class='ocr_line' id='line_1_6' title="bbox 477 558 1217 603; baseline 0.003 -13"><span class='ocrx_word' id='word_1_28' title='bbox 477 558 562 591; x_wconf 84' lang='lat' dir='ltr'>iuxta</span> <span class='ocrx_word' id='word_1_29' title='bbox 577 564 719 591; x_wconf 88' lang='lat' dir='ltr'>tenorem</span> <span class='ocrx_word' id='word_1_30' title='bbox 738 558 917 591; x_wconf 86' lang='lat' dir='ltr'>litterarum</span> <span class='ocrx_word' id='word_1_31' title='bbox 932 559 1217 603; x_wconf 85' lang='lat' dir='ltr'>earumdem‚apo-</span> 
     </span>
     <span class='ocr_line' id='line_1_7' title="bbox 475 611 1209 645; baseline 0.003 -2"><span class='ocrx_word' id='word_1_32' title='bbox 475 611 587 645; x_wconf 72' lang='lat' dir='ltr'>stolica</span> <span class='ocrx_word' id='word_1_33' title='bbox 605 611 795 644; x_wconf 87' lang='lat' dir='ltr'>auctoritate</span> <span class='ocrx_word' id='word_1_34' title='bbox 816 622 850 644; x_wconf 85' lang='lat' dir='ltr'>ex</span> <span class='ocrx_word' id='word_1_35' title='bbox 875 614 959 644; x_wconf 82' lang='lat' dir='ltr'>certa</span> <span class='ocrx_word' id='word_1_36' title='bbox 981 612 1112 645; x_wconf 80' lang='lat' dir='ltr'>scientia</span> <span class='ocrx_word' id='word_1_37' title='bbox 1134 622 1209 645; x_wconf 89' lang='lat' dir='ltr'>con-</span> 
     </span>
     <span class='ocr_line' id='line_1_8' title="bbox 476 664 1234 710; baseline 0.004 -14"><span class='ocrx_word' id='word_1_38' title='bbox 476 664 651 698; x_wconf 82' lang='lat' dir='ltr'>firmaverit</span> <span class='ocrx_word' id='word_1_39' title='bbox 671 671 701 698; x_wconf 88' lang='lat' dir='ltr'>et</span> <span class='ocrx_word' id='word_1_40' title='bbox 721 665 957 709; x_wconf 71' lang='lat' dir='ltr'>approbaverit,</span> <span class='ocrx_word' id='word_1_41' title='bbox 981 677 1018 699; x_wconf 83' lang='lat' dir='ltr'>ae</span> <span class='ocrx_word' id='word_1_42' title='bbox 1034 667 1127 699; x_wconf 86' lang='lat' dir='ltr'>ctiam</span> <span class='ocrx_word' id='word_1_43' title='bbox 1149 666 1234 710; x_wconf 56' lang='lat' dir='ltr'>ple-,</span> 
     </span>
     <span class='ocr_line' id='line_1_9' title="bbox 475 718 1217 763; baseline 0.004 -13"><span class='ocrx_word' id='word_1_44' title='bbox 475 718 566 752; x_wconf 84' lang='lat' dir='ltr'>narie</span> <span class='ocrx_word' id='word_1_45' title='bbox 597 718 795 752; x_wconf 88' lang='lat' dir='ltr'>innovaverit</span> <span class='ocrx_word' id='word_1_46' title='bbox 809 746 816 757; x_wconf 87' lang='lat'>,</span> <span class='ocrx_word' id='word_1_47' title='bbox 838 725 867 752; x_wconf 92' lang='lat' dir='ltr'>et</span> <span class='ocrx_word' id='word_1_48' title='bbox 889 720 927 752; x_wconf 89' lang='lat' dir='ltr'>de</span> <span class='ocrx_word' id='word_1_49' title='bbox 948 730 1042 758; x_wconf 92' lang='lat' dir='ltr'>novo,</span> <span class='ocrx_word' id='word_1_50' title='bbox 1059 725 1217 763; x_wconf 89' lang='lat' dir='ltr'>quatenus</span> 
     </span>
     <span class='ocr_line' id='line_1_10' title="bbox 476 772 1218 816; baseline 0.003 -13"><span class='ocrx_word' id='word_1_51' title='bbox 476 780 557 814; x_wconf 88' lang='lat' dir='ltr'>opus</span> <span class='ocrx_word' id='word_1_52' title='bbox 577 776 659 804; x_wconf 85' lang='lat' dir='ltr'>esset</span> <span class='ocrx_word' id='word_1_53' title='bbox 677 772 881 811; x_wconf 83' lang='lat' dir='ltr'>concesserit,</span> <span class='ocrx_word' id='word_1_54' title='bbox 902 783 961 805; x_wconf 89' lang='lat' dir='ltr'>nec</span> <span class='ocrx_word' id='word_1_55' title='bbox 978 783 1043 806; x_wconf 90' lang='lat' dir='ltr'>nou</span> <span class='ocrx_word' id='word_1_56' title='bbox 1064 773 1126 805; x_wconf 89' lang='lat' dir='ltr'>illis</span> <span class='ocrx_word' id='word_1_57' title='bbox 1145 782 1218 816; x_wconf 87' lang='lat' dir='ltr'>per-</span> 
     </span>
     <span class='ocr_line' id='line_1_11' title="bbox 476 825 1234 868; baseline 0.003 -11"><span class='ocrx_word' id='word_1_58' title='bbox 476 830 592 868; x_wconf 90' lang='lat' dir='ltr'>petuae</span> <span class='ocrx_word' id='word_1_59' title='bbox 610 831 641 858; x_wconf 90' lang='lat' dir='ltr'>et</span> <span class='ocrx_word' id='word_1_60' title='bbox 665 825 858 858; x_wconf 88' lang='lat' dir='ltr'>inviolabilis</span> <span class='ocrx_word' id='word_1_61' title='bbox 875 826 1037 859; x_wconf 79' lang='lat' dir='ltr'>firmitatis</span> <span class='ocrx_word' id='word_1_62' title='bbox 1051 826 1150 859; x_wconf 87' lang='lat' dir='ltr'>robur</span> <span class='ocrx_word' id='word_1_63' title='bbox 1163 826 1234 859; x_wconf 64' lang='lat' dir='ltr'>ad-=</span> 
     </span>
     <span class='ocr_line' id='line_1_12' title="bbox 477 877 1217 922; baseline 0.003 -12"><span class='ocrx_word' id='word_1_64' title='bbox 477 877 605 918; x_wconf 86' lang='lat' dir='ltr'>iecerit,</span> <span class='ocrx_word' id='word_1_65' title='bbox 633 889 811 922; x_wconf 88' lang='lat' dir='ltr'>omnesque</span> <span class='ocrx_word' id='word_1_66' title='bbox 832 885 861 912; x_wconf 91' lang='lat' dir='ltr'>et</span> <span class='ocrx_word' id='word_1_67' title='bbox 879 879 1021 921; x_wconf 80' lang='lat' dir='ltr'>singulos</span> <span class='ocrx_word' id='word_1_68' title='bbox 1036 879 1113 912; x_wconf 87' lang='lat' dir='ltr'>iuris</span> <span class='ocrx_word' id='word_1_69' title='bbox 1125 886 1156 912; x_wconf 89' lang='lat' dir='ltr'>et</span> <span class='ocrx_word' id='word_1_70' title='bbox 1173 882 1217 912; x_wconf 85' lang='lat' dir='ltr'>sa-</span> 
     </span>
     <span class='ocr_line' id='line_1_13' title="bbox 477 931 1213 976; baseline 0.001 -12"><span class='ocrx_word' id='word_1_71' title='bbox 477 931 517 964; x_wconf 87' lang='lat' dir='ltr'>cti</span> <span class='ocrx_word' id='word_1_72' title='bbox 537 932 691 973; x_wconf 69' lang='lat' dir='ltr'>deiectus,</span> <span class='ocrx_word' id='word_1_73' title='bbox 709 932 733 964; x_wconf 90' lang='lat' dir='ltr'>si</span> <span class='ocrx_word' id='word_1_74' title='bbox 753 932 806 976; x_wconf 89' lang='lat' dir='ltr'>qui</span> <span class='ocrx_word' id='word_1_75' title='bbox 827 934 932 966; x_wconf 77' lang='lat' dir='ltr'>forsan</span> <span class='ocrx_word' id='word_1_76' title='bbox 959 933 1213 972; x_wconf 85' lang='lat' dir='ltr'>intervenissent,</span> 
     </span>
     <span class='ocr_line' id='line_1_14' title="bbox 478 985 896 1029; baseline 0.005 -12"><span class='ocrx_word' id='word_1_77' title='bbox 478 985 507 1017; x_wconf 92' lang='lat' dir='ltr'>in</span> <span class='ocrx_word' id='word_1_78' title='bbox 530 985 648 1018; x_wconf 84' lang='lat' dir='ltr'>eisdem</span> <span class='ocrx_word' id='word_1_79' title='bbox 671 985 896 1029; x_wconf 81' lang='lat' dir='ltr'>suppleverit⁴;</span> 
     </span>
    </p>

    <p class='ocr_par' dir='ltr' id='par_1_4' title="bbox 475 1037 1235 2472">
     <span class='ocr_line' id='line_1_15' title="bbox 522 1037 1234 1083; baseline 0.006 -14"><span class='ocrx_word' id='word_1_80' title='bbox 522 1037 581 1080; x_wconf 59' lang='lat'>§3-</span> <span class='ocrx_word' id='word_1_81' title='bbox 600 1038 635 1070; x_wconf 79' lang='lat' dir='ltr'>Et</span> <span class='ocrx_word' id='word_1_82' title='bbox 647 1038 866 1079; x_wconf 72' lang='lat' dir='ltr'>nihilominus,</span> <span class='ocrx_word' id='word_1_83' title='bbox 880 1049 937 1083; x_wconf 91' lang='lat' dir='ltr'>pro</span> <span class='ocrx_word' id='word_1_84' title='bbox 952 1040 1067 1083; x_wconf 89' lang='lat' dir='ltr'>potiori</span> <span class='ocrx_word' id='word_1_85' title='bbox 1083 1041 1234 1081; x_wconf 49' lang='grc' dir='ltr'>ρειηῑεεΙὴ,Ἰ</span> 
     </span>
     <span class='ocr_line' id='line_1_16' title="bbox 477 1091 1214 1136; baseline 0.004 -13"><span class='ocrx_word' id='word_1_86' title='bbox 477 1091 657 1124; x_wconf 85' lang='lat' dir='ltr'>universam</span> <span class='ocrx_word' id='word_1_87' title='bbox 680 1092 883 1133; x_wconf 72' lang='lat' dir='ltr'>Societatem,</span> <span class='ocrx_word' id='word_1_88' title='bbox 907 1093 1082 1136; x_wconf 75' lang='lat' dir='ltr'>omniaque</span> <span class='ocrx_word' id='word_1_89' title='bbox 1101 1099 1129 1126; x_wconf 86' lang='lat' dir='ltr'>et</span> <span class='ocrx_word' id='word_1_90' title='bbox 1147 1093 1214 1126; x_wconf 85' lang='lat' dir='ltr'>sin-</span> 
     </span>
     <span class='ocr_line' id='line_1_17' title="bbox 477 1145 1235 1189; baseline 0.004 -13"><span class='ocrx_word' id='word_1_91' title='bbox 477 1145 551 1186; x_wconf 83' lang='lat' dir='ltr'>gula</span> <span class='ocrx_word' id='word_1_92' title='bbox 572 1145 656 1177; x_wconf 83' lang='lat' dir='ltr'>illius</span> <span class='ocrx_word' id='word_1_93' title='bbox 677 1146 790 1179; x_wconf 83' lang='lat' dir='ltr'>domos</span> <span class='ocrx_word' id='word_1_94' title='bbox 808 1146 1005 1189; x_wconf 86' lang='lat' dir='ltr'>probationis</span> <span class='ocrx_word' id='word_1_95' title='bbox 1026 1154 1053 1180; x_wconf 89' lang='lat' dir='ltr'>et</span> <span class='ocrx_word' id='word_1_96' title='bbox 1082 1148 1235 1188; x_wconf 62' lang='lat' dir='ltr'>collegia1</span> 
     </span>
     <span class='ocr_line' id='line_1_18' title="bbox 477 1197 1235 1242; baseline 0.005 -13"><span class='ocrx_word' id='word_1_97' title='bbox 477 1197 609 1230; x_wconf 89' lang='lat' dir='ltr'>ubilibet</span> <span class='ocrx_word' id='word_1_98' title='bbox 630 1198 806 1235; x_wconf 74' lang='lat' dir='ltr'>existentia,</span> <span class='ocrx_word' id='word_1_99' title='bbox 832 1200 1011 1242; x_wconf 80' lang='lat' dir='ltr'>praesentia</span> <span class='ocrx_word' id='word_1_100' title='bbox 1032 1206 1061 1232; x_wconf 87' lang='lat' dir='ltr'>ct</span> <span class='ocrx_word' id='word_1_101' title='bbox 1087 1201 1213 1241; x_wconf 86' lang='lat' dir='ltr'>futura,</span> <span class='ocrx_word' id='word_1_102' title='bbox 1233 1213 1235 1242; x_wconf 82' lang='lat'><strong>;</strong></span> 
     </span>
     <span class='ocr_line' id='line_1_19' title="bbox 476 1254 1218 1297; baseline 0.005 -14"><span class='ocrx_word' id='word_1_103' title='bbox 476 1262 654 1295; x_wconf 79' lang='lat' dir='ltr'>eorumque</span> <span class='ocrx_word' id='word_1_104' title='bbox 667 1262 830 1295; x_wconf 74' lang='lat' dir='ltr'>personas,</span> <span class='ocrx_word' id='word_1_105' title='bbox 843 1254 974 1294; x_wconf 75' lang='lat' dir='ltr'>fructus,</span> <span class='ocrx_word' id='word_1_106' title='bbox 984 1254 1138 1295; x_wconf 84' lang='lat' dir='ltr'>redditus,</span> <span class='ocrx_word' id='word_1_107' title='bbox 1147 1265 1218 1297; x_wconf 85' lang='lat' dir='ltr'>pro-</span> 
     </span>
     <span class='ocr_line' id='line_1_20' title="bbox 477 1305 1235 1341; baseline 0.005 -4"><span class='ocrx_word' id='word_1_108' title='bbox 477 1311 588 1337; x_wconf 81' lang='lat' dir='ltr'>ventus</span> <span class='ocrx_word' id='word_1_109' title='bbox 609 1311 635 1337; x_wconf 87' lang='lat' dir='ltr'>et</span> <span class='ocrx_word' id='word_1_110' title='bbox 656 1305 816 1338; x_wconf 87' lang='lat' dir='ltr'>bonorum</span> <span class='ocrx_word' id='word_1_111' title='bbox 837 1307 1128 1340; x_wconf 71' lang='lat' dir='ltr'>ecclesiasticorum</span> <span class='ocrx_word' id='word_1_112' title='bbox 1147 1319 1216 1341; x_wconf 81' lang='lat' dir='ltr'>sac·</span> <span class='ocrx_word' id='word_1_113' title='bbox 1234 1310 1235 1335; x_wconf 69' lang='grc' dir='ltr'><strong>ἓ</strong></span> 
     </span>
     <span class='ocr_line' id='line_1_21' title="bbox 476 1358 1217 1405; baseline 0.008 -16"><span class='ocrx_word' id='word_1_114' title='bbox 476 1358 632 1391; x_wconf 70' lang='lat' dir='ltr'>culariuni</span> <span class='ocrx_word' id='word_1_115' title='bbox 660 1364 691 1391; x_wconf 87' lang='lat' dir='ltr'>et</span> <span class='ocrx_word' id='word_1_116' title='bbox 716 1359 911 1401; x_wconf 74' lang='lat' dir='ltr'>regularium</span> <span class='ocrx_word' id='word_1_117' title='bbox 937 1371 1217 1405; x_wconf 73' lang='lat' dir='ltr'>‹piorumcui‘uque</span> 
     </span>
     <span class='ocr_line' id='line_1_22' title="bbox 476 1411 1235 1457; baseline 0.004 -13"><span class='ocrx_word' id='word_1_118' title='bbox 476 1412 538 1445; x_wconf 91' lang='lat' dir='ltr'>illis</span> <span class='ocrx_word' id='word_1_119' title='bbox 563 1422 622 1455; x_wconf 87' lang='lat' dir='ltr'>pro</span> <span class='ocrx_word' id='word_1_120' title='bbox 649 1418 793 1456; x_wconf 82' lang='lat' dir='ltr'>tempore</span> <span class='ocrx_word' id='word_1_121' title='bbox 816 1413 992 1453; x_wconf 86' lang='lat' dir='ltr'>unitorum,</span> <span class='ocrx_word' id='word_1_122' title='bbox 1008 1414 1147 1457; x_wconf 35' lang='lat' dir='ltr'>,aliaque</span> <span class='ocrx_word' id='word_1_123' title='bbox 1168 1411 1235 1448; x_wconf 61' lang='lat' dir='ltr'>res?</span> 
     </span>
     <span class='ocr_line' id='line_1_23' title="bbox 476 1466 1214 1510; baseline 0.001 -11"><span class='ocrx_word' id='word_1_124' title='bbox 476 1471 506 1499; x_wconf 92' lang='lat' dir='ltr'>et</span> <span class='ocrx_word' id='word_1_125' title='bbox 519 1466 603 1498; x_wconf 84' lang='lat' dir='ltr'>bona</span> <span class='ocrx_word' id='word_1_126' title='bbox 624 1477 847 1510; x_wconf 86' lang='lat' dir='ltr'>quaecumque</span> <span class='ocrx_word' id='word_1_127' title='bbox 861 1478 878 1499; x_wconf 91' lang='lat' dir='ltr'>a</span> <span class='ocrx_word' id='word_1_128' title='bbox 892 1467 1056 1510; x_wconf 78' lang='lat' dir='ltr'>quibusvis</span> <span class='ocrx_word' id='word_1_129' title='bbox 1070 1468 1214 1509; x_wconf 77' lang='lat' dir='ltr'>decimis,</span> 
     </span>
     <span class='ocr_line' id='line_1_24' title="bbox 476 1519 1214 1565; baseline 0.005 -14"><span class='ocrx_word' id='word_1_130' title='bbox 476 1519 571 1552; x_wconf 83' lang='lat' dir='ltr'>etiam</span> <span class='ocrx_word' id='word_1_131' title='bbox 600 1521 781 1563; x_wconf 84' lang='lat' dir='ltr'>papalibus,</span> <span class='ocrx_word' id='word_1_132' title='bbox 804 1521 1032 1564; x_wconf 85' lang='lat' dir='ltr'>praedialibus,</span> <span class='ocrx_word' id='word_1_133' title='bbox 1058 1532 1214 1565; x_wconf 86' lang='lat' dir='ltr'>persona-</span> 
     </span>
     <span class='ocr_line' id='line_1_25' title="bbox 477 1573 1216 1617; baseline 0.005 -12"><span class='ocrx_word' id='word_1_134' title='bbox 477 1573 570 1613; x_wconf 87' lang='lat' dir='ltr'>libus,</span> <span class='ocrx_word' id='word_1_135' title='bbox 595 1573 729 1617; x_wconf 81' lang='lat' dir='ltr'>quartis,</span> <span class='ocrx_word' id='word_1_136' title='bbox 751 1574 976 1607; x_wconf 64' lang='lat' dir='ltr'>medietatibus</span> <span class='ocrx_word' id='word_1_137' title='bbox 998 1580 1028 1608; x_wconf 88' lang='lat' dir='ltr'>et</span> <span class='ocrx_word' id='word_1_138' title='bbox 1045 1575 1114 1608; x_wconf 87' lang='lat' dir='ltr'>aliis</span> <span class='ocrx_word' id='word_1_139' title='bbox 1128 1576 1216 1609; x_wconf 89' lang='lat' dir='ltr'>ordi-</span> 
     </span>
     <span class='ocr_line' id='line_1_26' title="bbox 477 1627 1217 1673; baseline 0.005 -14"><span class='ocrx_word' id='word_1_140' title='bbox 477 1627 576 1660; x_wconf 88' lang='lat' dir='ltr'>nariis</span> <span class='ocrx_word' id='word_1_141' title='bbox 601 1628 773 1667; x_wconf 83' lang='lat' dir='ltr'>oneribus,</span> <span class='ocrx_word' id='word_1_142' title='bbox 801 1628 896 1660; x_wconf 86' lang='lat' dir='ltr'>etiam</span> <span class='ocrx_word' id='word_1_143' title='bbox 924 1639 980 1672; x_wconf 90' lang='lat' dir='ltr'>pro</span> <span class='ocrx_word' id='word_1_144' title='bbox 1014 1630 1217 1673; x_wconf 80' lang='lat' dir='ltr'>expeditione</span> 
     </span>
     <span class='ocr_line' id='line_1_27' title="bbox 477 1680 1217 1726; baseline 0.005 -14"><span class='ocrx_word' id='word_1_145' title='bbox 477 1686 587 1713; x_wconf 83' lang='lat' dir='ltr'>contra</span> <span class='ocrx_word' id='word_1_146' title='bbox 601 1680 757 1720; x_wconf 81' lang='lat' dir='ltr'>infideles,</span> <span class='ocrx_word' id='word_1_147' title='bbox 772 1681 956 1715; x_wconf 78' lang='lat' dir='ltr'>defensione</span> <span class='ocrx_word' id='word_1_148' title='bbox 970 1682 1092 1726; x_wconf 79' lang='lat' dir='ltr'>patriae</span> <span class='ocrx_word' id='word_1_149' title='bbox 1106 1688 1136 1716; x_wconf 88' lang='lat' dir='ltr'>et</span> <span class='ocrx_word' id='word_1_150' title='bbox 1148 1683 1217 1716; x_wconf 86' lang='lat' dir='ltr'>aliis</span> 
     </span>
     <span class='ocr_line' id='line_1_28' title="bbox 476 1733 1213 1779; baseline 0.005 -13"><span class='ocrx_word' id='word_1_151' title='bbox 476 1733 747 1778; x_wconf 86' lang='lat' dir='ltr'>quibuscumque,</span> <span class='ocrx_word' id='word_1_152' title='bbox 773 1734 868 1768; x_wconf 86' lang='lat' dir='ltr'>etiam</span> <span class='ocrx_word' id='word_1_153' title='bbox 895 1736 935 1768; x_wconf 85' lang='lat' dir='ltr'>ad</span> <span class='ocrx_word' id='word_1_154' title='bbox 961 1735 1213 1779; x_wconf 85' lang='lat' dir='ltr'>imperatorum,</span> 
     </span>
     <span class='ocr_line' id='line_1_29' title="bbox 475 1788 1218 1833; baseline 0.005 -14"><span class='ocrx_word' id='word_1_155' title='bbox 475 1797 600 1830; x_wconf 83' lang='lat' dir='ltr'>regum,</span> <span class='ocrx_word' id='word_1_156' title='bbox 621 1788 739 1821; x_wconf 90' lang='lat' dir='ltr'>ducum</span> <span class='ocrx_word' id='word_1_157' title='bbox 763 1794 793 1822; x_wconf 88' lang='lat' dir='ltr'>et</span> <span class='ocrx_word' id='word_1_158' title='bbox 809 1788 947 1822; x_wconf 88' lang='lat' dir='ltr'>aliorum</span> <span class='ocrx_word' id='word_1_159' title='bbox 965 1789 1148 1833; x_wconf 82' lang='lat' dir='ltr'>principum</span> <span class='ocrx_word' id='word_1_160' title='bbox 1170 1790 1218 1823; x_wconf 94' lang='lat' dir='ltr'>in-</span> 
     </span>
     <span class='ocr_line' id='line_1_30' title="bbox 475 1840 1216 1885; baseline 0.004 -13"><span class='ocrx_word' id='word_1_161' title='bbox 475 1840 625 1873; x_wconf 81' lang='lat' dir='ltr'>stantiam</span> <span class='ocrx_word' id='word_1_162' title='bbox 649 1851 706 1884; x_wconf 88' lang='lat' dir='ltr'>pro</span> <span class='ocrx_word' id='word_1_163' title='bbox 732 1847 877 1884; x_wconf 88' lang='lat' dir='ltr'>tempore</span> <span class='ocrx_word' id='word_1_164' title='bbox 902 1841 1071 1885; x_wconf 80' lang='lat' dir='ltr'>impositiS,</span> <span class='ocrx_word' id='word_1_165' title='bbox 1092 1842 1216 1876; x_wconf 89' lang='lat' dir='ltr'>etiamsi</span> 
     </span>
     <span class='ocr_line' id='line_1_31' title="bbox 476 1892 1214 1938; baseline 0.004 -12"><span class='ocrx_word' id='word_1_166' title='bbox 476 1892 581 1937; x_wconf 73' lang='lat' dir='ltr'>quod²</span> <span class='ocrx_word' id='word_1_167' title='bbox 599 1893 629 1926; x_wconf 91' lang='lat' dir='ltr'>in</span> <span class='ocrx_word' id='word_1_168' title='bbox 656 1894 786 1927; x_wconf 89' lang='lat' dir='ltr'>illorum</span> <span class='ocrx_word' id='word_1_169' title='bbox 814 1894 1018 1938; x_wconf 85' lang='lat' dir='ltr'>impositione</span> <span class='ocrx_word' id='word_1_170' title='bbox 1039 1901 1214 1937; x_wconf 88' lang='lat' dir='ltr'>caveretur,</span> 
     </span>
     <span class='ocr_line' id='line_1_32' title="bbox 476 1940 1217 1992; baseline 0.005 -14"><span class='ocrx_word' id='word_1_171' title='bbox 476 1947 562 1989; x_wconf 89' lang='lat' dir='ltr'>quod</span> <span class='ocrx_word' id='word_1_172' title='bbox 584 1947 671 1979; x_wconf 89' lang='lat' dir='ltr'>nulla</span> <span class='ocrx_word' id='word_1_173' title='bbox 689 1940 821 1991; x_wconf 80' lang='lat' dir='ltr'>prorsus</span> <span class='ocrx_word' id='word_1_174' title='bbox 842 1948 1004 1991; x_wconf 79' lang='lat' dir='ltr'>exemptio</span> <span class='ocrx_word' id='word_1_175' title='bbox 1022 1948 1141 1992; x_wconf 89' lang='lat' dir='ltr'>cuique</span> <span class='ocrx_word' id='word_1_176' title='bbox 1161 1949 1217 1982; x_wconf 88' lang='lat' dir='ltr'>ad-</span> 
     </span>
     <span class='ocr_line' id='line_1_33' title="bbox 476 1999 1217 2044; baseline 0.005 -13"><span class='ocrx_word' id='word_1_177' title='bbox 476 2010 585 2032; x_wconf 76' lang='lat' dir='ltr'>versus</span> <span class='ocrx_word' id='word_1_178' title='bbox 606 2000 659 2032; x_wconf 88' lang='lat' dir='ltr'>illa</span> <span class='ocrx_word' id='word_1_179' title='bbox 672 1999 869 2042; x_wconf 79' lang='lat' dir='ltr'>suffragetur</span> <span class='ocrx_word' id='word_1_180' title='bbox 892 2000 950 2043; x_wconf 89' lang='lat' dir='ltr'>(ita</span> <span class='ocrx_word' id='word_1_181' title='bbox 970 2002 1056 2044; x_wconf 92' lang='lat' dir='ltr'>quod</span> <span class='ocrx_word' id='word_1_182' title='bbox 1076 2001 1217 2035; x_wconf 84' lang='lat' dir='ltr'>Societas</span> 
     </span>
     <span class='ocr_line' id='line_1_34' title="bbox 476 2053 1218 2097; baseline 0.003 -10"><span class='ocrx_word' id='word_1_183' title='bbox 476 2053 608 2097; x_wconf 88' lang='lat' dir='ltr'>eiusque</span> <span class='ocrx_word' id='word_1_184' title='bbox 634 2054 760 2094; x_wconf 88' lang='lat' dir='ltr'>domus,</span> <span class='ocrx_word' id='word_1_185' title='bbox 785 2054 930 2096; x_wconf 81' lang='lat' dir='ltr'>collegia,</span> <span class='ocrx_word' id='word_1_186' title='bbox 959 2055 1090 2095; x_wconf 74' lang='lat' dir='ltr'>fructus,</span> <span class='ocrx_word' id='word_1_187' title='bbox 1116 2066 1166 2088; x_wconf 89' lang='lat' dir='ltr'>res</span> <span class='ocrx_word' id='word_1_188' title='bbox 1187 2061 1218 2089; x_wconf 87' lang='lat' dir='ltr'>et</span> 
     </span>
     <span class='ocr_line' id='line_1_35' title="bbox 475 2107 1216 2152; baseline 0.003 -12"><span class='ocrx_word' id='word_1_189' title='bbox 475 2107 560 2140; x_wconf 88' lang='lat' dir='ltr'>bona</span> <span class='ocrx_word' id='word_1_190' title='bbox 588 2108 752 2151; x_wconf 88' lang='lat' dir='ltr'>praedicta</span> <span class='ocrx_word' id='word_1_191' title='bbox 776 2118 903 2151; x_wconf 88' lang='lat' dir='ltr'>semper</span> <span class='ocrx_word' id='word_1_192' title='bbox 927 2108 966 2140; x_wconf 86' lang='lat' dir='ltr'>ab</span> <span class='ocrx_word' id='word_1_193' title='bbox 992 2108 1066 2148; x_wconf 87' lang='lat' dir='ltr'>illis,</span> <span class='ocrx_word' id='word_1_194' title='bbox 1095 2109 1216 2152; x_wconf 82' lang='lat' dir='ltr'>absque</span> 
     </span>
     <span class='ocr_line' id='line_1_36' title="bbox 475 2161 1217 2205; baseline 0.001 -10"><span class='ocrx_word' id='word_1_195' title='bbox 475 2161 692 2195; x_wconf 75' lang='lat' dir='ltr'>declaratione</span> <span class='ocrx_word' id='word_1_196' title='bbox 706 2162 844 2204; x_wconf 87' lang='lat' dir='ltr'>desuper</span> <span class='ocrx_word' id='word_1_197' title='bbox 857 2161 999 2194; x_wconf 69' lang='lat' dir='ltr'>facienda</span> <span class='ocrx_word' id='word_1_198' title='bbox 1010 2168 1155 2205; x_wconf 84' lang='lat' dir='ltr'>exempta</span> <span class='ocrx_word' id='word_1_199' title='bbox 1170 2173 1217 2195; x_wconf 92' lang='lat' dir='ltr'>es-</span> 
     </span>
     <span class='ocr_line' id='line_1_37' title="bbox 475 2216 1217 2258; baseline 0.003 -11"><span class='ocrx_word' id='word_1_200' title='bbox 475 2220 545 2248; x_wconf 87' lang='lat' dir='ltr'>sent</span> <span class='ocrx_word' id='word_1_201' title='bbox 559 2220 590 2248; x_wconf 90' lang='lat' dir='ltr'>et</span> <span class='ocrx_word' id='word_1_202' title='bbox 603 2225 670 2247; x_wconf 89' lang='lat' dir='ltr'>esse</span> <span class='ocrx_word' id='word_1_203' title='bbox 688 2219 921 2257; x_wconf 76' lang='lat' dir='ltr'>censerentur),</span> <span class='ocrx_word' id='word_1_204' title='bbox 931 2222 1087 2258; x_wconf 84' lang='lat' dir='ltr'>perpetuo</span> <span class='ocrx_word' id='word_1_205' title='bbox 1103 2216 1217 2249; x_wconf 87' lang='lat' dir='ltr'>libcra-</span> 
     </span>
     <span class='ocr_line' id='line_1_38' title="bbox 475 2268 1233 2312; baseline 0.001 -11"><span class='ocrx_word' id='word_1_206' title='bbox 475 2268 555 2301; x_wconf 82' lang='lat' dir='ltr'>verit</span> <span class='ocrx_word' id='word_1_207' title='bbox 580 2274 611 2301; x_wconf 92' lang='lat' dir='ltr'>ct</span> <span class='ocrx_word' id='word_1_208' title='bbox 636 2268 800 2307; x_wconf 81' lang='lat' dir='ltr'>exemerit,</span> <span class='ocrx_word' id='word_1_209' title='bbox 822 2279 857 2300; x_wconf 86' lang='lat' dir='ltr'>ac</span> <span class='ocrx_word' id='word_1_210' title='bbox 883 2268 944 2300; x_wconf 85' lang='lat' dir='ltr'>alia</span> <span class='ocrx_word' id='word_1_211' title='bbox 971 2269 1091 2308; x_wconf 79' lang='lat' dir='ltr'>lecerit,</span> <span class='ocrx_word' id='word_1_212' title='bbox 1120 2276 1233 2312; x_wconf 52' lang='lat' dir='ltr'>prout,</span> 
     </span>
     <span class='ocr_line' id='line_1_39' title="bbox 476 2314 1233 2364; baseline 0.004 -11"><span class='ocrx_word' id='word_1_213' title='bbox 476 2321 506 2353; x_wconf 92' lang='lat' dir='ltr'>in</span> <span class='ocrx_word' id='word_1_214' title='bbox 533 2321 676 2354; x_wconf 84' lang='lat' dir='ltr'>eiusdem</span> <span class='ocrx_word' id='word_1_215' title='bbox 703 2321 747 2354; x_wconf 83' lang='lat' dir='ltr'>Pii</span> <span class='ocrx_word' id='word_1_216' title='bbox 773 2322 1030 2364; x_wconf 68' lang='lat' dir='ltr'>praedecessoris</span> <span class='ocrx_word' id='word_1_217' title='bbox 1055 2322 1085 2354; x_wconf 91' lang='lat' dir='ltr'>in</span> <span class='ocrx_word' id='word_1_218' title='bbox 1112 2314 1233 2357; x_wconf 64' lang='lat' dir='ltr'>forma</span> 
     </span>
     <span class='ocr_line' id='line_1_40' title="bbox 475 2375 1212 2419; baseline 0.001 -11"><span class='ocrx_word' id='word_1_219' title='bbox 475 2376 581 2408; x_wconf 83' lang='lat' dir='ltr'>Brevis</span> <span class='ocrx_word' id='word_1_220' title='bbox 599 2375 712 2408; x_wconf 81' lang='lat' dir='ltr'>litteris</span> <span class='ocrx_word' id='word_1_221' title='bbox 729 2376 787 2408; x_wconf 84' lang='lat' dir='ltr'>sub</span> <span class='ocrx_word' id='word_1_222' title='bbox 809 2376 917 2408; x_wconf 84' lang='lat' dir='ltr'>datum</span> <span class='ocrx_word' id='word_1_223' title='bbox 939 2376 990 2408; x_wconf 89' lang='lat' dir='ltr'>die</span> <span class='ocrx_word' id='word_1_224' title='bbox 1012 2386 1066 2409; x_wconf 78' lang='lat' dir='ltr'>xtx</span> <span class='ocrx_word' id='word_1_225' title='bbox 1087 2377 1212 2419; x_wconf 71' lang='lat' dir='ltr'>augusti</span> 
     </span>
     <span class='ocr_line' id='line_1_41' title="bbox 475 2429 1042 2472; baseline 0 -10"><span class='ocrx_word' id='word_1_226' title='bbox 475 2439 572 2462; x_wconf 74' lang='lat' dir='ltr'>untxi</span> <span class='ocrx_word' id='word_1_227' title='bbox 595 2429 800 2472; x_wconf 80' lang='lat' dir='ltr'>pontificatus</span> <span class='ocrx_word' id='word_1_228' title='bbox 820 2429 866 2461; x_wconf 83' lang='lat' dir='ltr'>sui</span> <span class='ocrx_word' id='word_1_229' title='bbox 890 2439 974 2461; x_wconf 88' lang='lat' dir='ltr'>anno</span> <span class='ocrx_word' id='word_1_230' title='bbox 991 2430 1042 2465; x_wconf 81' lang='lat' dir='ltr'>u²²;</span> 
     </span>
    </p>
   </div>
   <div class='ocr_carea' id='block_1_4' title="bbox 275 1050 461 1177">
    <p class='ocr_par' dir='ltr' id='par_1_5' title="bbox 275 1050 461 1177">
     <span class='ocr_line' id='line_1_42' title="bbox 290 1050 461 1073; baseline 0.023 -3"><span class='ocrx_word' id='word_1_231' title='bbox 290 1050 313 1071; x_wconf 73' lang='lat' dir='ltr'>Et</span> <span class='ocrx_word' id='word_1_232' title='bbox 326 1051 350 1070; x_wconf 78' lang='lat' dir='ltr'>de</span> <span class='ocrx_word' id='word_1_233' title='bbox 360 1058 412 1072; x_wconf 58' lang='lat' dir='ltr'>uoti)</span> <span class='ocrx_word' id='word_1_234' title='bbox 423 1054 461 1073; x_wconf 75' lang='lat' dir='ltr'>Sn-</span> 
     </span>
     <span class='ocr_line' id='line_1_43' title="bbox 275 1078 461 1101; baseline 0.043 -7"><span class='ocrx_word' id='word_1_235' title='bbox 275 1078 374 1098; x_wconf 66' lang='lat' dir='ltr'>rtezntem</span> <span class='ocrx_word' id='word_1_236' title='bbox 406 1087 461 1101; x_wconf 79' lang='lat' dir='ltr'>eius-</span> 
     </span>
     <span class='ocr_line' id='line_1_44' title="bbox 277 1105 461 1129; baseline 0.038 -8"><span class='ocrx_word' id='word_1_237' title='bbox 277 1105 380 1129; x_wconf 75' lang='lat' dir='ltr'>quelwua</span> <span class='ocrx_word' id='word_1_238' title='bbox 391 1109 461 1128; x_wconf 66' lang='lat' dir='ltr'>bii-nia</span> 
     </span>
     <span class='ocr_line' id='line_1_45' title="bbox 277 1134 461 1157; baseline 0.033 -8"><span class='ocrx_word' id='word_1_239' title='bbox 277 1134 372 1157; x_wconf 53' lang='lat' dir='ltr'>exempta</span> <span class='ocrx_word' id='word_1_240' title='bbox 416 1140 461 1155; x_wconf 71' lang='lat' dir='ltr'>esse</span> 
     </span>
     <span class='ocr_line' id='line_1_46' title="bbox 278 1157 347 1177; baseline 0.029 -2"><span class='ocrx_word' id='word_1_241' title='bbox 278 1157 347 1177; x_wconf 77' lang='lat' dir='ltr'>voluit.</span> 
     </span>
    </p>
   </div>
   <div class='ocr_carea' id='block_1_5' title="bbox 474 2527 1214 2693">
    <p class='ocr_par' dir='ltr' id='par_1_6' title="bbox 474 2527 1214 2607">
     <span class='ocr_line' id='line_1_47' title="bbox 511 2527 1214 2562; baseline 0 -8"><span class='ocrx_word' id='word_1_242' title='bbox 511 2528 519 2554; x_wconf 87' lang='lat'>1</span> <span class='ocrx_word' id='word_1_243' title='bbox 544 2527 580 2554; x_wconf 82' lang='lat' dir='ltr'>Pii</span> <span class='ocrx_word' id='word_1_244' title='bbox 602 2527 632 2554; x_wconf 84' lang='lat' dir='ltr'>tv</span> <span class='ocrx_word' id='word_1_245' title='bbox 645 2527 749 2554; x_wconf 55' lang='lat' dir='ltr'>litte-rae</span> <span class='ocrx_word' id='word_1_246' title='bbox 767 2527 930 2562; x_wconf 80' lang='lat' dir='ltr'>praecitatae</span> <span class='ocrx_word' id='word_1_247' title='bbox 947 2527 1055 2554; x_wconf 75' lang='lat' dir='ltr'>exulant</span> <span class='ocrx_word' id='word_1_248' title='bbox 1071 2527 1096 2554; x_wconf 90' lang='lat' dir='ltr'>in</span> <span class='ocrx_word' id='word_1_249' title='bbox 1115 2528 1214 2555; x_wconf 74' lang='lat' dir='ltr'>Bulla-</span> 
     </span>
     <span class='ocr_line' id='line_1_48' title="bbox 474 2572 637 2607; baseline -0.012 -7"><span class='ocrx_word' id='word_1_250' title='bbox 474 2572 520 2600; x_wconf 74' lang='lat' dir='ltr'>rio</span> <span class='ocrx_word' id='word_1_251' title='bbox 540 2572 576 2607; x_wconf 77' lang='lat' dir='ltr'>(a.</span> <span class='ocrx_word' id='word_1_252' title='bbox 590 2572 637 2606; x_wconf 88' lang='grc' dir='ltr'>τ.).</span> 
     </span>
    </p>

    <p class='ocr_par' dir='ltr' id='par_1_7' title="bbox 508 2615 1158 2651">
     <span class='ocr_line' id='line_1_49' title="bbox 508 2615 1158 2651; baseline 0 -9"><span class='ocrx_word' id='word_1_253' title='bbox 508 2616 525 2642; x_wconf 70' lang='lat'><strong>2</strong></span> <span class='ocrx_word' id='word_1_254' title='bbox 544 2616 603 2644; x_wconf 84' lang='lat' dir='ltr'>Vox</span> <span class='ocrx_word' id='word_1_255' title='bbox 618 2616 668 2643; x_wconf 84' lang='lat' dir='ltr'>ista</span> <span class='ocrx_word' id='word_1_256' title='bbox 683 2616 756 2651; x_wconf 82' lang='lat' dir='ltr'>quod</span> <span class='ocrx_word' id='word_1_257' title='bbox 771 2616 908 2651; x_wconf 84' lang='lat' dir='ltr'>superflua</span> <span class='ocrx_word' id='word_1_258' title='bbox 928 2615 1033 2643; x_wconf 83' lang='lat' dir='ltr'>videtur</span> <span class='ocrx_word' id='word_1_259' title='bbox 1051 2618 1086 2651; x_wconf 82' lang='lat' dir='ltr'>(a.</span> <span class='ocrx_word' id='word_1_260' title='bbox 1109 2617 1158 2647; x_wconf 76' lang='lat' dir='ltr'><strong>T.)-</strong></span> 
     </span>
    </p>

    <p class='ocr_par' dir='ltr' id='par_1_8' title="bbox 510 2659 1213 2693">
     <span class='ocr_line' id='line_1_50' title="bbox 510 2659 1213 2693; baseline -0.001 -6"><span class='ocrx_word' id='word_1_261' title='bbox 510 2661 525 2687; x_wconf 86' lang='grc'><strong><em>3</em></strong></span> <span class='ocrx_word' id='word_1_262' title='bbox 539 2660 593 2687; x_wconf 85' lang='lat' dir='ltr'>Hae</span> <span class='ocrx_word' id='word_1_263' title='bbox 604 2660 721 2693; x_wconf 82' lang='lat' dir='ltr'>litterae,</span> <span class='ocrx_word' id='word_1_264' title='bbox 736 2660 795 2687; x_wconf 85' lang='lat' dir='ltr'>sive</span> <span class='ocrx_word' id='word_1_265' title='bbox 810 2660 864 2687; x_wconf 84' lang='lat' dir='ltr'>sint</span> <span class='ocrx_word' id='word_1_266' title='bbox 878 2659 989 2687; x_wconf 79' lang='lat' dir='ltr'>eaedem</span> <span class='ocrx_word' id='word_1_267' title='bbox 1006 2669 1066 2687; x_wconf 91' lang='lat' dir='ltr'>cum</span> <span class='ocrx_word' id='word_1_268' title='bbox 1082 2660 1169 2688; x_wconf 88' lang='lat' dir='ltr'>citatis</span> <span class='ocrx_word' id='word_1_269' title='bbox 1188 2659 1213 2686; x_wconf 90' lang='lat' dir='ltr'>in</span> 
     </span>
    </p>
   </div>
   <div class='ocr_carea' id='block_1_6' title="bbox 1231 349 1238 2738">
    <p class='ocr_par' dir='ltr' id='par_1_9' title="bbox 1231 349 1238 2738">
     <span class='ocr_line' id='line_1_51' title="bbox 1231 349 1238 2738; baseline 0 0"><span class='ocrx_word' id='word_1_270' title='bbox 1231 349 1238 2738; x_wconf 95' lang='lat' dir='ltr'> </span> 
     </span>
    </p>
   </div>
   <div class='ocr_carea' id='block_1_7' title="bbox 481 2705 1233 2741">
    <p class='ocr_par' dir='ltr' id='par_1_10' title="bbox 481 2705 1233 2741">
     <span class='ocr_line' id='line_1_52' title="bbox 481 2705 1233 2741; baseline 0.001 -10"><span class='ocrx_word' id='word_1_271' title='bbox 481 2706 493 2739; x_wconf 68' lang='grc' dir='ltr'>ξ,</span> <span class='ocrx_word' id='word_1_272' title='bbox 511 2713 601 2740; x_wconf 81' lang='lat' dir='ltr'>praec.</span> <span class='ocrx_word' id='word_1_273' title='bbox 622 2706 677 2733; x_wconf 83' lang='lat' dir='ltr'>sive</span> <span class='ocrx_word' id='word_1_274' title='bbox 693 2705 828 2740; x_wconf 84' lang='lat' dir='ltr'>diversae,</span> <span class='ocrx_word' id='word_1_275' title='bbox 840 2714 891 2733; x_wconf 89' lang='lat' dir='ltr'>nou</span> <span class='ocrx_word' id='word_1_276' title='bbox 913 2705 963 2741; x_wconf 77' lang='lat' dir='ltr'>leg.</span> <span class='ocrx_word' id='word_1_277' title='bbox 986 2705 1012 2732; x_wconf 91' lang='lat' dir='ltr'>in</span> <span class='ocrx_word' id='word_1_278' title='bbox 1027 2706 1100 2733; x_wconf 81' lang='lat' dir='ltr'>Bull.</span> <span class='ocrx_word' id='word_1_279' title='bbox 1114 2708 1153 2741; x_wconf 72' lang='lat' dir='ltr'>(R.</span> <span class='ocrx_word' id='word_1_280' title='bbox 1166 2707 1213 2740; x_wconf 81' lang='lat' dir='ltr'><strong>T.).</strong></span> <span class='ocrx_word' id='word_1_281' title='bbox 1231 2709 1233 2714; x_wconf 90' lang='grc'><strong>’</strong></span> 
     </span>
    </p>
   </div>
   <div class='ocr_carea' id='block_1_8' title="bbox 1056 298 1415 324">
    <p class='ocr_par' dir='ltr' id='par_1_11' title="bbox 1056 298 1415 324">
     <span class='ocr_line' id='line_1_53' title="bbox 1056 298 1415 324; baseline 0.006 -2"><span class='ocrx_word' id='word_1_282' title='bbox 1056 298 1238 323; x_wconf 75' lang='lat' dir='ltr'>suLLAmtJu</span> <span class='ocrx_word' id='word_1_283' title='bbox 1262 298 1415 324; x_wconf 74' lang='lat' dir='ltr'>ROMANUM</span> 
     </span>
    </p>
   </div>
   <div class='ocr_carea' id='block_1_9' title="bbox 1249 347 1992 604">
    <p class='ocr_par' dir='ltr' id='par_1_12' title="bbox 1249 347 1992 604">
     <span class='ocr_line' id='line_1_54' title="bbox 1294 347 1991 391; baseline 0.001 -10"><span class='ocrx_word' id='word_1_284' title='bbox 1294 350 1310 389; x_wconf 66' lang='grc' dir='ltr'>ξ</span> <span class='ocrx_word' id='word_1_285' title='bbox 1321 347 1351 381; x_wconf 76' lang='grc'>4.</span> <span class='ocrx_word' id='word_1_286' title='bbox 1362 348 1478 380; x_wconf 84' lang='lat' dir='ltr'>Etcum</span> <span class='ocrx_word' id='word_1_287' title='bbox 1492 347 1635 388; x_wconf 85' lang='lat' dir='ltr'>demum,</span> <span class='ocrx_word' id='word_1_288' title='bbox 1644 347 1716 391; x_wconf 89' lang='lat' dir='ltr'>piae</span> <span class='ocrx_word' id='word_1_289' title='bbox 1730 347 1906 381; x_wconf 72' lang='lat' dir='ltr'>memoriae</span> <span class='ocrx_word' id='word_1_290' title='bbox 1918 347 1991 382; x_wconf 84' lang='lat' dir='ltr'>Gre-</span> 
     </span>
     <span class='ocr_line' id='line_1_55' title="bbox 1249 400 1991 445; baseline 0.003 -11"><span class='ocrx_word' id='word_1_291' title='bbox 1249 403 1342 443; x_wconf 84' lang='lat' dir='ltr'>gorio</span> <span class='ocrx_word' id='word_1_292' title='bbox 1359 401 1464 444; x_wconf 87' lang='lat' dir='ltr'>Papae</span> <span class='ocrx_word' id='word_1_293' title='bbox 1472 400 1551 441; x_wconf 87' lang='lat' dir='ltr'>Xlll,</span> <span class='ocrx_word' id='word_1_294' title='bbox 1569 400 1665 434; x_wconf 89' lang='lat' dir='ltr'>etiam</span> <span class='ocrx_word' id='word_1_295' title='bbox 1680 401 1920 445; x_wconf 75' lang='lat' dir='ltr'>praedecessori</span> <span class='ocrx_word' id='word_1_296' title='bbox 1933 412 1991 436; x_wconf 92' lang='lat' dir='ltr'>no-</span> 
     </span>
     <span class='ocr_line' id='line_1_56' title="bbox 1249 454 1990 500; baseline 0.003 -14"><span class='ocrx_word' id='word_1_297' title='bbox 1249 460 1328 495; x_wconf 88' lang='lat' dir='ltr'>stro,</span> <span class='ocrx_word' id='word_1_298' title='bbox 1353 464 1412 497; x_wconf 89' lang='lat' dir='ltr'>pro</span> <span class='ocrx_word' id='word_1_299' title='bbox 1430 459 1520 497; x_wconf 86' lang='lat' dir='ltr'>parte</span> <span class='ocrx_word' id='word_1_300' title='bbox 1541 459 1617 487; x_wconf 90' lang='lat' dir='ltr'>tunc</span> <span class='ocrx_word' id='word_1_301' title='bbox 1635 454 1798 488; x_wconf 86' lang='lat' dir='ltr'>existentis</span> <span class='ocrx_word' id='word_1_302' title='bbox 1813 455 1990 500; x_wconf 86' lang='lat' dir='ltr'>praepositi</span> 
     </span>
     <span class='ocr_line' id='line_1_57' title="bbox 1249 507 1992 552; baseline 0.004 -13"><span class='ocrx_word' id='word_1_303' title='bbox 1249 507 1409 549; x_wconf 77' lang='lat' dir='ltr'>generalis</span> <span class='ocrx_word' id='word_1_304' title='bbox 1430 507 1573 540; x_wconf 89' lang='lat' dir='ltr'>eiusdem</span> <span class='ocrx_word' id='word_1_305' title='bbox 1595 507 1762 541; x_wconf 89' lang='lat' dir='ltr'>Societatis</span> <span class='ocrx_word' id='word_1_306' title='bbox 1781 508 1852 542; x_wconf 89' lang='lat' dir='ltr'>Iesu</span> <span class='ocrx_word' id='word_1_307' title='bbox 1871 508 1992 552; x_wconf 88' lang='lat' dir='ltr'>pariter</span> 
     </span>
     <span class='ocr_line' id='line_1_58' title="bbox 1251 559 1992 604; baseline 0.004 -12"><span class='ocrx_word' id='word_1_308' title='bbox 1251 560 1407 604; x_wconf 76' lang='lat' dir='ltr'>exposite,</span> <span class='ocrx_word' id='word_1_309' title='bbox 1422 561 1520 603; x_wconf 88' lang='lat' dir='ltr'>quod,</span> <span class='ocrx_word' id='word_1_310' title='bbox 1533 559 1608 593; x_wconf 84' lang='lat' dir='ltr'>licet</span> <span class='ocrx_word' id='word_1_311' title='bbox 1622 561 1804 604; x_wconf 84' lang='lat' dir='ltr'>praedictus</span> <span class='ocrx_word' id='word_1_312' title='bbox 1820 561 1939 594; x_wconf 91' lang='lat' dir='ltr'>Paulus</span> <span class='ocrx_word' id='word_1_313' title='bbox 1951 561 1992 595; x_wconf 92' lang='lat'>111</span> 
     </span>
    </p>
   </div>
   <div class='ocr_carea' id='block_1_10' title="bbox 1232 602 1990 663">
    <p class='ocr_par' dir='ltr' id='par_1_13' title="bbox 1232 602 1990 663">
     <span class='ocr_line' id='line_1_59' title="bbox 1232 602 1990 663; baseline 0.004 -18"><span class='ocrx_word' id='word_1_314' title='bbox 1232 602 1489 663; x_wconf 38' lang='lat' dir='ltr'>§praedecessoiz</span> <span class='ocrx_word' id='word_1_315' title='bbox 1520 614 1629 646; x_wconf 86' lang='lat' dir='ltr'>volens</span> <span class='ocrx_word' id='word_1_316' title='bbox 1655 613 1771 647; x_wconf 81' lang='lat' dir='ltr'>dictam</span> <span class='ocrx_word' id='word_1_317' title='bbox 1799 614 1990 648; x_wconf 81' lang='lat' dir='ltr'>Societatem</span> 
     </span>
    </p>
   </div>
   <div class='ocr_carea' id='block_1_11' title="bbox 1251 666 1995 1352">
    <p class='ocr_par' dir='ltr' id='par_1_14' title="bbox 1251 666 1995 1352">
     <span class='ocr_line' id='line_1_60' title="bbox 1252 666 1992 709; baseline 0.003 -10"><span class='ocrx_word' id='word_1_318' title='bbox 1252 677 1308 709; x_wconf 88' lang='lat' dir='ltr'>per</span> <span class='ocrx_word' id='word_1_319' title='bbox 1325 677 1397 699; x_wconf 84' lang='lat' dir='ltr'>eum</span> <span class='ocrx_word' id='word_1_320' title='bbox 1419 666 1595 709; x_wconf 80' lang='lat' dir='ltr'>apostolica</span> <span class='ocrx_word' id='word_1_321' title='bbox 1609 667 1799 701; x_wconf 86' lang='lat' dir='ltr'>auctoritate</span> <span class='ocrx_word' id='word_1_322' title='bbox 1816 667 1992 702; x_wconf 90' lang='lat' dir='ltr'>institutam</span> 
     </span>
     <span class='ocr_line' id='line_1_61' title="bbox 1252 719 1993 764; baseline 0.004 -12"><span class='ocrx_word' id='word_1_323' title='bbox 1252 725 1282 752; x_wconf 87' lang='lat' dir='ltr'>et</span> <span class='ocrx_word' id='word_1_324' title='bbox 1316 720 1527 763; x_wconf 82' lang='lat' dir='ltr'>approbatam</span> <span class='ocrx_word' id='word_1_325' title='bbox 1564 719 1715 764; x_wconf 87' lang='lat' dir='ltr'>illiusque</span> <span class='ocrx_word' id='word_1_326' title='bbox 1750 721 1854 754; x_wconf 90' lang='lat' dir='ltr'>socios</span> <span class='ocrx_word' id='word_1_327' title='bbox 1885 721 1993 755; x_wconf 84' lang='lat' dir='ltr'>favore</span> 
     </span>
     <span class='ocr_line' id='line_1_62' title="bbox 1252 774 1990 818; baseline 0.003 -12"><span class='ocrx_word' id='word_1_328' title='bbox 1252 774 1404 817; x_wconf 86' lang='lat' dir='ltr'>prosequi</span> <span class='ocrx_word' id='word_1_329' title='bbox 1414 774 1536 816; x_wconf 80' lang='lat' dir='ltr'>gratiae</span> <span class='ocrx_word' id='word_1_330' title='bbox 1545 774 1703 818; x_wconf 87' lang='lat' dir='ltr'>specialis,</span> <span class='ocrx_word' id='word_1_331' title='bbox 1716 775 1799 808; x_wconf 88' lang='lat' dir='ltr'>inter</span> <span class='ocrx_word' id='word_1_332' title='bbox 1811 774 1874 808; x_wconf 88' lang='lat' dir='ltr'>alia</span> <span class='ocrx_word' id='word_1_333' title='bbox 1887 775 1990 809; x_wconf 89' lang='lat' dir='ltr'>eidem</span> 
     </span>
     <span class='ocr_line' id='line_1_63' title="bbox 1251 827 1993 871; baseline 0.003 -12"><span class='ocrx_word' id='word_1_334' title='bbox 1251 827 1401 860; x_wconf 77' lang='lat' dir='ltr'>Societati</span> <span class='ocrx_word' id='word_1_335' title='bbox 1416 832 1446 860; x_wconf 89' lang='lat' dir='ltr'>et</span> <span class='ocrx_word' id='word_1_336' title='bbox 1457 827 1551 860; x_wconf 89' lang='lat' dir='ltr'>sociis</span> <span class='ocrx_word' id='word_1_337' title='bbox 1564 832 1875 871; x_wconf 78' lang='lat' dir='ltr'>supramemoratam</span> <span class='ocrx_word' id='word_1_338' title='bbox 1886 838 1993 861; x_wconf 86' lang='lat' dir='ltr'>exem-</span> 
     </span>
     <span class='ocr_line' id='line_1_64' title="bbox 1251 880 1993 924; baseline 0.004 -12"><span class='ocrx_word' id='word_1_339' title='bbox 1251 880 1393 924; x_wconf 82' lang='lat' dir='ltr'>ptionem</span> <span class='ocrx_word' id='word_1_340' title='bbox 1412 891 1430 913; x_wconf 85' lang='lat' dir='ltr'>a</span> <span class='ocrx_word' id='word_1_341' title='bbox 1452 881 1585 914; x_wconf 84' lang='lat' dir='ltr'>decimis</span> <span class='ocrx_word' id='word_1_342' title='bbox 1606 881 1815 915; x_wconf 81' lang='lat' dir='ltr'>concessisset</span> <span class='ocrx_word' id='word_1_343' title='bbox 1835 887 1866 915; x_wconf 82' lang='lat' dir='ltr'>et.</span> <span class='ocrx_word' id='word_1_344' title='bbox 1885 881 1993 916; x_wconf 88' lang='lat' dir='ltr'>indul-</span> 
     </span>
     <span class='ocr_line' id='line_1_65' title="bbox 1251 934 1994 980; baseline 0.004 -14"><span class='ocrx_word' id='word_1_345' title='bbox 1251 934 1356 975; x_wconf 82' lang='lat' dir='ltr'>sisset,</span> <span class='ocrx_word' id='word_1_346' title='bbox 1378 940 1408 967; x_wconf 88' lang='lat' dir='ltr'>et</span> <span class='ocrx_word' id='word_1_347' title='bbox 1426 935 1604 968; x_wconf 80' lang='lat' dir='ltr'>successive</span> <span class='ocrx_word' id='word_1_348' title='bbox 1624 935 1747 969; x_wconf 88' lang='lat' dir='ltr'>PiuslV</span> <span class='ocrx_word' id='word_1_349' title='bbox 1760 935 1881 970; x_wconf 83' lang='lat' dir='ltr'>litteras</span> <span class='ocrx_word' id='word_1_350' title='bbox 1895 935 1994 980; x_wconf 89' lang='lat' dir='ltr'>ipsius</span> 
     </span>
     <span class='ocr_line' id='line_1_66' title="bbox 1253 987 1994 1032; baseline 0.004 -12"><span class='ocrx_word' id='word_1_351' title='bbox 1253 988 1340 1020; x_wconf 79' lang='lat' dir='ltr'>Pauli</span> <span class='ocrx_word' id='word_1_352' title='bbox 1363 987 1413 1029; x_wconf 84' lang='lat' dir='ltr'>tlt,</span> <span class='ocrx_word' id='word_1_353' title='bbox 1431 994 1465 1021; x_wconf 93' lang='lat' dir='ltr'>ut</span> <span class='ocrx_word' id='word_1_354' title='bbox 1484 999 1580 1032; x_wconf 87' lang='lat' dir='ltr'>supra</span> <span class='ocrx_word' id='word_1_355' title='bbox 1595 988 1715 1022; x_wconf 87' lang='lat' dir='ltr'>dictum</span> <span class='ocrx_word' id='word_1_356' title='bbox 1729 995 1786 1029; x_wconf 88' lang='lat' dir='ltr'>est,</span> <span class='ocrx_word' id='word_1_357' title='bbox 1804 989 1994 1023; x_wconf 84' lang='lat' dir='ltr'>confirmas-</span> 
     </span>
     <span class='ocr_line' id='line_1_67' title="bbox 1251 1041 1991 1085; baseline 0.005 -13"><span class='ocrx_word' id='word_1_358' title='bbox 1251 1046 1299 1072; x_wconf 83' lang='lat' dir='ltr'>set</span> <span class='ocrx_word' id='word_1_359' title='bbox 1324 1047 1354 1073; x_wconf 88' lang='lat' dir='ltr'>et</span> <span class='ocrx_word' id='word_1_360' title='bbox 1379 1042 1589 1085; x_wconf 84' lang='lat' dir='ltr'>approbasset</span> <span class='ocrx_word' id='word_1_361' title='bbox 1618 1048 1649 1075; x_wconf 90' lang='lat' dir='ltr'>et</span> <span class='ocrx_word' id='word_1_362' title='bbox 1681 1042 1742 1075; x_wconf 90' lang='lat' dir='ltr'>alia</span> <span class='ocrx_word' id='word_1_363' title='bbox 1768 1041 1991 1082; x_wconf 76' lang='lat' dir='ltr'>concessisset,</span> 
     </span>
     <span class='ocr_line' id='line_1_68' title="bbox 1252 1094 1994 1138; baseline 0.003 -12"><span class='ocrx_word' id='word_1_364' title='bbox 1252 1100 1346 1137; x_wconf 89' lang='lat' dir='ltr'>prout</span> <span class='ocrx_word' id='word_1_365' title='bbox 1371 1094 1401 1127; x_wconf 89' lang='lat' dir='ltr'>iu</span> <span class='ocrx_word' id='word_1_366' title='bbox 1422 1095 1556 1137; x_wconf 77' lang='lat' dir='ltr'>siugulis</span> <span class='ocrx_word' id='word_1_367' title='bbox 1574 1095 1767 1138; x_wconf 83' lang='lat' dir='ltr'>supradictis</span> <span class='ocrx_word' id='word_1_368' title='bbox 1788 1095 1876 1129; x_wconf 86' lang='lat' dir='ltr'>Pauli</span> <span class='ocrx_word' id='word_1_369' title='bbox 1899 1101 1930 1128; x_wconf 89' lang='lat' dir='ltr'>et</span> <span class='ocrx_word' id='word_1_370' title='bbox 1948 1095 1994 1129; x_wconf 89' lang='lat' dir='ltr'>Pii</span> 
     </span>
     <span class='ocr_line' id='line_1_69' title="bbox 1254 1148 1992 1192; baseline 0.004 -13"><span class='ocrx_word' id='word_1_371' title='bbox 1254 1148 1538 1190; x_wconf 77' lang='lat' dir='ltr'>praedecessorum</span> <span class='ocrx_word' id='word_1_372' title='bbox 1566 1149 1680 1182; x_wconf 81' lang='lat' dir='ltr'>litteris</span> <span class='ocrx_word' id='word_1_373' title='bbox 1701 1148 1826 1192; x_wconf 89' lang='lat' dir='ltr'>plenius</span> <span class='ocrx_word' id='word_1_374' title='bbox 1843 1149 1992 1182; x_wconf 83' lang='lat' dir='ltr'>contine-</span> 
     </span>
     <span class='ocr_line' id='line_1_70' title="bbox 1253 1200 1994 1245; baseline 0.005 -14"><span class='ocrx_word' id='word_1_375' title='bbox 1253 1200 1358 1239; x_wconf 60' lang='lat' dir='ltr'>batur,</span> <span class='ocrx_word' id='word_1_376' title='bbox 1382 1200 1606 1239; x_wconf 82' lang='lat' dir='ltr'>nibilominus,</span> <span class='ocrx_word' id='word_1_377' title='bbox 1627 1202 1705 1245; x_wconf 86' lang='lat' dir='ltr'>quia</span> <span class='ocrx_word' id='word_1_378' title='bbox 1726 1202 1757 1235; x_wconf 88' lang='lat' dir='ltr'>in</span> <span class='ocrx_word' id='word_1_379' title='bbox 1776 1202 1838 1235; x_wconf 86' lang='lat' dir='ltr'>iltis</span> <span class='ocrx_word' id='word_1_380' title='bbox 1851 1202 1940 1235; x_wconf 84' lang='lat' dir='ltr'>nulla</span> <span class='ocrx_word' id='word_1_381' title='bbox 1954 1202 1994 1235; x_wconf 91' lang='lat' dir='ltr'>de</span> 
     </span>
     <span class='ocr_line' id='line_1_71' title="bbox 1253 1253 1995 1288; baseline 0.004 -3"><span class='ocrx_word' id='word_1_382' title='bbox 1253 1253 1486 1287; x_wconf 83' lang='lat' dir='ltr'>Constitutione</span> <span class='ocrx_word' id='word_1_383' title='bbox 1500 1255 1691 1288; x_wconf 77' lang='lat' dir='ltr'>recolendae</span> <span class='ocrx_word' id='word_1_384' title='bbox 1709 1255 1884 1288; x_wconf 86' lang='lat' dir='ltr'>memoriae</span> <span class='ocrx_word' id='word_1_385' title='bbox 1899 1255 1995 1288; x_wconf 84' lang='lat' dir='ltr'>Inno-</span> 
     </span>
     <span class='ocr_line' id='line_1_72' title="bbox 1252 1307 1994 1352; baseline 0.003 -13"><span class='ocrx_word' id='word_1_386' title='bbox 1252 1307 1348 1339; x_wconf 75' lang='lat' dir='ltr'>centii</span> <span class='ocrx_word' id='word_1_387' title='bbox 1368 1308 1472 1351; x_wconf 73' lang='lat' dir='ltr'>Papae</span> <span class='ocrx_word' id='word_1_388' title='bbox 1496 1308 1546 1347; x_wconf 83' lang='grc' dir='ltr'>ΙΙΙ,</span> <span class='ocrx_word' id='word_1_389' title='bbox 1567 1308 1716 1342; x_wconf 80' lang='lat' dir='ltr'>similiter</span> <span class='ocrx_word' id='word_1_390' title='bbox 1735 1308 1994 1352; x_wconf 85' lang='lat' dir='ltr'>praedecessoris</span> 
     </span>
    </p>
   </div>
   <div class='ocr_carea' id='block_1_12' title="bbox 1233 1359 1993 1407">
    <p class='ocr_par' dir='ltr' id='par_1_15' title="bbox 1233 1359 1993 1407">
     <span class='ocr_line' id='line_1_73' title="bbox 1233 1359 1993 1407; baseline 0.003 -15"><span class='ocrx_word' id='word_1_391' title='bbox 1233 1401 1235 1407; x_wconf 24' lang='grc' dir='ltr'><strong>Υ</strong></span> <span class='ocrx_word' id='word_1_392' title='bbox 1252 1359 1365 1397; x_wconf 83' lang='lat' dir='ltr'>nostri,</span> <span class='ocrx_word' id='word_1_393' title='bbox 1389 1361 1419 1392; x_wconf 91' lang='lat' dir='ltr'>iu</span> <span class='ocrx_word' id='word_1_394' title='bbox 1441 1361 1579 1394; x_wconf 85' lang='lat' dir='ltr'>concilio</span> <span class='ocrx_word' id='word_1_395' title='bbox 1593 1361 1736 1403; x_wconf 69' lang='lat' dir='ltr'>generali</span> <span class='ocrx_word' id='word_1_396' title='bbox 1751 1371 1847 1405; x_wconf 85' lang='lat' dir='ltr'>super</span> <span class='ocrx_word' id='word_1_397' title='bbox 1860 1361 1993 1394; x_wconf 84' lang='lat' dir='ltr'>decimis</span> 
     </span>
    </p>
   </div>
   <div class='ocr_carea' id='block_1_13' title="bbox 1251 1413 1994 1511">
    <p class='ocr_par' dir='ltr' id='par_1_16' title="bbox 1251 1413 1994 1511">
     <span class='ocr_line' id='line_1_74' title="bbox 1253 1413 1994 1458; baseline 0.001 -12"><span class='ocrx_word' id='word_1_398' title='bbox 1253 1413 1348 1451; x_wconf 72' lang='lat' dir='ltr'>edita,</span> <span class='ocrx_word' id='word_1_399' title='bbox 1377 1424 1460 1456; x_wconf 85' lang='lat' dir='ltr'>quae</span> <span class='ocrx_word' id='word_1_400' title='bbox 1485 1413 1596 1458; x_wconf 74' lang='lat' dir='ltr'>incipit</span> <span class='ocrx_word' id='word_1_401' title='bbox 1621 1413 1762 1458; x_wconf 76' lang='lat' dir='ltr'>Nuper¹,</span> <span class='ocrx_word' id='word_1_402' title='bbox 1791 1424 1940 1458; x_wconf 85' lang='lat' dir='ltr'>expressa</span> <span class='ocrx_word' id='word_1_403' title='bbox 1962 1419 1994 1447; x_wconf 89' lang='lat' dir='ltr'>et</span> 
     </span>
     <span class='ocr_line' id='line_1_75' title="bbox 1251 1467 1994 1511; baseline 0.001 -12"><span class='ocrx_word' id='word_1_404' title='bbox 1251 1467 1400 1510; x_wconf 79' lang='lat' dir='ltr'>specifica</span> <span class='ocrx_word' id='word_1_405' title='bbox 1422 1468 1541 1500; x_wconf 82' lang='lat' dir='ltr'>mentio</span> <span class='ocrx_word' id='word_1_406' title='bbox 1573 1469 1655 1501; x_wconf 83' lang='lat' dir='ltr'>t&#39;acta</span> <span class='ocrx_word' id='word_1_407' title='bbox 1684 1479 1742 1501; x_wconf 89' lang='lat' dir='ltr'>nec</span> <span class='ocrx_word' id='word_1_408' title='bbox 1763 1468 1791 1500; x_wconf 88' lang='lat' dir='ltr'>ei</span> <span class='ocrx_word' id='word_1_409' title='bbox 1811 1467 1994 1511; x_wconf 82' lang='lat' dir='ltr'>specialiter</span> 
     </span>
    </p>
   </div>
   <div class='ocr_carea' id='block_1_14' title="bbox 1233 1517 2051 1564">
    <p class='ocr_par' dir='ltr' id='par_1_17' title="bbox 1233 1517 2051 1564">
     <span class='ocr_line' id='line_1_76' title="bbox 1233 1517 2051 1564; baseline 0.002 -12"><span class='ocrx_word' id='word_1_410' title='bbox 1233 1517 1235 1524; x_wconf 80' lang='grc'><em>’</em></span> <span class='ocrx_word' id='word_1_411' title='bbox 1252 1526 1282 1553; x_wconf 92' lang='lat' dir='ltr'>et</span> <span class='ocrx_word' id='word_1_412' title='bbox 1302 1531 1447 1564; x_wconf 85' lang='lat' dir='ltr'>expresse</span> <span class='ocrx_word' id='word_1_413' title='bbox 1462 1521 1653 1563; x_wconf 71' lang='lat' dir='ltr'>derogatum</span> <span class='ocrx_word' id='word_1_414' title='bbox 1672 1522 1785 1562; x_wconf 86' lang='lat' dir='ltr'>fuerat,</span> <span class='ocrx_word' id='word_1_415' title='bbox 1799 1521 1883 1554; x_wconf 88' lang='lat' dir='ltr'>idem</span> <span class='ocrx_word' id='word_1_416' title='bbox 1902 1531 1994 1564; x_wconf 87' lang='lat' dir='ltr'>prae·</span> <span class='ocrx_word' id='word_1_417' title='bbox 2042 1544 2051 1554; x_wconf 83' lang='lat'><strong>.</strong></span> 
     </span>
    </p>
   </div>
   <div class='ocr_carea' id='block_1_15' title="bbox 1251 1574 1994 2205">
    <p class='ocr_par' dir='ltr' id='par_1_18' title="bbox 1251 1574 1994 2205">
     <span class='ocr_line' id='line_1_77' title="bbox 1251 1574 1989 1618; baseline 0.001 -12"><span class='ocrx_word' id='word_1_418' title='bbox 1251 1574 1375 1617; x_wconf 85' lang='lat' dir='ltr'>positus</span> <span class='ocrx_word' id='word_1_419' title='bbox 1397 1574 1564 1607; x_wconf 76' lang='lat' dir='ltr'>dubitabat</span> <span class='ocrx_word' id='word_1_420' title='bbox 1588 1575 1731 1617; x_wconf 76' lang='lat' dir='ltr'>singulas</span> <span class='ocrx_word' id='word_1_421' title='bbox 1751 1574 1873 1608; x_wconf 88' lang='lat' dir='ltr'>litteras</span> <span class='ocrx_word' id='word_1_422' title='bbox 1892 1584 1989 1618; x_wconf 84' lang='lat' dir='ltr'>prae-</span> 
     </span>
     <span class='ocr_line' id='line_1_78' title="bbox 1251 1627 1992 1672; baseline 0.001 -12"><span class='ocrx_word' id='word_1_423' title='bbox 1251 1628 1351 1661; x_wconf 86' lang='lat' dir='ltr'>dictas</span> <span class='ocrx_word' id='word_1_424' title='bbox 1372 1628 1411 1661; x_wconf 90' lang='lat' dir='ltr'>de</span> <span class='ocrx_word' id='word_1_425' title='bbox 1431 1628 1648 1672; x_wconf 87' lang='lat' dir='ltr'>subreptionis</span> <span class='ocrx_word' id='word_1_426' title='bbox 1665 1639 1721 1661; x_wconf 89' lang='lat' dir='ltr'>seu</span> <span class='ocrx_word' id='word_1_427' title='bbox 1741 1628 1896 1662; x_wconf 85' lang='lat' dir='ltr'>nullitatis</span> <span class='ocrx_word' id='word_1_428' title='bbox 1917 1627 1992 1661; x_wconf 89' lang='lat' dir='ltr'>vitio</span> 
     </span>
     <span class='ocr_line' id='line_1_79' title="bbox 1252 1681 1989 1725; baseline 0.003 -12"><span class='ocrx_word' id='word_1_429' title='bbox 1252 1681 1377 1721; x_wconf 86' lang='lat' dir='ltr'>notari,</span> <span class='ocrx_word' id='word_1_430' title='bbox 1407 1687 1437 1714; x_wconf 91' lang='lat' dir='ltr'>et</span> <span class='ocrx_word' id='word_1_431' title='bbox 1461 1681 1612 1715; x_wconf 84' lang='lat' dir='ltr'>Societati</span> <span class='ocrx_word' id='word_1_432' title='bbox 1641 1682 1791 1725; x_wconf 88' lang='lat' dir='ltr'>illiusque</span> <span class='ocrx_word' id='word_1_433' title='bbox 1815 1681 1989 1722; x_wconf 84' lang='lat' dir='ltr'>domibus,</span> 
     </span>
     <span class='ocr_line' id='line_1_80' title="bbox 1253 1734 1993 1779; baseline 0.001 -12"><span class='ocrx_word' id='word_1_434' title='bbox 1253 1734 1395 1776; x_wconf 86' lang='lat' dir='ltr'>collegiis</span> <span class='ocrx_word' id='word_1_435' title='bbox 1416 1740 1446 1767; x_wconf 90' lang='lat' dir='ltr'>et</span> <span class='ocrx_word' id='word_1_436' title='bbox 1459 1735 1605 1778; x_wconf 85' lang='lat' dir='ltr'>personis</span> <span class='ocrx_word' id='word_1_437' title='bbox 1619 1735 1791 1779; x_wconf 89' lang='lat' dir='ltr'>praedictis</span> <span class='ocrx_word' id='word_1_438' title='bbox 1805 1735 1912 1768; x_wconf 89' lang='lat' dir='ltr'>minus</span> <span class='ocrx_word' id='word_1_439' title='bbox 1928 1734 1993 1768; x_wconf 91' lang='lat' dir='ltr'>uti-</span> 
     </span>
     <span class='ocr_line' id='line_1_81' title="bbox 1253 1787 1992 1832; baseline 0.001 -13"><span class='ocrx_word' id='word_1_440' title='bbox 1253 1788 1298 1820; x_wconf 88' lang='lat' dir='ltr'>les</span> <span class='ocrx_word' id='word_1_441' title='bbox 1320 1787 1421 1827; x_wconf 87' lang='lat' dir='ltr'>reddi,</span> <span class='ocrx_word' id='word_1_442' title='bbox 1443 1794 1498 1821; x_wconf 88' lang='lat' dir='ltr'>aut</span> <span class='ocrx_word' id='word_1_443' title='bbox 1517 1787 1570 1821; x_wconf 87' lang='lat' dir='ltr'>illa</span> <span class='ocrx_word' id='word_1_444' title='bbox 1589 1798 1688 1831; x_wconf 89' lang='lat' dir='ltr'>super</span> <span class='ocrx_word' id='word_1_445' title='bbox 1707 1788 1911 1832; x_wconf 85' lang='lat' dir='ltr'>exemptione</span> <span class='ocrx_word' id='word_1_446' title='bbox 1930 1787 1992 1820; x_wconf 86' lang='lat' dir='ltr'>hu-</span> 
     </span>
     <span class='ocr_line' id='line_1_82' title="bbox 1253 1840 1992 1885; baseline 0.003 -13"><span class='ocrx_word' id='word_1_447' title='bbox 1253 1840 1393 1874; x_wconf 90' lang='lat' dir='ltr'>iusmodi</span> <span class='ocrx_word' id='word_1_448' title='bbox 1418 1841 1583 1874; x_wconf 85' lang='lat' dir='ltr'>molestari</span> <span class='ocrx_word' id='word_1_449' title='bbox 1615 1842 1663 1874; x_wconf 88' lang='lat' dir='ltr'>vel</span> <span class='ocrx_word' id='word_1_450' title='bbox 1688 1841 1874 1885; x_wconf 87' lang='lat' dir='ltr'>perturbari</span> <span class='ocrx_word' id='word_1_451' title='bbox 1898 1851 1992 1885; x_wconf 84' lang='lat' dir='ltr'>posse</span> 
     </span>
     <span class='ocr_line' id='line_1_83' title="bbox 1254 1894 1994 1939; baseline 0 -11"><span class='ocrx_word' id='word_1_452' title='bbox 1254 1900 1399 1939; x_wconf 89' lang='lat' dir='ltr'>tempore</span> <span class='ocrx_word' id='word_1_453' title='bbox 1408 1896 1615 1938; x_wconf 88' lang='lat' dir='ltr'>procedente;</span> <span class='ocrx_word' id='word_1_454' title='bbox 1628 1895 1711 1928; x_wconf 91' lang='lat' dir='ltr'>idem</span> <span class='ocrx_word' id='word_1_455' title='bbox 1721 1894 1895 1938; x_wconf 81' lang='lat' dir='ltr'>Gregorius</span> <span class='ocrx_word' id='word_1_456' title='bbox 1904 1905 1994 1939; x_wconf 87' lang='lat' dir='ltr'>prae-</span> 
     </span>
     <span class='ocr_line' id='line_1_84' title="bbox 1253 1947 1992 1991; baseline 0.001 -11"><span class='ocrx_word' id='word_1_457' title='bbox 1253 1948 1411 1989; x_wconf 84' lang='lat' dir='ltr'>decessor,</span> <span class='ocrx_word' id='word_1_458' title='bbox 1422 1959 1702 1991; x_wconf 83' lang='lat' dir='ltr'>quarumcumque</span> <span class='ocrx_word' id='word_1_459' title='bbox 1718 1947 1822 1981; x_wconf 89' lang='lat' dir='ltr'>litium</span> <span class='ocrx_word' id='word_1_460' title='bbox 1837 1953 1869 1981; x_wconf 89' lang='lat' dir='ltr'>et</span> <span class='ocrx_word' id='word_1_461' title='bbox 1881 1958 1992 1981; x_wconf 89' lang='lat' dir='ltr'>causa-</span> 
     </span>
     <span class='ocr_line' id='line_1_85' title="bbox 1253 2001 1990 2046; baseline 0.001 -13"><span class='ocrx_word' id='word_1_462' title='bbox 1253 2012 1323 2034; x_wconf 88' lang='lat' dir='ltr'>rum</span> <span class='ocrx_word' id='word_1_463' title='bbox 1336 2012 1432 2046; x_wconf 85' lang='lat' dir='ltr'>super</span> <span class='ocrx_word' id='word_1_464' title='bbox 1445 2002 1628 2045; x_wconf 84' lang='lat' dir='ltr'>praemissis</span> <span class='ocrx_word' id='word_1_465' title='bbox 1638 2001 1701 2034; x_wconf 83' lang='lat' dir='ltr'>iam</span> <span class='ocrx_word' id='word_1_466' title='bbox 1714 2002 1823 2035; x_wconf 82' lang='lat' dir='ltr'>forsan</span> <span class='ocrx_word' id='word_1_467' title='bbox 1830 2007 1990 2035; x_wconf 89' lang='lat' dir='ltr'>motarum</span> 
     </span>
     <span class='ocr_line' id='line_1_86' title="bbox 1251 2054 1988 2097; baseline 0.001 -10"><span class='ocrx_word' id='word_1_468' title='bbox 1251 2060 1368 2087; x_wconf 86' lang='lat' dir='ltr'>statum</span> <span class='ocrx_word' id='word_1_469' title='bbox 1390 2062 1420 2088; x_wconf 87' lang='lat' dir='ltr'>et</span> <span class='ocrx_word' id='word_1_470' title='bbox 1442 2055 1566 2095; x_wconf 88' lang='lat' dir='ltr'>merita,</span> <span class='ocrx_word' id='word_1_471' title='bbox 1594 2066 1631 2088; x_wconf 88' lang='lat' dir='ltr'>ac</span> <span class='ocrx_word' id='word_1_472' title='bbox 1654 2054 1786 2088; x_wconf 87' lang='lat' dir='ltr'>nomina</span> <span class='ocrx_word' id='word_1_473' title='bbox 1810 2060 1841 2088; x_wconf 89' lang='lat' dir='ltr'>et</span> <span class='ocrx_word' id='word_1_474' title='bbox 1864 2064 1988 2097; x_wconf 86' lang='lat' dir='ltr'>cogno-</span> 
     </span>
     <span class='ocr_line' id='line_1_87' title="bbox 1252 2107 1991 2150; baseline 0.003 -11"><span class='ocrx_word' id='word_1_475' title='bbox 1252 2108 1339 2140; x_wconf 87' lang='lat' dir='ltr'>mina</span> <span class='ocrx_word' id='word_1_476' title='bbox 1351 2107 1493 2141; x_wconf 88' lang='lat' dir='ltr'>iudicum</span> <span class='ocrx_word' id='word_1_477' title='bbox 1506 2114 1536 2141; x_wconf 88' lang='lat' dir='ltr'>et</span> <span class='ocrx_word' id='word_1_478' title='bbox 1556 2108 1814 2150; x_wconf 78' lang='lat' dir='ltr'>collitigantium,</span> <span class='ocrx_word' id='word_1_479' title='bbox 1830 2118 1867 2141; x_wconf 90' lang='lat' dir='ltr'>ac</span> <span class='ocrx_word' id='word_1_480' title='bbox 1883 2107 1991 2142; x_wconf 87' lang='lat' dir='ltr'>titulos</span> 
     </span>
     <span class='ocr_line' id='line_1_88' title="bbox 1251 2161 1991 2205; baseline 0.001 -12"><span class='ocrx_word' id='word_1_481' title='bbox 1251 2167 1282 2194; x_wconf 87' lang='lat' dir='ltr'>et</span> <span class='ocrx_word' id='word_1_482' title='bbox 1305 2161 1375 2193; x_wconf 86' lang='lat' dir='ltr'>iura</span> <span class='ocrx_word' id='word_1_483' title='bbox 1400 2171 1512 2194; x_wconf 85' lang='lat' dir='ltr'>eorum</span> <span class='ocrx_word' id='word_1_484' title='bbox 1539 2172 1598 2204; x_wconf 88' lang='lat' dir='ltr'>pro</span> <span class='ocrx_word' id='word_1_485' title='bbox 1623 2161 1780 2205; x_wconf 76' lang='lat' dir='ltr'>expressis</span> <span class='ocrx_word' id='word_1_486' title='bbox 1805 2161 1939 2202; x_wconf 85' lang='lat' dir='ltr'>habens,</span> <span class='ocrx_word' id='word_1_487' title='bbox 1959 2166 1991 2194; x_wconf 86' lang='lat' dir='ltr'>et</span> 
     </span>
    </p>
   </div>
   <div class='ocr_carea' id='block_1_16' title="bbox 1251 2214 2034 2258">
    <p class='ocr_par' dir='ltr' id='par_1_19' title="bbox 1251 2214 2034 2258">
     <span class='ocr_line' id='line_1_89' title="bbox 1251 2214 2034 2258; baseline -0.001 -11"><span class='ocrx_word' id='word_1_488' title='bbox 1251 2214 1350 2258; x_wconf 86' lang='lat' dir='ltr'>ipsius</span> <span class='ocrx_word' id='word_1_489' title='bbox 1370 2215 1543 2258; x_wconf 85' lang='lat' dir='ltr'>praepositi</span> <span class='ocrx_word' id='word_1_490' title='bbox 1569 2215 1727 2257; x_wconf 77' lang='lat' dir='ltr'>generalis</span> <span class='ocrx_word' id='word_1_491' title='bbox 1747 2214 1990 2258; x_wconf 86' lang='lat' dir='ltr'>supplicationi·</span> <span class='ocrx_word' id='word_1_492' title='bbox 2030 2232 2034 2234; x_wconf 95' lang='lat'><em>-</em></span> 
     </span>
    </p>
   </div>
   <div class='ocr_carea' id='block_1_17' title="bbox 1248 2267 1990 2632">
    <p class='ocr_par' dir='ltr' id='par_1_20' title="bbox 1248 2267 1990 2632">
     <span class='ocr_line' id='line_1_90' title="bbox 1251 2267 1990 2312; baseline 0 -11"><span class='ocrx_word' id='word_1_493' title='bbox 1251 2269 1309 2301; x_wconf 87' lang='lat' dir='ltr'>bus</span> <span class='ocrx_word' id='word_1_494' title='bbox 1334 2271 1372 2301; x_wconf 76' lang='lat' dir='ltr'>ea</span> <span class='ocrx_word' id='word_1_495' title='bbox 1396 2268 1428 2301; x_wconf 89' lang='lat' dir='ltr'>in</span> <span class='ocrx_word' id='word_1_496' title='bbox 1453 2274 1543 2312; x_wconf 88' lang='lat' dir='ltr'>parte</span> <span class='ocrx_word' id='word_1_497' title='bbox 1568 2269 1749 2309; x_wconf 82' lang='lat' dir='ltr'>inclinatus,</span> <span class='ocrx_word' id='word_1_498' title='bbox 1777 2267 1925 2309; x_wconf 86' lang='lat' dir='ltr'>voluerit,</span> <span class='ocrx_word' id='word_1_499' title='bbox 1953 2278 1990 2301; x_wconf 84' lang='lat' dir='ltr'>ac</span> 
     </span>
     <span class='ocr_line' id='line_1_91' title="bbox 1250 2321 1988 2365; baseline -0.001 -10"><span class='ocrx_word' id='word_1_500' title='bbox 1250 2322 1399 2355; x_wconf 63' lang='lat' dir='ltr'>societati</span> <span class='ocrx_word' id='word_1_501' title='bbox 1413 2322 1564 2365; x_wconf 87' lang='lat' dir='ltr'>illiusque</span> <span class='ocrx_word' id='word_1_502' title='bbox 1581 2322 1741 2362; x_wconf 89' lang='lat' dir='ltr'>domibus,</span> <span class='ocrx_word' id='word_1_503' title='bbox 1755 2321 1851 2355; x_wconf 88' lang='lat' dir='ltr'>etiam</span> <span class='ocrx_word' id='word_1_504' title='bbox 1869 2322 1988 2365; x_wconf 84' lang='lat' dir='ltr'>proba-</span> 
     </span>
     <span class='ocr_line' id='line_1_92' title="bbox 1251 2375 1989 2419; baseline -0.001 -11"><span class='ocrx_word' id='word_1_505' title='bbox 1251 2375 1393 2416; x_wconf 83' lang='lat' dir='ltr'>tionum⁷</span> <span class='ocrx_word' id='word_1_506' title='bbox 1417 2375 1560 2417; x_wconf 64' lang='lat' dir='ltr'>collegiis</span> <span class='ocrx_word' id='word_1_507' title='bbox 1588 2381 1618 2408; x_wconf 91' lang='lat' dir='ltr'>et</span> <span class='ocrx_word' id='word_1_508' title='bbox 1641 2375 1789 2419; x_wconf 86' lang='lat' dir='ltr'>personis</span> <span class='ocrx_word' id='word_1_509' title='bbox 1816 2375 1989 2418; x_wconf 85' lang='lat' dir='ltr'>praedictis</span> 
     </span>
     <span class='ocr_line' id='line_1_93' title="bbox 1249 2428 1989 2472; baseline 0.001 -11"><span class='ocrx_word' id='word_1_510' title='bbox 1249 2429 1440 2462; x_wconf 83' lang='lat' dir='ltr'>auctoritate</span> <span class='ocrx_word' id='word_1_511' title='bbox 1465 2429 1641 2472; x_wconf 74' lang='lat' dir='ltr'>apostolica</span> <span class='ocrx_word' id='word_1_512' title='bbox 1665 2429 1873 2467; x_wconf 87' lang='lat' dir='ltr'>concesserit,</span> <span class='ocrx_word' id='word_1_513' title='bbox 1901 2428 1989 2472; x_wconf 84' lang='lat' dir='ltr'>quod</span> 
     </span>
     <span class='ocr_line' id='line_1_94' title="bbox 1249 2482 1989 2526; baseline 0.001 -11"><span class='ocrx_word' id='word_1_514' title='bbox 1249 2483 1393 2525; x_wconf 76' lang='lat' dir='ltr'>singulae</span> <span class='ocrx_word' id='word_1_515' title='bbox 1404 2483 1528 2522; x_wconf 73' lang='lat' dir='ltr'>litterae</span> <span class='ocrx_word' id='word_1_516' title='bbox 1539 2482 1722 2526; x_wconf 88' lang='lat' dir='ltr'>praedictae</span> <span class='ocrx_word' id='word_1_517' title='bbox 1733 2492 1805 2515; x_wconf 88' lang='lat' dir='ltr'>cum</span> <span class='ocrx_word' id='word_1_518' title='bbox 1813 2482 1989 2526; x_wconf 81' lang='lat' dir='ltr'>exemptio-</span> 
     </span>
     <span class='ocr_line' id='line_1_95' title="bbox 1249 2534 1988 2579; baseline 0.001 -11"><span class='ocrx_word' id='word_1_519' title='bbox 1249 2536 1343 2569; x_wconf 90' lang='lat' dir='ltr'>nibus</span> <span class='ocrx_word' id='word_1_520' title='bbox 1375 2535 1575 2579; x_wconf 86' lang='lat' dir='ltr'>cacterisque</span> <span class='ocrx_word' id='word_1_521' title='bbox 1607 2535 1758 2569; x_wconf 86' lang='lat' dir='ltr'>omnibus</span> <span class='ocrx_word' id='word_1_522' title='bbox 1791 2540 1822 2568; x_wconf 88' lang='lat' dir='ltr'>et</span> <span class='ocrx_word' id='word_1_523' title='bbox 1854 2534 1988 2578; x_wconf 84' lang='lat' dir='ltr'>singulis</span> 
     </span>
     <span class='ocr_line' id='line_1_96' title="bbox 1248 2587 1987 2632; baseline -0.001 -10"><span class='ocrx_word' id='word_1_524' title='bbox 1248 2588 1280 2622; x_wconf 93' lang='lat' dir='ltr'>in</span> <span class='ocrx_word' id='word_1_525' title='bbox 1301 2588 1346 2622; x_wconf 86' lang='lat' dir='ltr'>eis</span> <span class='ocrx_word' id='word_1_526' title='bbox 1367 2589 1526 2622; x_wconf 85' lang='lat' dir='ltr'>contentis</span> <span class='ocrx_word' id='word_1_527' title='bbox 1540 2587 1690 2622; x_wconf 80' lang='lat' dir='ltr'>clausulis</span> <span class='ocrx_word' id='word_1_528' title='bbox 1703 2594 1732 2622; x_wconf 87' lang='lat' dir='ltr'>et</span> <span class='ocrx_word' id='word_1_529' title='bbox 1748 2588 1895 2629; x_wconf 87' lang='lat' dir='ltr'>decretis,</span> <span class='ocrx_word' id='word_1_530' title='bbox 1912 2598 1987 2632; x_wconf 88' lang='lat' dir='ltr'>pro-</span> 
     </span>
    </p>
   </div>
   <div class='ocr_carea' id='block_1_18' title="bbox 1249 2642 1986 2741">
    <p class='ocr_par' dir='ltr' id='par_1_21' title="bbox 1249 2642 1986 2741">
     <span class='ocr_line' id='line_1_97' title="bbox 1286 2642 1986 2688; baseline 0 -1"><span class='ocrx_word' id='word_1_531' title='bbox 1286 2662 1295 2688; x_wconf 81' lang='grc' dir='ltr'>ί</span> <span class='ocrx_word' id='word_1_532' title='bbox 1319 2660 1477 2687; x_wconf 85' lang='lat' dir='ltr'>Huiusmodi</span> <span class='ocrx_word' id='word_1_533' title='bbox 1493 2642 1587 2687; x_wconf 31' lang='lat' dir='ltr'>Innoci.</span> <span class='ocrx_word' id='word_1_534' title='bbox 1605 2659 1637 2686; x_wconf 93' lang='lat' dir='ltr'>lll</span> <span class='ocrx_word' id='word_1_535' title='bbox 1655 2660 1746 2686; x_wconf 83' lang='lat' dir='ltr'>Coust.</span> <span class='ocrx_word' id='word_1_536' title='bbox 1758 2667 1811 2687; x_wconf 89' lang='lat' dir='ltr'>uon</span> <span class='ocrx_word' id='word_1_537' title='bbox 1823 2663 1864 2686; x_wconf 85' lang='lat' dir='ltr'>est</span> <span class='ocrx_word' id='word_1_538' title='bbox 1878 2659 1904 2686; x_wconf 91' lang='lat' dir='ltr'>in</span> <span class='ocrx_word' id='word_1_539' title='bbox 1917 2659 1986 2687; x_wconf 73' lang='lat' dir='ltr'>Bul-</span> 
     </span>
     <span class='ocr_line' id='line_1_98' title="bbox 1249 2706 1446 2741; baseline -0.005 -9"><span class='ocrx_word' id='word_1_540' title='bbox 1249 2706 1324 2733; x_wconf 84' lang='lat' dir='ltr'>lario</span> <span class='ocrx_word' id='word_1_541' title='bbox 1339 2706 1379 2741; x_wconf 78' lang='lat' dir='ltr'>(a.</span> <span class='ocrx_word' id='word_1_542' title='bbox 1396 2712 1446 2741; x_wconf 87' lang='lat' dir='ltr'><em>T.).</em></span> 
     </span>
    </p>
   </div>
   <div class='ocr_carea' id='block_1_19' title="bbox 2160 0 2227 172">
    <p class='ocr_par' dir='ltr' id='par_1_22' title="bbox 2153 0 2227 185">
     <span class='ocr_line' id='line_1_99' title="bbox 2160 0 2227 172; baseline 0 -159"><span class='ocrx_word' id='word_1_543' title='bbox 2160 0 2227 172; x_wconf 56' lang='lat'>3</span> 
     </span>
    </p>
   </div>
   <div class='ocr_carea' id='block_1_20' title="bbox 2137 183 2217 352">
    <p class='ocr_par' dir='ltr' id='par_1_23' title="bbox 2137 183 2217 352">
     <span class='ocr_line' id='line_1_100' title="bbox 2137 183 2217 352; textangle 90"><span class='ocrx_word' id='word_1_544' title='bbox 2137 198 2217 352; x_wconf 49' lang='lat' dir='ltr'>{x—</span> <span class='ocrx_word' id='word_1_545' title='bbox 2190 183 2199 188; x_wconf 91' lang='lat'><strong><em>¹</em></strong></span> 
     </span>
    </p>
   </div>
   <div class='ocr_carea' id='block_1_21' title="bbox 2005 299 2195 343">
    <p class='ocr_par' dir='ltr' id='par_1_24' title="bbox 2005 299 2195 343">
     <span class='ocr_line' id='line_1_101' title="bbox 2005 299 2195 343; baseline 0.011 -17"><span class='ocrx_word' id='word_1_546' title='bbox 2005 299 2133 327; x_wconf 75' lang='lat' dir='ltr'>An.c.1</span> <span class='ocrx_word' id='word_1_547' title='bbox 2185 338 2195 343; x_wconf 22' lang='grc' dir='ltr'>ἱ</span> 
     </span>
    </p>
   </div>
   <div class='ocr_carea' id='block_1_22' title="bbox 2005 361 2225 496">
    <p class='ocr_par' dir='ltr' id='par_1_25' title="bbox 2005 361 2225 496">
     <span class='ocr_line' id='line_1_102' title="bbox 2032 361 2225 385; baseline -0.005 -3"><span class='ocrx_word' id='word_1_548' title='bbox 2032 361 2076 382; x_wconf 79' lang='lat' dir='ltr'>llac</span> <span class='ocrx_word' id='word_1_549' title='bbox 2084 362 2110 382; x_wconf 77' lang='lat' dir='ltr'>tto</span> <span class='ocrx_word' id='word_1_550' title='bbox 2123 366 2193 385; x_wconf 57' lang='lat' dir='ltr'>taus&amp;</span> <span class='ocrx_word' id='word_1_551' title='bbox 2218 375 2225 382; x_wconf 41' lang='lat' dir='ltr'><strong><em>A</em></strong></span> 
     </span>
     <span class='ocr_line' id='line_1_103' title="bbox 2006 388 2194 414; baseline 0.016 -6"><span class='ocrx_word' id='word_1_552' title='bbox 2006 388 2068 413; x_wconf 63' lang='grc' dir='ltr'>(ἶνις.</span> <span class='ocrx_word' id='word_1_553' title='bbox 2083 388 2128 409; x_wconf 77' lang='lat' dir='ltr'>xut</span> <span class='ocrx_word' id='word_1_554' title='bbox 2142 394 2194 414; x_wconf 45' lang='lat' dir='ltr'>nnn&amp;</span> 
     </span>
     <span class='ocr_line' id='line_1_104' title="bbox 2006 415 2223 435; baseline 0.009 -1"><span class='ocrx_word' id='word_1_555' title='bbox 2006 417 2108 435; x_wconf 57' lang='lat' dir='ltr'>»titatium</span> <span class='ocrx_word' id='word_1_556' title='bbox 2129 415 2189 435; x_wconf 78' lang='lat' dir='ltr'>tnno-</span> <span class='ocrx_word' id='word_1_557' title='bbox 2222 422 2223 425; x_wconf 59' lang='lat'>¹</span> 
     </span>
     <span class='ocr_line' id='line_1_105' title="bbox 2005 441 2223 467; baseline 0.014 -8"><span class='ocrx_word' id='word_1_558' title='bbox 2005 444 2060 462; x_wconf 53' lang='grc' dir='ltr'>(μιν.</span> <span class='ocrx_word' id='word_1_559' title='bbox 2077 441 2101 462; x_wconf 80' lang='lat' dir='ltr'>lll</span> <span class='ocrx_word' id='word_1_560' title='bbox 2115 443 2190 467; x_wconf 49' lang='lat' dir='ltr'>turnis!</span> <span class='ocrx_word' id='word_1_561' title='bbox 2212 444 2223 464; x_wconf 71' lang='grc'>,’·</span> 
     </span>
     <span class='ocr_line' id='line_1_106' title="bbox 2007 469 2192 496; baseline 0.005 -9"><span class='ocrx_word' id='word_1_562' title='bbox 2007 475 2056 489; x_wconf 69' lang='lat' dir='ltr'>-imc</span> <span class='ocrx_word' id='word_1_563' title='bbox 2072 469 2192 496; x_wconf 41' lang='lat' dir='ltr'>denegat-ig</span> 
     </span>
    </p>
   </div>
   <div class='ocr_carea' id='block_1_23' title="bbox 2181 352 2219 491">
    <p class='ocr_par' dir='ltr' id='par_1_26' title="bbox 2181 352 2219 491">
     <span class='ocr_line' id='line_1_107' title="bbox 2181 352 2219 491; textangle 90"><span class='ocrx_word' id='word_1_564' title='bbox 2181 352 2219 491; x_wconf 43' lang='grc' dir='ltr'>Μῶν</span> 
     </span>
    </p>
   </div>
   <div class='ocr_carea' id='block_1_24' title="bbox 2154 801 2227 2081">
    <p class='ocr_par' dir='ltr' id='par_1_27' title="bbox 2154 801 2227 2081">
     <span class='ocr_line' id='line_1_108' title="bbox 2154 801 2227 2081; baseline 0 -240"><span class='ocrx_word' id='word_1_565' title='bbox 2154 801 2227 2081; x_wconf 95' lang='lat' dir='ltr'>  </span> 
     </span>
    </p>
   </div>
   <div class='ocr_carea' id='block_1_25' title="bbox 2180 493 2222 919">
    <p class='ocr_par' dir='ltr' id='par_1_28' title="bbox 2180 493 2227 919">
     <span class='ocr_line' id='line_1_109' title="bbox 2180 493 2222 919; textangle 90"><span class='ocrx_word' id='word_1_566' title='bbox 2219 890 2220 919; x_wconf 30' lang='lat' dir='ltr'><em>s</em></span> <span class='ocrx_word' id='word_1_567' title='bbox 2220 847 2222 869; x_wconf 29' lang='lat' dir='ltr'>c„</span> <span class='ocrx_word' id='word_1_568' title='bbox 2180 493 2218 813; x_wconf 48' lang='lat' dir='ltr'>usa-‘anama</span> 
     </span>
    </p>
   </div>
   <div class='ocr_carea' id='block_1_26' title="bbox 2175 1841 2227 3241">
    <p class='ocr_par' dir='ltr' id='par_1_29' title="bbox 2175 1841 2227 3241">
     <span class='ocr_line' id='line_1_110' title="bbox 2175 1841 2227 3241; baseline 0.635 -1178"><span class='ocrx_word' id='word_1_569' title='bbox 2175 1841 2227 3241; x_wconf 95' lang='lat' dir='ltr'>     </span> 
     </span>
    </p>
   </div>
   <div class='ocr_carea' id='block_1_27' title="bbox 2150 1387 2199 2086">
    <p class='ocr_par' dir='ltr' id='par_1_30' title="bbox 2150 1387 2199 2086">
     <span class='ocr_line' id='line_1_111' title="bbox 2150 1387 2199 2086; textangle 90"><span class='ocrx_word' id='word_1_570' title='bbox 2150 1838 2192 2086; x_wconf 37' lang='lat' dir='ltr'>‘erasm-sam*</span> <span class='ocrx_word' id='word_1_571' title='bbox 2161 1650 2199 1747; x_wconf 16' lang='lat'>&#39;⁴³⁶2&#39;</span> <span class='ocrx_word' id='word_1_572' title='bbox 2170 1590 2175 1594; x_wconf 86' lang='lat'>·</span> <span class='ocrx_word' id='word_1_573' title='bbox 2176 1527 2178 1529; x_wconf 97' lang='lat'>-</span> <span class='ocrx_word' id='word_1_574' title='bbox 2170 1463 2172 1467; x_wconf 96' lang='lat'>·</span> <span class='ocrx_word' id='word_1_575' title='bbox 2179 1387 2183 1391; x_wconf 92' lang='lat'>.</span> 
     </span>
    </p>
   </div>
   <div class='ocr_carea' id='block_1_28' title="bbox 2143 2095 2186 2502">
    <p class='ocr_par' dir='ltr' id='par_1_31' title="bbox 2143 2095 2186 2502">
     <span class='ocr_line' id='line_1_112' title="bbox 2143 2095 2186 2502; textangle 90"><span class='ocrx_word' id='word_1_576' title='bbox 2156 2495 2165 2502; x_wconf 68' lang='lat'>⁴</span> <span class='ocrx_word' id='word_1_577' title='bbox 2162 2471 2167 2479; x_wconf 49' lang='grc' dir='ltr'><em>ι</em></span> <span class='ocrx_word' id='word_1_578' title='bbox 2164 2445 2170 2453; x_wconf 76' lang='lat'>=</span> <span class='ocrx_word' id='word_1_579' title='bbox 2143 2095 2186 2435; x_wconf 38' lang='grc' dir='ltr'>Ξ-’ἕνωῆκϊεῄ-ιηνςῇμμρ.</span> 
     </span>
    </p>
   </div>
  </div>
 </body>
</html>
