2227 3241
495 289 558 323 678
1042 298 1215 323 mummi
1240 298 1390 323 ROMANUM

450 350 658 386 Bononiensis
683 350 819 385 ecclesia
844 351 875 385 in
900 350 1207 395 archiepiscopatum
1228 355 1349 393 erecta,
1372 351 1433 385 146
1458 361 1519 395 seq.
1546 351 1647 396 Eique
1672 352 1841 387 nonnullae
1861 354 1981 388 suffra-

537 413 659 448 ganeae
684 403 842 438 ecclesiae
867 405 1059 447 assignatae,
1087 403 1163 438 ibid.

451 458 674 492 Borromaeum
698 457 868 501 collegium
894 467 911 491 a
936 457 965 491 S.
991 456 1101 491 Carolo
1127 457 1242 502 Papiae
1269 462 1428 499 erectum,
1462 459 1524 492 655
1553 469 1614 504 seq.
1647 458 1895 502 Constitutiones
1925 469 1981 505 pro

537 522 574 545 eo
599 512 792 554 efformatae,
819 512 898 545 ibid.

449 564 562 599 Brutus
586 565 750 608 Farnetus,
776 564 874 600 abbas
898 566 1058 609 generalis
1082 565 1212 601 Ordinis
1237 567 1266 600 S.
1293 565 1412 609 Basilii,
1440 567 1502 600 295
1527 577 1554 600 a.

450 618 587 653 Bubalus
612 619 798 653 cardinalis:
826 619 897 653 vide
921 619 1134 655 Innocentius.

449 669 644 715 Burghesius
668 671 855 707 cardinalis:
884 671 954 706 vide
978 672 1095 717 Scipio.

1205 832 1228 866 C

449 938 565 974 Caesar
588 939 758 974 cardinalis
783 939 935 974 Baronius
955 939 1193 974 bibliotecarius
1210 939 1396 981 vaticanae,
1414 939 1476 973 432
1494 950 1523 973 a.
1547 937 1737 974 obtinuerat
1756 940 1983 974 monasterium

502 1027 508 1033 ,
537 1003 594 1028 seu
619 992 778 1028 abbatiam
803 993 833 1027 S.
858 993 975 1027 Mariae
1000 994 1031 1026 in
1057 991 1239 1035 Venticano,
1266 992 1342 1027 ibid.

451 1044 564 1080 Calaff:
588 1046 661 1080 vide
684 1046 714 1080 S.
740 1045 845 1081 lacobi
870 1046 910 1080 de
935 1045 1040 1080 Calaff.

450 1099 611 1134 Calatrava
638 1100 703 1145 (de)
728 1100 838 1135 Militia
863 1101 923 1134 531
951 1111 987 1142 a,
1014 1100 1076 1134 533
1101 1111 1130 1133 a.

451 1152 625 1188 Caecorum
650 1153 820 1199 hospitale:
846 1154 918 1188 vide
941 1153 1112 1198 Hospitale.

451 1205 705 1242 CaelestInorum
729 1207 827 1251 Ordo,
854 1208 914 1242 127
941 1219 970 1241 a.
995 1207 1139 1242 Monachi
1164 1217 1226 1241 non
1253 1210 1382 1251 possunt
1406 1208 1445 1242 ad
1471 1207 1639 1242 tribunalia
1663 1207 1840 1242 saecularia
1869 1207 1982 1253 appel—

538 1262 620 1304 lare,
645 1261 722 1295 ibid.
743 1265 774 1296 et
795 1272 869 1306 paq.
891 1261 951 1295 311
975 1260 1000 1294 b.
1026 1260 1080 1295 Eis
1105 1260 1273 1304 privilegia
1298 1262 1403 1295 omnia
1428 1261 1668 1303 confirmantur,
1695 1261 1757 1295 306
1783 1271 1803 1294 α
1826 1270 1887 1306 seq.
1912 1259 1984 1295 Ab-

539 1315 622 1350 batis
640 1315 799 1360 generalis
824 1315 1001 1350 iurisdictio
1027 1316 1057 1349 in
1079 1316 1185 1348 omnia
1209 1316 1257 1349 sui
1283 1313 1414 1349 Ordinis
1438 1315 1639 1357 monasteria,
1665 1315 1724 1348 311
1739 1325 1778 1348 ἀ.
1803 1313 1986 1359 Capitulum

539 1369 691 1414 generale
715 1371 783 1403 sine
808 1370 1080 1414 eiuspraesentia
1105 1378 1166 1402 non
1203 1367 1451 1410 celebrandum,
1477 1368 1537 1401 311
1565 1368 1590 1401 b.
1623 1367 1704 1402 Huic
1735 1366 1984 1412 Congregationi

541 1425 648 1458 unitur
672 1424 898 1458 monasterium
921 1422 1110 1464 Nun-sinum,
1136 1421 1199 1455 313
1225 1432 1243 1454 a
1267 1432 1328 1465 seq.

452 1475 583 1510 Camera
607 1476 799 1520 Apostolica,
818 1478 878 1510 256
906 1487 924 1509 α
948 1487 1009 1521 seq.
1036 1476 1236 1510 Revocantur
1262 1476 1481 1519 exemptiones
1506 1474 1676 1509 nonnullae
1702 1484 1718 1508 a
1743 1474 1898 1508 solutione
1914 1480 2006 1508 one-¹

540 1541 609 1564 rum
626 1532 655 1564 ei
680 1529 871 1573 debitorum,
892 1529 970 1563 ibid.
997 1530 1121 1563 Poenae
1142 1538 1252 1563 omnes
1283 1527 1507 1563 maleficiorum
1538 1538 1636 1572 penes
1657 1537 1726 1562 eam
1759 1526 1985 1571 deponendae,

543 1583 604 1617 257
629 1594 649 1617 a
673 1595 734 1629 seq.

452 1637 651 1672 Camerarius
676 1638 704 1671 S.
732 1638 766 1671 R.
792 1637 826 1671 E.
853 1647 914 1671 uon
940 1641 1041 1682 potest
1072 1637 1223 1681 cuiquam
1249 1635 1343 1670 ullam
1368 1646 1468 1680 aquae
1492 1636 1632 1679 virqinis
1664 1638 1785 1681 partem
1810 1633 1986 1669 sine-Pon-

542 1691 636 1725 tilicis
660 1690 789 1725 licentia
813 1690 1001 1732 concedere,
1029 1691 1101 1731 437,
1116 1701 1135 1723 α
1159 1701 1219 1733 seq.

455 1742 605 1777 Gamerae
631 1743 832 1787 Apostolicae
858 1743 1009 1784 Auditor,
1045 1743 1107 1777 354
1139 1743 1155 1776 b
1184 1754 1246 1787 seq.
1279 1743 1385 1777 Potest
1416 1751 1609 1786 cognoscere
1642 1750 1753 1776 causas
1783 1740 1987 1782 criminales,

543 1798 619 1841 quin
644 1797 764 1831 incidat
792 1798 822 1830 in
848 1796 1124 1840 irregularitatem,
1149 1797 1211 1830 356
1237 1807 1266 1829 α.
1292 1795 1382 1837 Quae
1407 1796 1470 1829 sint
1494 1797 1564 1829 eius
1582 1794 1768 1837 facultates,
1797 1794 1860 1828 356
1885 1793 1902 1828 b
1924 1803 1986 1838 seq.

543 1849 659 1884 Locum
684 1849 779 1884 habet
804 1851 834 1884 in
859 1849 1010 1894 Cappeila
1035 1850 1216 1891 Pounnata,
1245 1849 1304 1883 361
1330 1849 1355 1882 ὁ.

455 1903 604 1938 Camillus
628 1899 799 1939 cardinalis
823 1904 1031 1947 Burghesius:
1060 1903 1132 1937 vide
1151 1903 1266 1937 Paulus
1287 1902 1322 1935 V.

455 1956 604 1992 Camillus
629 1957 832 1992 Crescentius
857 1959 937 1992 civis
962 1967 1131 1999 romanus,
1158 1957 1198 1990 93
1220 1968 1249 1991 α.

455 2011 565 2056 Campi
589 2011 716 2048 Orseoli
741 2016 889 2054 castrum,
915 2013 978 2045 399
1005 2012 1031 2044 b.
1058 2011 1106 2045 Ad
1131 2010 1249 2044 Sedem
1274 2010 1487 2055 Apostolicam
1511 2011 1691 2054 pertinens,
1713 2008 1791 2042 ibid.

455 2064 577 2110 Campli
601 2065 736 2100 ecclesia
761 2070 792 2100 et
816 2066 974 2100 dioecesis
999 2068 1123 2107 erecta,
1149 2065 1189 2098 67
1211 2065 1228 2097 b
1248 2075 1309 2109 seq.
1336 2064 1482 2098 Hortensi
1508 2065 1631 2105 unitur,
1657 2062 1698 2097 68
1719 2062 1745 2096 b.

455 2118 605 2154 Canonici
630 2129 691 2153 non
716 2123 849 2163 possunt
879 2128 897 2153 a
928 2129 986 2153 sua
1011 2118 1148 2153 ecclesia
1173 2118 1301 2152 insimul
1331 2117 1457 2161 abesse,
1476 2119 1493 2152 9
1519 2128 1537 2150 a
1561 2127 1622 2160 seq.
1655 2115 1719 2151 Nec
1751 2123 1905 2150 exercere
1931 2123 1989 2149 sua

544 2174 651 2207 munia
671 2183 728 2217 per
752 2173 949 2214 substitutos,
977 2171 1052 2205 ibid.
1078 2170 1204 2205 Debent
1228 2174 1259 2206 in
1284 2172 1381 2205 choro
1405 2171 1467 2205 alte
1492 2179 1619 2212 canere,
1645 2169 1721 2203 ibid.
1748 2169 1781 2203 Si
1805 2167 1989 2203 celebrandi

545 2236 641 2261 causa
666 2227 820 2261 recedunt
843 2236 860 2260 a
885 2226 980 2260 choro
1005 2224 1244 2260 distributiones
1282 2225 1483 2270 quotidianas
1508 2234 1569 2258 non
1595 2225 1761 2265 amittunt,
1783 2222 1861 2256 ibid.
1886 2220 1988 2256 Cano-

544 2282 633 2315 nicus
657 2280 796 2315 fabricae
821 2282 1036 2324 praepositus,
1063 2281 1123 2314 nisi
1148 2278 1305 2313 ecelesiae
1329 2279 1496 2318 inserviat,
1521 2276 1722 2311 mulctandus
1747 2276 1917 2310 amissione
1941 2273 1990 2309 di-

545 2333 788 2376 stributionum,
814 2333 891 2367 ibid.

458 2386 609 2422 Canonici
634 2387 810 2432 Regulares
834 2387 1097 2431 congregationis
1121 2386 1150 2420 S.
1176 2385 1356 2429 Salvatoris,
1374 2386 1437 2420 438
1462 2396 1491 2418 α.
1512 2384 1593 2429 Ipsis
1619 2383 1755 2418 ambitus
1779 2381 1989 2423 interdicitur,

546 2440 626 2475 ibid.
652 2442 684 2475 Si
710 2451 766 2486 pro
790 2439 971 2475 obtinendis
995 2439 1201 2484 dignitatibus
1226 2440 1351 2474 favores
1377 2440 1571 2484 perquirant,
1596 2438 1636 2472 ad
1661 2435 1990 2472 easdem-redduntur

545 2494 712 2537 inhabiles,
736 2494 798 2529 438
823 2494 848 2527 b.
867 2494 1054 2537 Superiores
1080 2502 1176 2536 vero,
1200 2495 1227 2527 si
1251 2493 1321 2528 illos
1338 2496 1560 2537 promoveant,
1578 2490 1897 2525 excommunicationi
1915 2487 1990 2523 sub-⁴

546 2550 669 2590 iacent,
696 2547 772 2582 ibid.
798 2546 944 2582 Ambitus
969 2556 1044 2581 vero
1060 2556 1098 2581 cx
1117 2546 1193 2581 solis
1213 2550 1362 2581 oretenus
1380 2546 1508 2590 prolatis
1525 2543 1675 2589 precibus
1691 2543 1885 2578 sufficienter
1903 2551 1989 2576 com-

547 2601 715 2646 probatur,
745 2603 807 2636 439
828 2613 857 2635 ιι.

460 2654 619 2690 Canonici.
643 2656 689 2691 De
714 2655 880 2691 Canonicis
905 2655 996 2700 plura
1019 2657 1217 2698 statuuntur,
1243 2655 1261 2688 9
1286 2663 1307 2686 a
1329 2663 1390 2698 seq.
1417 2652 1641 2686 Punctationes
1666 2649 1829 2691 absentiae
1855 2657 1872 2682 a
1894 2647 1990 2681 choro

549 2710 705 2753 quomodo
730 2708 964 2749 aestimandae,
990 2709 1031 2742 12
1057 2720 1084 2741 a.
