2227 3241
256 290 305 319 sn.
326 291 355 319 c.
373 290 441 319 ¹⁶03
486 279 528 314 38

455 338 562 373 nensis
578 335 710 371 Concilii
728 333 899 368 novissime
913 332 1078 373 celebrati,
1098 332 1192 366 unio-

455 401 511 424 nes
531 394 714 433 perpetuas,
730 386 790 419 nisi
811 385 843 418 in
866 384 992 418 casibus
1006 395 1023 417 a
1038 384 1107 418 iure
1121 395 1192 429 per-

455 443 569 484 missis,
591 441 658 475 sseri
680 438 894 484 prohibentis,
915 449 951 472 ac
969 440 1090 480 nostra,
1116 449 1193 482 qua-

455 502 546 530 tenus
558 504 637 538 opus
647 493 698 534 sit,
708 493 746 525 de
758 492 932 525 unionibus
943 492 1194 534 committendis,

455 549 494 582 ad
512 553 618 593 partes
632 547 751 580 vocatis
762 546 916 580 interesse
934 546 1140 587 habentibus,
1158 557 1194 580 ac

455 601 664 645 exprimendo
675 610 749 634 vero
764 610 872 634 annuo
885 600 1003 643 valore,
1016 600 1194 634 secundum

455 664 660 688 communem
686 653 956 694 aestimationem,
981 658 1045 686 tam
1070 652 1196 686 benefi-

455 708 580 741 ciorum
604 707 833 747 uniendorum,
857 716 954 750 quam
977 706 1106 739 illorum
1125 705 1196 749 qui-

455 761 514 795 bus
534 760 707 802 uniuntur,
729 770 857 794 necnon
883 760 930 793 Pii
948 760 971 793 V
994 759 1192 800 huiusmodi,

454 824 513 858 per
533 823 629 857 quam
655 813 739 846 inter
763 813 826 846 alia
839 812 941 846 voluit
954 812 1074 855 gratias
1088 812 1197 846 huius-

456 866 544 900 modi
556 866 621 900 suis
635 876 699 899 non
711 866 817 900 valere
836 865 1048 910 temporibus,
1065 871 1096 899 et
1109 866 1196 910 quod

455 920 515 954 sibi
529 920 626 954 licere
640 930 705 954 non
719 925 766 954 est
779 930 900 965 passus,
915 920 947 953 id
961 919 1025 953 suis
1039 929 1198 954 successo-

455 974 545 1007 ribus
559 974 726 1015 indicavit,
742 983 870 1008 necnon
882 973 958 1008 Sixti
971 973 1198 1018 praedecesso-

456 1039 529 1062 rum
547 1028 733 1062 huiusmodi
758 1038 855 1073 super
879 1028 991 1061 habitu
1011 1034 1043 1062 et
1066 1030 1199 1062 tonsura

457 1082 659 1116 clericalibus
679 1093 737 1127 per
755 1082 939 1122 obtinentes
958 1082 1142 1127 pensiones,
1165 1093 1199 1115 a-

457 1135 581 1179 liasque
593 1145 645 1168 res
654 1135 886 1169 ecclesiasticas
895 1135 981 1168 ultra
992 1141 1111 1169 certam
1123 1140 1200 1169 tunc

458 1199 640 1232 expressam
658 1199 829 1231 summam,
848 1189 1041 1230 deserendis,
1058 1195 1088 1223 et
1108 1199 1201 1233 prae-

458 1242 520 1275 sata
545 1242 776 1276 constitutione
805 1242 852 1275 Pii
877 1242 985 1281 Quinti
1010 1242 1069 1275 sub
1091 1242 1155 1276 dat.
1182 1253 1202 1275 v

458 1294 529 1328 idus
552 1295 755 1339 septembris,
780 1305 865 1329 anno
885 1295 981 1329 tertio
1002 1295 1050 1328 sui
1071 1295 1202 1339 pontiti-

458 1353 558 1388 catus,
586 1348 677 1381 cuius
697 1353 857 1389 tenorem,
884 1349 1021 1382 formam
1048 1354 1079 1382 et
1098 1349 1202 1382 conti-

458 1402 600 1434 nentiam
612 1402 651 1435 de
660 1401 759 1436 verbo
770 1403 810 1435 ad
821 1402 955 1436 verbum
969 1402 1022 1436 bic
1035 1413 1095 1447 pro
1108 1403 1204 1446 plene

459 1460 490 1488 et
507 1454 704 1488 sufficienter
721 1455 889 1499 expresso¹
914 1455 1026 1489 haberi
1040 1456 1200 1496 volumus,

460 1507 511 1541 cui
532 1508 628 1542 etiam
649 1508 681 1541 in
705 1508 813 1553 specie
833 1519 892 1553 pro
917 1509 978 1542 hac
997 1509 1065 1543 viee
1078 1515 1203 1543 tantum

460 1561 666 1604 derogamus,
678 1567 709 1595 et
720 1562 852 1595 omnino
867 1562 1057 1605 derogatum
1070 1573 1138 1596 esse
1150 1573 1205 1596 vo-

460 1615 567 1649 lumus
581 1615 827 1657 etmandamus,
851 1615 987 1660 aliisque
1005 1616 1200 1660 apostolicis,

461 1678 497 1701 ac
517 1668 549 1701 in
568 1668 832 1713 provincialibus,
855 1669 1063 1714 synodalibus
1081 1674 1112 1702 et
1130 1669 1204 1702 uni-

461 1721 637 1755 versalibus
655 1721 801 1755 conciliis
822 1721 916 1755 editis
940 1722 1135 1766 specialibus
1156 1722 1204 1755 vel

462 1776 666 1817 generalibus
686 1776 970 1810 constitutionibus
984 1781 1015 1810 et
1027 1776 1204 1810 ordinatio-

462 1829 557 1862 nibus
577 1829 773 1873 apostolicis,
795 1840 922 1864 necnon
935 1840 1123 1873 regnorum,
1147 1830 1204 1864 do-

464 1882 638 1916 miniorum
656 1883 911 1927 praedictorum,
927 1894 963 1917 ac
983 1884 1080 1917 etiam
1094 1884 1204 1917 eccle—

464 1936 582 1970 siarum
596 1942 626 1971 et
638 1937 785 1971 locorum
798 1948 1094 1982 quorumcumque,
1105 1938 1202 1972 etiam

466 1989 659 2031 iuramento,
680 1991 926 2026 confirmatione
947 1991 1135 2036 apostolica,
1155 1991 1204 2025 vel

465 2044 575 2087 quavis
595 2044 746 2079 firmitate
766 2046 829 2079 alia
845 2046 1018 2090 roboratis,
1033 2046 1160 2080 statutis
1174 2051 1205 2079 et

465 2098 751 2132 consuetudinibus
761 2099 856 2132 etiam
867 2099 1075 2143 quantumvis
1086 2098 1205 2142 longis-

465 2150 547 2183 simo
562 2156 706 2195 tempore
721 2152 907 2194 observatis,
920 2163 956 2187 ac
968 2153 1095 2196 legibus
1108 2153 1204 2187 etiam

468 2203 717 2247 municipalibus
748 2211 779 2238 ct
810 2207 1036 2249 pragmaticis,
1068 2206 1205 2250 aliisque

467 2256 697 2299 sanctionibus,
720 2258 894 2301 privilegiis
907 2270 1050 2304 quoque,
1074 2260 1206 2294 indultis

468 2316 499 2344 et
521 2310 637 2344 litteris
657 2311 852 2355 apostolicis,
873 2312 936 2347 illis
957 2323 1137 2358 eorumque
1154 2324 1207 2347 su-

468 2362 649 2407 perioribus
673 2369 705 2397 et
729 2364 875 2408 personis
899 2366 1132 2411 cuiuscumque
1158 2367 1207 2400 di-

469 2416 610 2458 gnitatis,
633 2421 743 2458 status,
764 2417 894 2459 gradus,
911 2419 1034 2453 ordinis
1046 2425 1077 2453 et
1097 2420 1208 2454 eondi-

471 2468 566 2502 tionis
579 2469 798 2512 existentibus,
816 2470 874 2504 sub
889 2471 1147 2517 quibuscumque
1165 2479 1209 2506 te-

471 2522 605 2556 noribus
619 2528 648 2556 et
661 2523 783 2564 formis,
798 2534 834 2557 ac
848 2534 921 2557 cum
937 2525 1100 2568 quibusvis
1112 2526 1209 2560 etiam

472 2575 750 2618 derogatoriarum
762 2577 986 2620 derogatoriis‚
997 2579 1130 2623 aliisque
1143 2579 1211 2612 estl-

511 2650 520 2673 1
545 2646 615 2674 Edit.
637 2647 716 2676 Main.
739 2649 801 2677 hab.
824 2658 1010 2686 earm-essum,
1032 2659 1162 2685 erronee.
1185 2655 1213 2678 ut

475 2694 547 2725 patet
562 2692 600 2726 (a.
617 2694 664 2726 r).

1037 280 1221 309 BULLARIUM
1239 282 1393 309 ROMANUM

1225 332 1404 366 cacioribus
1418 336 1448 365 et
1461 331 1597 365 insolitis
1610 330 1771 374 clausulis,
1784 340 1910 365 necnon
1923 330 1964 364 ir-

1227 385 1407 428 ritantibus,
1422 390 1452 419 et
1468 384 1538 418 aliis
1550 383 1698 425 decretis,
1714 394 1773 428 per
1783 383 1964 428 praedictos

1227 445 1257 473 et
1277 449 1500 483 quoscumque
1514 438 1592 472 alios
1609 438 1772 471 Romanos
1792 437 1965 471 Pontifices

1227 493 1491 536 praedecessores
1504 496 1644 532 nostros,
1662 501 1698 524 ac
1717 500 1787 531 nos,
1800 495 1831 524 et
1848 490 1965 524 dictam

1228 546 1355 587 Sedem,
1369 552 1399 579 et
1412 551 1513 585 motu,
1528 544 1670 587 scientia,
1684 549 1715 578 et
1726 543 1892 588 potestatis
1904 543 1967 587 ple-

1228 599 1376 633 nitudine
1387 598 1573 644 praedictis,
1590 598 1686 632 etiam
1700 596 1968 631 consistorialiter

1230 653 1261 686 in
1281 663 1399 696 genere
1412 652 1460 686 vel
1481 652 1513 685 in
1533 651 1650 696 specie,
1671 661 1708 685 ae
1728 651 1805 684 alias
1828 660 1967 695 quomo-

1230 707 1351 740 dolibet
1374 706 1471 740 etiam
1496 706 1617 740 iteratis
1646 705 1769 739 vicibus
1793 704 1965 745 concessis,

1230 760 1416 804 approbatis
1433 765 1464 793 et
1487 759 1656 801 innovatis,
1680 759 1798 803 quibus
1818 757 1969 792 omnibus

1230 819 1260 847 et
1284 813 1433 857 singulis,
1462 813 1557 847 etiam
1582 813 1609 847 si
1633 813 1674 847 de
1698 813 1760 846 illis
1790 820 1968 855 eorumque

1231 867 1304 901 totis
1326 867 1492 901 tenoribus
1511 866 1671 912 specialis,
1694 865 1856 910 specifica,
1874 870 1905 899 et
1917 875 1970 898 ex-

1230 931 1339 965 pressa
1367 926 1398 955 et
1419 920 1595 961 individua,
1612 931 1649 954 ac
1663 920 1702 953 de
1721 919 1820 953 verbo
1840 919 1881 952 ad
1897 929 1969 952 ver-

1232 974 1320 1016 bum,
1337 985 1403 1008 non
1423 980 1529 1009 autem
1550 985 1610 1018 per
1630 974 1789 1008 clausulas
1802 972 1970 1016 generales

1232 1028 1317 1062 idem
1353 1029 1566 1073 importantes
1597 1027 1719 1061 mentio
1750 1037 1807 1061 seu
1842 1025 1972 1070 quaevis

1234 1083 1295 1116 alia
1319 1083 1480 1127 expressio
1509 1082 1671 1122 habenda,
1699 1086 1754 1114 aut
1778 1080 1886 1124 aliqua
1910 1079 1972 1112 alia

1234 1135 1391 1180 exquisita
1410 1136 1513 1169 forma
1537 1135 1578 1169 ad
1601 1135 1664 1168 hoc
1688 1134 1844 1168 servanda
1868 1138 1969 1174 esset,

1235 1189 1297 1222 illis
1310 1189 1387 1223 alias
1405 1189 1437 1222 in
1451 1199 1509 1223 suo
1523 1189 1643 1223 robore
1656 1187 1890 1233 permansuris,
1912 1186 1973 1220 hac

1234 1243 1302 1276 vice
1320 1243 1486 1276 dumtaxat
1503 1242 1687 1287 specialiter
1704 1247 1735 1275 et
1754 1250 1902 1285 expresse
1919 1239 1974 1273 de-

1237 1306 1400 1339 rogamus;
1416 1306 1543 1330 necnon
1561 1295 1712 1329 omnibus
1724 1294 1798 1336 illis,
1815 1304 1898 1338 quae
1910 1293 1975 1327 sin-

1237 1350 1302 1393 guli
1315 1350 1580 1394 praedecessores
1593 1348 1761 1394 praedicti,
1775 1348 1807 1381 in
1817 1348 1882 1382 suis
1892 1347 1976 1391 quis-

1237 1413 1300 1447 que
1324 1403 1454 1445 litteris,
1470 1403 1643 1436 voluerunt
1662 1412 1728 1435 non
1742 1401 1881 1442 obstare,
1905 1411 1976 1435 eae-

1237 1457 1378 1500 terisque
1399 1456 1569 1490 contrariis
1582 1456 1856 1500 quibuscumque3
1879 1459 1934 1488 aut
1949 1454 1974 1487 si

1237 1510 1428 1551 Ordinariis‚
1454 1516 1509 1544 aut
1533 1510 1603 1543 aliis
1631 1509 1816 1554 praedictis,
1845 1509 1894 1542 vel
1909 1508 1978 1552 qui-

1237 1563 1345 1597 busvis
1360 1563 1441 1604 aliis,
1470 1562 1688 1597 communiter
1706 1562 1756 1596 vel
1777 1561 1914 1602 divisim,
1936 1560 1976 1594 ab

1238 1617 1420 1661 Apostolica
1439 1616 1479 1650 sit
1498 1616 1579 1650 Sede
1592 1616 1753 1649 indultum
1775 1611 1863 1658 q'uod
1881 1614 1978 1648 inter-

1239 1670 1317 1712 dici,
1351 1669 1504 1714 suspendi
1532 1669 1581 1702 vel
1610 1667 1885 1702 excommunicari
1912 1677 1978 1701 non

1237 1724 1362 1768 possint
1385 1733 1443 1767 per
1468 1722 1591 1756 litteras
1620 1721 1812 1766 apostolicas
1836 1730 1902 1754 non
1926 1720 1975 1753 sa-

1238 1777 1358 1811 cientes
1371 1777 1513 1821 plenam,
1526 1782 1557 1810 et
1571 1785 1765 1819 expressam,
1778 1785 1815 1808 ac
1829 1774 1868 1807 de
1881 1773 1979 1807 verbo

1238 1831 1279 1864 ad
1305 1830 1439 1864 verbum
1461 1830 1501 1864 de
1525 1829 1651 1863 indulto
1675 1827 1862 1861 huiusmodi
1883 1836 1976 1860 men-

1238 1885 1371 1919 tionem.

1283 1940 1299 1981 5
1325 1938 1377 1972 18.
1405 1938 1560 1972 Volumus
1581 1942 1687 1971 autem
1712 1936 1798 1980 quod
1819 1935 1905 1969 idem
1925 1933 1979 1968 Ca-

1237 1992 1326 2025 rolus
1338 1991 1540 2032 Emmanuel,
1555 2001 1591 2024 ae
1602 2000 1662 2034 pro
1676 1995 1824 2033 tempore
1844 1987 1981 2021 existens

1239 2045 1302 2079 dux
1327 2050 1358 2078 et
1383 2055 1519 2087 magnus
1543 2043 1707 2086 magister,
1731 2043 1811 2076 duas
1832 2041 1979 2075 triremes

1239 2099 1397 2132 militibus
1420 2097 1594 2143 praedictis
1619 2097 1792 2130 instructas
1825 2105 1886 2139 pro
1916 2095 1980 2128 Ro-

1240 2153 1325 2186 mani
1350 2152 1516 2186 Pontificis
1550 2161 1611 2196 pro
1644 2156 1789 2194 tempore
1819 2147 1981 2182 existentis

1239 2211 1352 2240 contra
1372 2205 1564 2245 haereticos,
1585 2209 1616 2238 et
1633 2203 1764 2248 piratas,
1788 2213 1825 2236 ac
1845 2201 1924 2235 alios
1944 2200 1982 2233 it-

1239 2260 1301 2294 lius
1334 2260 1443 2293 hostes
1467 2258 1665 2298 defensione,
1690 2257 1777 2290 iuxta
1801 2255 1980 2288 litterarum

1239 2313 1387 2356 Gregorii
1411 2310 1671 2357 praedecessoris
1702 2308 1888 2343 huiusmodi
1916 2307 1981 2341 sor-

1241 2377 1340 2408 mam,
1368 2371 1580 2399 manutenere
1607 2368 1774 2403 teneatur·,

1287 2421 1303 2462 ξ
1330 2419 1381 2453 19.
1405 2419 1562 2462 Quodque
1583 2415 1802 2462 praesentium
1822 2419 1983 2448 transum-

1243 2474 1317 2518 ptis,
1346 2473 1443 2506 etiam
1468 2471 1645 2516 impressis,
1665 2479 1763 2502 manu
1777 2468 1897 2502 notarii
1922 2478 1983 2511 pu-

1243 2526 1330 2568 blici,
1355 2532 1385 2560 et
1404 2526 1511 2569 sigillo
1532 2524 1632 2568 ipsius
1646 2522 1781 2555 militiae
1795 2527 1982 2555 sanctorum

1244 2580 1353 2614 Lazari
1378 2586 1409 2614 et
1433 2578 1571 2613 Mauritii
1587 2605 1594 2619 ‚
1629 2587 1685 2610 seu
1711 2576 1796 2609 illius
1820 2586 1879 2620 pro
1905 2581 1984 2608 tem-

1246 2644 1324 2678 pore
1348 2633 1511 2668 existentis
1536 2631 1643 2673 magni
1665 2630 1820 2672 magistri,
1848 2640 1884 2663 ae
1905 2629 1984 2663 alte-

1247 2687 1312 2721 rius
1338 2696 1495 2731 personae
1532 2684 1564 2718 in
1589 2683 1745 2727 dignitate
1770 2682 1986 2717 ecclesiastica

1976 281 2027 311 lln.
2047 281 2076 309 C.
2093 277 2163 310 1603

2038 2413 2182 2440 Transumptts

1998 2441 2068 2462 <tanda
2083 2440 2142 2461 sides.
