2227 3241
277 344 328 371 An.
344 344 373 372 c.
392 343 458 371 1603
505 334 525 366 t

775 389 907 423 CCCXH.

471 492 668 537 Approbatio
683 491 913 534 explicationis
926 493 1123 526 [salanum-ii
1137 493 1212 527 Gre-

515 556 648 597 yorium'
665 566 684 587 α
704 554 900 597 Cltrz'stosoro
922 555 1031 589 Clario
1055 555 1211 588 Bamber-

514 619 604 659 pensi
617 628 632 650 e
649 617 804 650 Societate
820 617 892 650 Iesu
909 617 1013 651 editae
1029 629 1100 650 cum
1118 618 1210 650 abro-

513 680 646 721 gatione
671 678 813 712 aliorum
839 679 1116 712 Isatcmtarsorwn
1135 679 1152 711 ¹.

681 775 813 802 clemens
835 771 912 809 Papa
931 776 998 802 VIII

597 829 633 854 ad
648 830 824 862 perpetuam
839 828 884 855 rei
899 827 1081 855 memoriam.

298 913 434 950 mmmm
513 915 738 959 Quaecumque
762 927 778 949 a
804 917 954 951 Romanis
984 915 1209 954 Pontificibus,

468 968 768 1010 praedecessoribus
789 970 918 1007 nostris,
942 969 981 1001 ad
1007 978 1210 1002 communem

467 1022 563 1054 totius
579 1022 754 1056 catholicae
776 1023 935 1056 Ecclesiae
958 1022 1124 1055 utilitatem
1142 1020 1212 1054 diu—

467 1080 562 1108 turno
593 1075 698 1109 studio
725 1081 755 1109 et
788 1076 882 1118 longa
907 1074 1136 1108 deliberatione
1160 1075 1211 1118 pie

432 1165 444 1168 u
467 1128 690 1171 sapienterque
708 1128 828 1161 sancita
849 1134 880 1162 et
900 1128 1028 1161 decreta
1048 1134 1133 1166 sunt,
1156 1127 1211 1159 de-

466 1182 541 1214 bent
559 1192 575 1213 a
600 1181 693 1214 nobis
710 1191 774 1214 non
792 1181 896 1214 solum
915 1182 1001 1215 omni
1019 1192 1079 1224 ope
1097 1181 1135 1212 ab
1155 1181 1212 1213 ini-

467 1245 606 1277 quorum
620 1233 786 1267 hominum
807 1234 1047 1277 impugnatione
1068 1233 1208 1274 defendi>

468 1286 522 1320 sed
553 1289 668 1326 etiam,
700 1293 856 1330 quantum
888 1287 920 1321 in
948 1288 1083 1320 Domino
1114 1287 1208 1328 licet,

469 1341 657 1374 auctoritate
677 1341 851 1384 apostoliea
872 1341 1068 1373 confirmari.

513 1394 578 1437 gt.
607 1394 685 1428 Cum
714 1394 822 1436 itaque
850 1394 948 1427 felicis
981 1394 1210 1428 recordationis

470 1447 637 1490 Gregorius
657 1458 738 1491 papa
752 1447 833 1487 XIII,
848 1448 1077 1490 praedecessor
1087 1454 1208 1487 noster,

467 1499 690 1533 Kalend-arium
726 1500 931 1540 Romanum,
958 1505 1054 1543 atque
1089 1510 1208 1533 annum

465 1553 713 1586 ecclesiasticum
738 1553 819 1596 (qui,
839 1553 879 1586 ob
905 1553 1027 1586 minuta
1051 1554 1208 1596 quaedam

465 1607 622 1650 neglecta,
644 1617 815 1650 progressu
839 1607 993 1650 temporis
1023 1607 1065 1639 ita
1089 1618 1106 1639 a
1134 1617 1208 1640 vero

466 1659 650 1698 deflexerat,
666 1665 710 1697 ut,
724 1659 784 1692 nisi
803 1659 889 1693 idem
905 1659 1075 1701 Gregorius
1093 1670 1208 1703 oppor-

466 1717 542 1744 tune
566 1712 768 1754 providisset,
796 1722 922 1745 sacrum
947 1712 1087 1744 Paschae
1123 1712 1206 1745 diem

466 1765 656 1809 plerumque
669 1770 755 1798 extra
772 1758 952 1808 legitimum
967 1770 1104 1807 tempus,
1119 1777 1137 1797 a
1153 1765 1208 1798 Sa-

466 1818 526 1849 cris
556 1818 704 1851 Conciliis
735 1823 765 1850 et
796 1818 942 1851 Patribus
966 1806 1206 1860 ‘constitutum

467 1869 498 1902 in
530 1876 693 1913 posterum
733 1870 925 1905 exhibuisset
958 1870 1205 1909 celebrandum,

466 1929 551 1955 tanta
577 1926 649 1955 cura
676 1930 702 1956 cl
726 1924 877 1957 felicitate
897 1925 929 1957 in
951 1924 1121 1967 pristinum
1146 1930 1207 1957 sta-

467 1980 535 2007 tum
560 1976 743 2017 restituerit,
771 1982 803 2009 ut
829 1976 1027 2019 praedictum
1054 1976 1207 2010 Kalenda-

467 2028 552 2060 rium
583 2029 662 2061 nulli
695 2040 837 2073 unquam
871 2030 1038 2063 mutationi
1070 2031 1206 2074 amplius

469 2082 646 2124 expositum
660 2093 728 2116 csse
745 2083 902 2124 videntum
917 2084 992 2127 quia
1010 2090 1115 2117 tamen
1128 2094 1207 2117 non-

270 2142 454 2190 salsslsspKnaffgfflj
469 2134 547 2166 nulli
562 2135 699 2179 improbi
715 2136 859 2169 homines
873 2147 910 2169 eo
927 2137 1078 2169 audaciae
1094 2148 1207 2180 proru-

270 2195 454 2222 riumsupponum.
468 2193 596 2232 perurit,
624 2194 659 2221 ut
678 2190 738 2222 lioc
756 2190 862 2232 magui
886 2190 1004 2223 laboris
1029 2200 1121 2232 opus,
1140 2195 1206 2223 tan-

468 2248 574 2275 torum
595 2242 735 2274 virorum
761 2242 917 2275 industria
940 2248 971 2276 ct
995 2243 1099 2275 studio
1124 2254 1203 2276 cou-

465 2296 597 2334 scctum,
611 2305 797 2338 oppugnare
811 2300 841 2327 et
855 2294 1022 2328 calumniis
1036 2295 1202 2336 lacessere,

466 2348 564 2390 idque
589 2347 631 2380 illi
657 2347 797 2380 obiicere
817 2350 1099 2390 praesumpserint,
1119 2349 1203 2392 quod

466 2411 530 2433 non
556 2410 682 2443 semper
706 2400 847 2433 motibus
868 2400 1055 2433 caelestibus
1083 2401 1122 2433 ad
1147 2413 1206 2434 un-

465 2463 560 2496 guem
574 2453 878 2496 respondeatffluasi
893 2463 966 2486 vero
976 2453 1132 2487 eiusmodi
1147 2455 1205 2487 Ka-

293 1402 402 1428 Gregorius
409 1401 454 1422 xiu

270 1429 419 1450 Kalendariuni
435 1434 455 1448 e-

271 1455 366 1477 mendari
381 1456 441 1475 curat
450 1462 453 1477 ;

466 2505 599 2538 lendarii
617 2507 718 2539 forma
735 2505 905 2549 excogitari
922 2506 1029 2549 possit,
1044 2517 1125 2549 quae
1143 2517 1204 2540 una
1221 2527 1222 2533 κ

467 2564 498 2590 et
512 2558 622 2591 eadem
638 2568 709 2591 cum
720 2558 876 2599 omnium,
890 2559 944 2601 qui
955 2559 1204 2602 subsequuntur,

467 2620 624 2643 annorum
660 2611 796 2645 decursu
820 2622 947 2655 semper
972 2613 1149 2652 conveniat,
1175 2620 1205 2647 ct

468 2662 555 2695 nullo
579 2673 732 2706 umquam
758 2669 901 2707 tempore
926 2676 942 2697 a
968 2665 1107 2698 motibus
1127 2677 1200 2699 cae-

506 2726 514 2750 1
540 2724 575 2750 Ex
593 2725 698 2759 llegest.
716 2727 740 2753 in
757 2726 856 2754 Secret.
875 2727 951 2755 nsev.

1050 339 1232 364 BULLARIUM
1253 340 1405 365 ROMANUM

2008 341 2056 367 An.
2075 341 2103 366 C.
2123 341 2190 370 1603

1248 388 1379 421 lestil)us
1407 389 1452 421 vel
1478 389 1608 421 minime
1629 387 1813 432 discrepet),
1838 399 1874 422 ac
1897 399 1992 433 prae-

1248 441 1339 484 cipue
1355 441 1489 485 quidam
1510 440 1700 474 Franciscus
1717 441 1809 475 Vieta
1823 442 1856 475 in
1870 448 1991 477 tantam

1246 494 1497 538 imprudentiam
1514 494 1679 528 devenerit
1704 500 1740 529 ut
1764 496 1992 531 Kalendarium

1245 547 1409 591 quoddam
1447 557 1466 579 a
1503 557 1538 580 se
1575 547 1794 591 compositum
1818 576 1825 588 ‚
1862 550 1990 592 plenum

1245 600 1429 638 erroribus,
1460 604 1490 632 et
1517 600 1715 643 Gregoriano
1736 601 1831 645 plane
1859 607 1988 637 contra-

1245 653 1341 690 rium,
1366 653 1600 696 Gregorianurn
1630 660 1735 688 tamen
1761 655 1936 689 inscribere
1961 662 1992 690 et

1246 706 1341 739 edere
1366 716 1463 740 ausus
1480 707 1532 746 sit,
1560 706 1654 751 eique
1674 707 1829 750 praedicti
1847 708 1989 752 Gregorii

1246 759 1500 802 praedecessoris
1525 760 1631 793 literas
1649 761 1883 796 emendationis
1897 769 1928 796 et
1940 773 1991 796 re-

1246 811 1422 845 stitutionis
1454 812 1635 846 Kalendarii
1667 815 1908 857 praeposuerit,
1936 821 1989 855 ut,

1246 864 1409 908 proposita
1429 865 1532 908 palam
1558 864 1622 898 veri
1643 865 1761 909 specie,
1790 866 1887 900 falsae
1911 878 1988 901 suae

1246 917 1410 951 doctrinae
1434 928 1593 951 venenum
1616 918 1794 953 instillaret:

1290 971 1304 1013 ξ
1329 970 1362 1004 9.
1381 971 1443 1004 Nos
1461 972 1662 1005 attendentes
1676 971 1860 1006 huiusmodi
1873 973 1984 1008 Kalen·
2029 986 2122 1016 cremon.
2136 987 2186 1018 2⁶09

1245 1023 1371 1057 darium
1389 1035 1406 1056 a
1431 1024 1596 1067 praedicto
1620 1024 1774 1068 Gregorio
1794 1026 1986 1069 praedeces-
2004 1012 2187 1070 ''ggffiffiggff

1245 1086 1317 1109 sore
1342 1083 1451 1110 nostro
1476 1079 1604 1111 summa
1624 1077 1789 1120 diligentia
1809 1084 1841 1111 et
1861 1079 1983 1112 seduli·
1999 1064 2185 1114 93'0“{¹.?J.‘}=l?22?=¹.²'

1245 1133 1320 1168 tate,
1345 1129 1497 1163 adhibitis
1520 1130 1553 1162 in
1577 1130 1637 1163 lioc
1662 1140 1743 1174 opus
1768 1131 1841 1164 viris
1869 1131 1985 1165 harum

1246 1192 1352 1215 rerum
1370 1182 1584 1226 peritissimis,
1598 1193 1666 1216 esse
1682 1183 1876 1223 restitutum,
1892 1184 1986 1217 illud-

1245 1245 1306 1278 que
1321 1237 1495 1278 perfectum
1511 1243 1768 1280 perpetuumque
1781 1236 1850 1270 iure
1863 1237 1986 1280 optimo

1246 1287 1376 1321 inscribi
1395 1288 1547 1331 potuisse,
1567 1289 1655 1331 quod
1673 1298 1800 1331 semper
1815 1289 1881 1322 suis
1897 1299 1986 1332 prae-

1246 1340 1347 1385 cipuis
1372 1341 1516 1384 partibus
1545 1341 1706 1385 integrum
1732 1341 1902 1385 persistam
1925 1352 1986 1376 nec

1246 1394 1429 1427 mirandum
1449 1404 1531 1434 esse,
1561 1394 1648 1438 quod
1675 1395 1783 1438 cyclus
1807 1399 1984 1429 nostrarum

1244 1453 1428 1491 epactarum
1458 1447 1489 1479 in
1511 1447 1578 1480 dies
1596 1447 1777 1481 Kalendarii
1797 1447 1985 1481 distributus

1244 1499 1407 1533 interdum
1426 1500 1458 1532 in
1483 1499 1656 1533 noviluniis
1683 1510 1719 1533 ac
1744 1500 1828 1532 lunis
1844 1509 1898 1532 ΧΠ
1919 1500 1981 1533 Pa-

1244 1552 1404 1586 schalihus
1429 1563 1494 1585 non
1512 1552 1646 1586 omnino
1672 1563 1746 1586 cum
1762 1552 1901 1586 motibus
1913 1562 1984 1586 cae-

1243 1605 1346 1639 lorum
1369 1606 1559 1644 consentiat,
1576 1616 1648 1639 cum
1670 1605 1731 1638 boc
1747 1605 1780 1638 in
1795 1605 1882 1638 omni
1895 1606 1984 1650 cyclo

1242 1658 1422 1692 necessario
1436 1658 1570 1697 eveniat,
1583 1658 1722 1701 satisque
1739 1658 1780 1691 sit
1795 1658 1882 1701 quod
1894 1668 1983 1692 error

1242 1712 1308 1750 hic,
1334 1712 1390 1755 qui
1415 1711 1504 1744 vitari
1530 1711 1654 1754 nequit,
1676 1711 1777 1744 multo
1794 1711 1899 1744 rarior
1920 1712 1979 1745 de-

1241 1764 1460 1807 prehendatur
1469 1764 1502 1796 in
1511 1774 1593 1797 novo
1603 1764 1663 1798 boe
1673 1763 1876 1805 Kalendario,
1884 1774 1981 1808 quam

1242 1817 1275 1850 in
1292 1817 1357 1850 ullo
1383 1817 1460 1856 ali0·‚
1479 1822 1649 1860 propterea
1666 1817 1705 1850 ad
1723 1817 1878 1850 maiorem
1898 1817 1983 1850 illius

1242 1870 1504 1907 declarationem,
1527 1875 1558 1903 et
1583 1870 1622 1902 ad
1640 1879 1771 1902 omnem
1788 1870 1856 1903 eius
1871 1870 1982 1913 impu-

1240 1923 1359 1966 gnandi
1384 1923 1585 1956 occasionem
1617 1927 1822 1965 caeterasque
1848 1921 1981 1956 difficul-

1243 1982 1321 2009 tates
1346 1976 1515 2014 tollendas‚
1547 1974 1664 2008 dilecto
1690 1975 1756 2007 silio
1787 1972 1981 2008 Christoso'ro

1242 2029 1347 2063 Clario
1372 2027 1613 2071 bambergensi,
1634 2027 1802 2060 Societatis
1822 2028 1891 2061 Iesu
1907 2026 1982 2060 reli—

1240 2081 1343 2125 gioso,
1363 2080 1428 2113 viro
1447 2080 1507 2113 liae
1527 2080 1559 2112 in
1576 2091 1611 2113 re
1630 2079 1859 2118 versatissimo,
1875 2085 1906 2113 et
1924 2079 1980 2123 qui

1241 2134 1398 2177 insignem
1419 2134 1450 2166 in
1467 2133 1609 2167 eiusdem
1628 2133 1810 2166 Kalendarii
1833 2132 1982 2166 emenda-

1241 2189 1326 2221 tione
1351 2197 1482 2231 operam
1499 2187 1557 2219 sub
1575 2186 1688 2220 eodem
1709 2185 1862 2229 Gregorio
1878 2195 1977 2219 nava-

1242 2241 1294 2281 vit,
1304 2240 1536 2276 mandavinms.
1560 2245 1594 2273 ut
1608 2239 1831 2283 explicationes
1843 2239 1875 2272 in
1890 2249 1980 2283 prae-

1240 2295 1361 2328 dictum
1388 2294 1614 2327 kalendarium
1628 2294 1749 2333 ederet,
1766 2299 1832 2326 turn
1850 2293 1890 2326 ad
1905 2303 1980 2326 con·

1239 2347 1412 2380 firmandas
1427 2347 1570 2380 eiusdem
1590 2346 1768 2380 Kalendarii
1784 2356 1818 2379 ac
1836 2345 1978 2389 Gregorii

1239 2401 1389 2441 rationes,
1409 2406 1476 2434 tuni
1503 2401 1541 2434 ad
1559 2400 1703 2433 oninium
1722 2398 1978 2432 adversariorum

1239 2458 1419 2487 commenta
1440 2453 1659 2496 insringenda;
1681 2452 1735 2495 qui
1757 2453 1884 2486 tandem
1907 2456 1979 2496 post

1239 2509 1355 2541 multas
1368 2506 1608 2540 lucubrationes
1624 2506 1710 2538 hune
1729 2504 1845 2538 librum
1860 2504 1914 2538 diu
1927 2505 1980 2539 de-

1239 2562 1412 2594 sideratum
1427 2559 1520 2594 nobis
1537 2558 1664 2598 obtulit,
1683 2568 1822 2602 cumque
1839 2557 1980 2591 Romani

1237 2614 1431 2647 Kalendarii
1445 2624 1463 2646 a
1481 2612 1632 2654 Gronov-1¹0
1645 2611 1672 2644 A·
1680 2611 1696 2643 I
1697 2611 1733 2644 [I
1742 2612 1898 2655 Poutifiee
1908 2612 1978 2645 Μα-

1237 2668 1324 2699 :cc'me
1341 2666 1481 2699 restituti
1497 2666 1743 2708 erplicationem
1763 2666 1851 2698 iussu
1867 2670 1975 2698 nostro

1237 2721 1354 2753 editam
1375 2718 1579 2762 nuncupavit,
1596 2718 1628 2751 in
1642 2729 1706 2762 quo
1720 2719 1973 2752 adversariorum
