2227 3241
236 268 285 296 An.
302 268 331 296 C.
351 268 419 297 1606

271 755 419 787 Erigeudoque

235 788 347 809 puerorum
357 788 419 804 scun-

234 810 294 831 nario
316 810 368 835 petit
383 815 420 836 ap=

234 836 316 864 plicari.

261 1616 355 1637 Pontifex
374 1622 419 1637 euin

234 1649 277 1664 rem
309 1644 421 1664 committit

234 1670 421 1696 episcopisArgen-

236 1697 310 1717 tineus:
334 1699 353 1717 ct
378 1698 419 1719 Ba-

235 1723 343 1744 aitaeeusi.

304 2422 419 2447 Deruentio

236 2451 397 2470 contrariorum.

465 259 528 294 376
1005 262 1186 294 BULLA'RIUM

434 317 540 352 dilecti
562 317 619 350 filii
637 317 754 351 nobilis
774 316 832 350 viri
846 317 1053 351 Maximiliani
1071 317 1174 352 archi-

433 371 523 405 ducis
542 371 688 404 Austriae
710 371 796 405 illius
817 371 1000 416 provinciae
1019 372 1174 416 principis

433 424 581 458 asservati
597 424 727 466 suerint,
737 430 768 458 et
780 435 866 458 nunc
879 425 911 458 in
922 425 994 459 loco
1009 431 1075 459 tuto
1087 436 1176 470 repe—

435 477 559 511 riantur
576 477 616 511 ad
627 488 786 511 summam
803 478 951 512 undecim
970 479 1105 512 millium
1121 479 1175 513 sso-

434 541 586 565 renorum
602 537 751 566 monetae
766 532 894 565 illarum
908 533 1045 577 partium
1066 533 1173 577 (quin—

435 595 497 628 que
523 584 610 618 mille
635 596 671 618 ac
698 585 916 630 septingentos
947 587 1079 620 ducatos
1103 587 1173 620 auri

434 637 474 671 de
497 637 628 672 Camera
652 638 700 671 vel
728 638 856 672 circiter
885 639 1174 683 constituentium)

435 691 643 725 ascendentes
656 703 663 733 3

480 747 496 788 g
516 744 546 778 2.
564 746 706 790 Cumque
724 747 827 781 dictus
840 747 1071 782 Maximilianus
1086 749 1175 792 (con-

434 799 580 833 siderans
605 810 669 834 non
694 800 798 834 solum
824 801 901 834 utile
922 801 977 835 sed
997 801 1091 845 plane
1112 812 1171 835 ne-

435 853 607 887 cessarium
629 865 696 888 esse
717 855 757 888 ad
775 854 965 888 catholicam
985 855 1172 898 religionem

433 906 465 939 in
480 907 532 940 itta
545 908 711 952 provincia
723 908 865 952 undique
878 908 916 942 ab
930 909 1100 944 haereticis
1112 909 1174 943 cir-

433 963 597 1006 cumsepta
626 962 878 996 conservandam
908 967 942 996 ut
964 962 1174 997 seminarium

433 1014 685 1049 ecclesiasticum
707 1015 746 1049 ad
768 1015 976 1049 imbuendam
997 1016 1175 1050 catholicae

432 1067 507 1101 fidei
537 1069 742 1112 dogmatibus
767 1069 964 1103 iuventutem
991 1075 1171 1112 exstruatur,

433 1127 464 1156 et
477 1122 516 1156 ad
529 1122 715 1157 huiusmodi
728 1123 892 1157 seminarii
903 1123 1098 1157 erectionem
1109 1134 1174 1158 non

430 1186 546 1221 parum
567 1176 744 1210 adiumenti
761 1177 893 1210 allatum
913 1176 964 1218 iri,
981 1177 1006 1210 si
1020 1176 1105 1210 dicta
1120 1187 1175 1221 pe-

432 1230 600 1266 cuniarum
619 1242 755 1273 summa,
777 1242 813 1265 ex
831 1231 989 1266 fructibus
1009 1232 1176 1276 praeposi-

433 1290 523 1319 turae
553 1285 756 1329 supradictae
793 1285 934 1320 vacantis
966 1291 1117 1329 congesta
1146 1292 1176 1320 et

433 1344 602 1380 asservata,
627 1339 672 1372 illi
690 1339 916 1384 applicaretur,
934 1350 1005 1373 cum
1023 1350 1172 1384 praeser-

434 1392 488 1425 tim
508 1392 637 1426 aliunde
656 1399 803 1438 sumptus
814 1394 854 1426 ad
872 1393 904 1426 id
922 1394 1091 1428 necessarii
1112 1394 1172 1427 ha-

433 1447 502 1480 beri
521 1457 584 1480 non
605 1447 741 1491 possint)
758 1447 852 1481 nobis
869 1447 1035 1480 humiliter
1054 1448 1175 1492 suppli-

435 1499 498 1534 cari
519 1500 629 1534 fecerit
653 1505 687 1534 ut
707 1511 804 1545 super
824 1501 885 1534 hoc
908 1501 1083 1545 apostolica
1113 1501 1171 1535 he-

435 1553 592 1597 nignitate
609 1554 778 1598 providere
797 1554 1020 1597 dignaremur:

480 1610 494 1651 §J
519 1607 549 1641 3.
577 1609 651 1651 Nos,
669 1609 723 1652 qui
754 1608 816 1652 piis
848 1609 1004 1642 nobilium
1030 1608 1173 1642 virorum

436 1661 526 1702 votis,
547 1667 703 1705 quantum
726 1672 797 1695 cum
819 1662 955 1696 Domino
981 1672 1170 1706 possumus,

435 1714 573 1748 libenter
592 1715 774 1756 annuimus,
798 1715 983 1750 huiusmodi
1008 1716 1171 1760 supplica-

435 1767 575 1802 tionibus
593 1768 746 1810 inclinati,
760 1769 850 1803 vobis
864 1775 894 1803 et
907 1769 1098 1813 cuicumque
1112 1779 1175 1803 ves-

435 1827 568 1863 trum‚ut
578 1823 763 1867 (accedente
773 1823 920 1856 moderni
931 1823 1073 1856 eiusdem
1087 1833 1175 1867 prae—

433 1876 596 1920 positurae
623 1877 799 1922 praepositi
826 1888 883 1910 seu
908 1877 1174 1911 commendatarii

434 1940 607 1972 consensu,
631 1937 661 1964 et
680 1941 744 1964 non
776 1931 880 1974 aliter)
901 1941 1058 1965 summam
1078 1942 1175 1976 pecu-

434 1984 560 2018 niarum
583 1995 619 2018 ex
641 1984 797 2018 fructibus
814 1985 917 2019 dictae
931 1985 1173 2029 praepositurae

434 2043 467 2071 ut
478 2038 669 2082 praefertur,
684 2045 888 2079 asservatam,
900 2050 959 2083 pro
974 2039 1174 2073 extructionc

433 2091 528 2125 unius
544 2091 708 2125 seminarii
728 2103 903 2136 puerorum
923 2084 1127 2127 ecclesiastici
1142 2093 1173 2126 in

434 2144 518 2178 dicta
538 2145 701 2189 provincia
719 2146 749 2179 in
768 2147 839 2180 loco
856 2158 873 2179 a
894 2146 983 2179 vobis
1003 2147 1049 2180 vel
1072 2147 1174 2180 altero

435 2203 572 2232 vestrum
595 2199 794 2241 designando
809 2200 964 2241 facienda,
985 2200 1174 2233 auctoritate

435 2253 543 2286 nostra
562 2253 736 2296 apostolic-2·
757 2259 914 2297 perpetuo
932 2253 1095 2298 applicare
1115 2264 1170 2286 va-

435 2306 536 2347 leatis,
561 2306 745 2340 facultatem
771 2307 978 2341 concedimus
999 2314 1030 2340 et
1050 2307 1171 2352 imper-
1191 2319 1192 2325 ¹

437 2360 544 2393 timur.

480 2415 496 2456 g
517 2413 548 2447 4.
568 2414 638 2448 Non
663 2414 865 2448 obstantibus
880 2442 887 2456 ‚
912 2420 1070 2459 quatenus
1095 2426 1176 2460 opus

435 2467 485 2508 sit,
508 2467 608 2502 felicis
628 2468 864 2502 recordationis
883 2469 972 2502 Pauli
995 2467 1082 2503 ll¹et
1102 2470 1176 2503 alio-

436 2533 506 2555 rum
537 2522 759 2555 Romanorum
791 2522 983 2556 Pontificum
1013 2523 1051 2556 de
1080 2523 1176 2556 rebus

474 2605 482 2629 t
505 2602 546 2629 Sic
561 2602 625 2638 legit
639 2602 700 2629 edit.
722 2603 813 2635 Rom„
834 2602 902 2630 sicut
920 2603 1001 2630 etiam
1017 2611 1100 2638 supra
1115 2611 1175 2639 pag.

435 2646 504 2679 2553
524 2646 599 2680 alibi,
624 2655 663 2674 eii⁴
685 2655 723 2682 g.‚
746 2648 826 2682 paulo
846 2652 908 2675 aute
931 2647 958 2674 in
977 2648 1177 2676 Cotistitut.1„xt

436 2699 494 2727 pag.
511 2692 574 2726 374,
590 2690 689 2726 legitur
704 2691 779 2719 Pauli
795 2691 827 2719 IV
843 2698 879 2724 (n.
894 2691 942 2726 T.).

1205 268 1358 294 ROMANUM

1206 317 1366 352 Ecclesiae
1379 327 1443 351 non
1465 317 1653 358 alienandis,
1675 317 1809 363 aliisque
1828 319 1947 353 consti-

1209 372 1385 405 tutionibus
1410 378 1440 405 et
1461 372 1721 406 ordinationibus
1741 373 1944 417 apostolicis,

1208 425 1375 469 dictaeque
1391 425 1636 470 praepositurae
1657 431 1687 459 et,
1704 425 1788 460 illius
1806 426 1944 468 Ordinis,

1208 479 1304 512 etiam
1331 479 1524 519 iuramento,
1543 479 1789 513 confirmatione
1813 485 1946 524 aposto-

1208 531 1278 573 lica,
1300 532 1348 565 vel
1369 532 1480 576 quavis
1506 531 1658 566 firmitate
1683 532 1744 566 alia
1764 532 1945 574 roboratis,

1207 586 1334 619 statutis
1366 591 1396 619 et
1428 585 1717 619 consuetudinibus
1730 613 1738 627 ,
1773 585 1950 630 privilegiis

1208 649 1350 683 quoque,
1375 639 1506 673 indultis
1524 645 1554 673 et
1574 639 1688 674 litteris
1713 639 1896 685 apostolicis
1917 640 1949 673 in

1208 692 1406 726 eontrarium
1428 692 1678 736 praemissorum
1705 692 1951 737 quomodolibet

1208 745 1378 787 concessis,
1400 745 1599 780 confirmatis
1617 751 1648 780 et
1661 746 1860 791 approbatis,
1877 756 1949 780 cae-

1208 799 1347 843 terisque
1368 799 1538 833 contrariis
1556 799 1824 844 quibuscumque.

1251 853 1364 886 Datum
1386 853 1507 886 Romae
1531 853 1618 897 apud
1639 858 1786 886 sanctum
1803 853 1946 894 Petrum,

1208 906 1266 939 sub
1283 906 1402 939 annulo
1430 905 1600 939 Piscatoris
1629 905 1680 939 die
1703 916 1743 940 xv
1768 905 1950 940 decembris

1208 970 1316 1001 MDCVI,
1339 960 1546 1004 pontificatus
1571 960 1673 994 nostri
1695 969 1780 994 anno
1800 969 1835 995 11.

1245 1017 1306 1050 Πειῑζ
1320 1022 1363 1051 die
1384 1023 1417 1051 15
1435 1022 1581 1050 dicembris
1597 1022 1675 1058 1606,
1688 1031 1733 1051 an.
1749 1021 1845 1059 pontif.
1863 1028 1891 1051 11.

1517 1202 1606 1237 LXIV
1615 1201 1634 1235 ¹.

1209 1337 1254 1371 De
1277 1337 1472 1371 auctoritate
1495 1336 1644 1370 ministri
1667 1335 1833 1380 yeneralis
1851 1335 1950 1370 Ordi-

1252 1392 1305 1424 nis
1328 1391 1474 1434 fratrum
1489 1390 1660 1424 Minoram
1680 1390 1712 1423 S.
1728 1389 1900 1423 Francisci
1912 1388 1950 1423 de

1255 1443 1467 1478 Obseruantia
1491 1447 1519 1476 et
1547 1443 1764 1476 commissarii
1786 1441 1949 1486 yeneralis

1255 1495 1391 1530 Ordinis
1410 1497 1554 1541 fratrum
1577 1497 1837 1540 Reformatorum
1856 1505 1951 1540 saper

1251 1551 1411 1594 fratribus
1422 1550 1605 1583 Minoribus
1622 1550 1818 1595 Reformatis
1829 1549 1867 1583 de
1878 1550 1951 1583 stri-

1253 1604 1347 1637 ctiori
1361 1603 1575 1638 observantia
1588 1606 1608 1637 ².
1869 1616 1872 1619 ·

1209 1711 1319 1739 Dilecto
1334 1711 1395 1739 filio
1410 1711 1594 1746 Archangelo
1609 1719 1628 1738 a
1648 1712 1788 1739 Messana
1810 1710 1949 1739 ministro

1245 1757 1377 1791 generali
1400 1756 1496 1784 totius
1518 1756 1636 1784 Ordinis
1656 1756 1783 1784 fratrum
1803 1756 1949 1784 uiuorum

1245 1801 1343 1839 sancti
1359 1800 1512 1830 Francisei
1528 1801 1563 1828 de
1579 1801 1773 1829 Observantia

1448 1863 1560 1891 Paulus
1580 1862 1660 1897 Papa
1679 1863 1711 1890 V.

1285 1956 1399 1984 Dilecto
1414 1955 1468 1988 fili,
1485 1956 1614 1983 salutem
1630 1957 1660 1982 et
1674 1953 1872 1989 apostoticam

1450 2000 1702 2029 benedictionem.

1252 2090 1395 2124 Postulat
1414 2089 1580 2134 apostolici
1595 2089 1737 2123 muneris
1750 2089 1831 2123 ratio
1846 2090 1947 2134 (quod

1208 2145 1304 2179 nullis
1332 2145 1449 2178 nostris
1467 2143 1667 2187 exigentibus
1688 2143 1809 2177 meritis
1841 2143 1948 2178 divina

1209 2199 1352 2242 dignatio
1373 2210 1485 2242 gerere
1510 2209 1569 2232 nos
1594 2198 1694 2232 voluit
1718 2198 1749 2231 in
1775 2197 1882 2241 terris)
1913 2203 1948 2232 ut

1209 2253 1293 2287 iuter
1328 2259 1470 2287 caeteras
1499 2253 1566 2296 agri
1599 2252 1752 2286 dominici
1782 2251 1947 2286 excolendi

1209 2317 1302 2340 curas
1318 2306 1452 2340 minime
1475 2306 1656 2349 negligatur
1677 2305 1834 2340 restitutio
1856 2304 1949 2338 disci-

1209 2360 1362 2405 sciplinae
1383 2352 1516 2394 Ordinis
1539 2359 1716 2402 regularis,
1752 2358 1807 2403 qui
1833 2358 1948 2392 merito

1247 2467 1255 2493 1
1280 2467 1353 2494 Hauc
1368 2466 1492 2502 Constit.‚
1506 2474 1574 2502 quae
1594 2466 1621 2493 in
1636 2465 1700 2493 edit.
1725 2464 1803 2493 Maiu.
1826 2469 1887 2501 post
1904 2473 1948 2492 se-

1210 2515 1336 2548 quentem
1348 2512 1434 2547 posita
1450 2511 1510 2544 fuit,
1527 2519 1575 2538 nos
1589 2510 1743 2538 censuimus
1757 2510 1860 2538 ratione
1876 2510 1951 2537 ordi-

1211 2557 1251 2584 nis
1272 2555 1455 2591 chronologici
1470 2555 1687 2591 anteponendam
1700 2555 1741 2589 (u.
1757 2555 1806 2587 Τ.).

1245 2602 1261 2628 ⁴2
1282 2601 1498 2628 lictor-matorum
1509 2599 1750 2636 congregationem
1763 2599 1883 2635 probavit
1892 2599 1949 2627 Cle-

1212 2654 1287 2674 mens
1303 2645 1346 2673 Vll
1375 2646 1404 2673 in
1431 2653 1480 2673 sua
1507 2644 1618 2673 Constit.
1644 2650 1724 2680 xtuli,
1752 2644 1787 2673 Ιη
1802 2646 1947 2680 suprema,

1212 2694 1275 2718 tom.
1292 2697 1318 2718 vr
1333 2698 1395 2726 pag.
1415 2690 1473 2719 155.

1987 2111 2108 2134 Exordium.
2136 2133 2137 2136 ,
2147 2111 2149 2134 1
2163 2103 2175 2125 ,¹
