2227 3241
515 269 578 307 682
1058 284 1235 309 norisium
1261 285 1411 310 Romanuin

472 332 656 367 Dominicus
681 333 775 367 Tituli
800 335 901 368 sancti
925 334 1084 378 Onuphrii
1111 335 1282 371 cardinalis
1306 336 1443 380 Tuscus,
1471 338 1532 372 452
1557 350 1587 371 a.

474 386 656 419 Dominicus
681 385 850 420 cardinalis
875 386 1076 431 Gymnasius,
1102 388 1165 422 452
1189 399 1217 422 α.

470 437 660 481 Dreperius:
687 438 756 471 vide
779 438 977 474 Laurentius.

1224 549 1250 584 E

469 651 684 686 Ecclesiastici
702 655 809 689 testari
826 663 888 688 non
905 658 1039 698 possunt
1054 655 1085 689 in
1108 656 1246 691 savorem
1263 657 1515 701 illegitimorum,
1531 659 1594 693 300
1607 659 1633 692 b.
1647 659 1712 693 Nec
1726 660 1861 704 quodvis
1877 659 2005 695 illicitae

558 707 788 748 negociationis
813 717 914 751 genus
940 717 1103 751 exercere,
1131 709 1192 743 405
1218 710 1243 743 b.
1270 710 1334 744 Sub
1360 721 1462 754 poena
1487 715 1825 748 excommunicationis
1846 715 1877 748 in
1905 714 2004 749 Indiis

560 757 840 802 Occidentalibus,
867 761 926 794 501
955 772 983 793 a.

470 809 683 853 Egitanicnsis
709 812 862 855 ecclesia,
889 814 907 846 8
932 824 992 858 seq.
1018 813 1195 858 Episcopus
1219 815 1315 851 dubia
1341 819 1491 853 nonnulla
1523 819 1678 853 solvenda
1702 820 1776 854 Sedi
1803 819 2004 864 Apostolicae

559 867 722 909 proponit,
750 866 826 899 ibid.
858 867 977 901 Statuta
1008 868 1158 903 nonnulla
1184 869 1345 904 efformata
1371 882 1427 915 pro
1452 872 1610 907 dioecesis
1636 874 1802 916 regimine,
1829 872 1906 907 ibid.

472 918 626 952 Emanuel
652 919 846 954 Philibertus
865 920 1051 956 *sabaudiae
1076 923 1151 965 dux,
1178 923 1219 956 32
1243 923 1269 964 b,
1295 927 1326 958 et
1351 925 1391 958 82
1417 926 1444 958 b.
1470 925 1602 968 Magnus
1625 927 1776 970 magister
1799 930 1925 961 creatur
1947 928 2006 961 mi-

559 972 646 1006 litiae
672 972 701 1006 S.
726 972 863 1008 Mauritii
887 977 961 1008 tunc
987 979 1126 1018 erectae,
1152 976 1193 1009 32
1218 976 1242 1009 b.
1269 976 1425 1012 Nonnulla
1449 978 1531 1013 bona
1556 979 1773 1014 ecclesiastica
1797 990 1837 1014 ex
1862 979 2006 1015 haereti-

558 1036 666 1060 corum
691 1026 838 1061 manibus
868 1028 1018 1070 vindicat,
1044 1029 1085 1062 82
1110 1028 1136 1061 b.

472 1078 649 1124 Episcopus
674 1082 854 1115 visitatione
889 1083 933 1115 uti
969 1086 1136 1126 suspectus
1161 1083 1313 1126 allegari,
1342 1083 1390 1116 vel
1415 1083 1556 1117 recusari
1581 1093 1641 1117 uon
1667 1086 1787 1127 potest,
1815 1083 1855 1116 12
1881 1083 1908 1116 b.
1937 1082 2005 1117 Non

559 1137 663 1177 potest
686 1133 848 1168 licentiam
874 1135 949 1169 dare
974 1146 1073 1170 novas
1090 1137 1293 1180 >regularium
1320 1137 1430 1170 domos
1456 1137 1610 1180 erigendi,
1635 1138 1696 1170 uisi
1719 1137 1895 1170 constiterit
1912 1146 2006 1180 posse

557 1186 627 1221 illos
662 1188 732 1221 sine
756 1187 891 1221 aliorum
915 1188 1104 1223 detrimento
1129 1192 1316 1232 sustentari,
1344 1190 1380 1223 21
1409 1190 1426 1222 b
1449 1200 1510 1234 seq.
1543 1189 1704 1223 Vicarium
1735 1188 1920 1233 generalem
1951 1189 2005 1223 ha-

557 1239 634 1274 bere
659 1240 755 1275 debet
778 1243 809 1275 in
834 1243 933 1275 sacris
958 1241 1134 1277 Ordinibus
1159 1245 1381 1285 constitutum,
1407 1243 1469 1276 584
1495 1254 1556 1288 seq.

471 1292 620 1339 Episcopi
645 1295 738 1329 electi
762 1295 925 1330 Indiarum
949 1296 1205 1332 occidentalium
1230 1299 1332 1331 statim
1358 1297 1396 1331 ad
1422 1296 1626 1330 residentiam
1652 1298 1698 1330 ire
1723 1295 1863 1338 debent,
1889 1296 1951 1330 657
1977 1297 2004 1330 b.

560 1347 599 1383 Et
623 1351 654 1383 in
678 1349 778 1384 Indiis
803 1361 918 1385 munus
943 1352 1191 1386 consecrationis
1215 1353 1383 1396 recipere,
1410 1351 1487 1385 ibid.
1520 1350 1600 1395 Ipsis
1631 1351 1722 1385 datur
1754 1349 1885 1385 facultas
1916 1348 2006 1384 diffe-

560 1404 651 1439 rendi
671 1405 710 1438 ad
737 1405 953 1439 duodennium
978 1405 1225 1440 celebrationem
1250 1405 1457 1439 conciliorum
1483 1403 1736 1449 provincialium,
1758 1405 1821 1439 658
1844 1414 1906 1450 seq.

471 1457 622 1493 Ernestus
649 1459 911 1503 archiepiscopus
944 1458 1139 1493 Coloniensis
1170 1460 1200 1493 S.
1225 1459 1261 1494 R.
1287 1459 1309 1493 l.
1336 1459 1472 1501 elector,
1498 1459 1562 1493 424
1586 1458 1613 1492 b.
1642 1458 1762 1493 Statuta
1786 1458 1937 1493 nonnulla
1962 1459 2006 1493 ei-

562 1512 676 1546 sormat
706 1522 803 1556 super
836 1516 988 1557 expensis
1012 1513 1052 1547 ab
1075 1515 1115 1548 iis
1140 1513 1311 1555 faciendis,
1338 1515 1392 1559 qui
1417 1511 1617 1557 regularibus
1642 1511 1819 1547 Ordinibus
1844 1511 1920 1547 dant
1942 1521 2002 1546 no-

561 1574 656 1607 men,
684 1566 746 1600 425
771 1576 792 1598 a
813 1577 874 1610 seq.
899 1564 937 1601 Et
953 1576 1060 1618 ⁸super
1085 1566 1280 1611 regularium
1304 1568 1516 1608 testamentis,
1543 1565 1622 1599 ibid.

472 1617 679 1663 Evangelista
703 1619 744 1653 do
769 1618 911 1654 Gabiano
935 1621 1174 1655 commissarius
1195 1620 1352 1663 generalis
1377 1619 1508 1656 OrdInis
1533 1620 1562 1654 S.
1588 1619 1769 1660 Francisci,
1797 1619 1860 1654 378
1880 1631 1908 1654 α.

1225 1778 1247 1813 F

471 1883 586 1919 Fabius
611 1885 789 1929 patriarcha
813 1884 1120 1930 Hierosolymitanus
1144 1886 1341 1930 vicelegatus
1366 1888 1398 1920 in
1423 1885 1634 1931 Portugalliae
1659 1896 1767 1930 regno,
1788 1887 1851 1922 379
1871 1897 1900 1921 α.
1925 1886 2006 1932 Sup-

559 1938 656 1983 plicat
680 1949 736 1983 pro
762 1938 908 1983 hospitali
932 1939 1082 1974 Italorum
1106 1939 1315 1984 Ulyssiponae
1340 1945 1456 1983 erecto,
1483 1939 1559 1974 ibid.
1586 1945 1617 1975 et
1639 1951 1699 1986 seq.

471 1990 628 2026 Fabritius
654 1995 823 2037 episcopus
848 1993 878 2027 S.
904 1993 1016 2028 Severi
1041 1995 1177 2027 nuncius
1202 1993 1396 2037 apostolicus
1420 1994 1504 2038 apud
1529 1994 1711 2036 Helvetios,
1737 1995 1800 2030 372
1825 1995 1851 2029 b.

469 2046 626 2081 Fabritius
652 2050 821 2092 episcopus
847 2050 984 2082 civitatis
1010 2049 1135 2089 Plebis,
1157 2048 1219 2082 399
1246 2049 1272 2081 b.
1299 2048 1336 2083 Ei
1356 2050 1571 2091 committitur,
1591 2053 1623 2084 ut
1644 2050 1881 2093 possessionem
1901 2050 2007 2094 capiat

559 2103 653 2135 castri
678 2101 788 2145 Campi
813 2100 960 2143 Orseoli‚
988 2101 1064 2135 ibid.

470 2151 627 2188 Fabritius
652 2152 825 2198 Verospius
849 2154 1031 2189 audientiae
1055 2156 1229 2190 litterarum
1262 2155 1529 2190 contradictarum
1553 2156 1698 2198 auditor,
1725 2156 1787 2191 445
1812 2156 1837 2190 b.
1871 2156 2005 2192 Transa-

562 2208 699 2241 ctionem
722 2209 781 2242 init
805 2217 877 2242 cum
902 2210 1131 2243 commissariis
1155 2208 1348 2243 Ferdiuandi
1373 2211 1479 2252 magni
1503 2208 1593 2244 ducis
1618 2208 1787 2244 Hetruriae
1811 2218 1908 2254 super
1931 2219 2005 2245 eon-

560 2260 677 2295 ssnibus
708 2265 740 2295 et
763 2263 853 2306 aquis
880 2261 1007 2296 urbium
1033 2262 1176 2296 Civitatis
1200 2262 1306 2297 Plebis
1331 2267 1361 2297 et
1385 2262 1501 2304 Clusii‚
1530 2263 1606 2297 ibid.
1633 2262 1877 2298 Commissarius
1901 2263 2005 2308 Papae

562 2314 600 2349 at]
626 2315 697 2348 lites
723 2315 968 2358 componendas,
994 2316 1057 2350 673
1083 2327 1103 2349 α
1126 2327 1187 2361 seq.

470 2367 690 2403 Ferdinandus
715 2368 741 2402 11
769 2378 903 2412 magnus
926 2368 1094 2403 Hetruriae
1119 2369 1205 2409 dux,
1233 2371 1294 2404 445
1320 2370 1345 2403 b.
1372 2370 1628 2405 Transactionem
1661 2370 1720 2405 init
1746 2380 1818 2405 cum
1850 2371 2006 2406 commis-

558 2424 649 2457 sariis
676 2423 850 2457 Pontificiis
875 2433 972 2467 super
1003 2423 1181 2458 confinibus
1206 2428 1237 2458 et
1260 2424 1352 2468 aquis
1378 2423 1506 2458 urbium
1531 2423 1629 2458 Clusii
1655 2427 1686 2458 et
1711 2423 1856 2459 Civitatis
1879 2423 2004 2466 Plebis,

560 2475 635 2509 ibid.
661 2476 789 2510 Militiae
815 2477 845 2510 S.
871 2477 1022 2521 Stephani
1045 2477 1205 2519 adauctor,
1232 2477 1296 2511 504
1320 2487 1381 2521 seq.

473 2528 644 2563 Flaminius
670 2529 750 2563 tituli
775 2530 804 2563 S.
830 2529 947 2564 Mariae
972 2530 1011 2563 de
1037 2531 1118 2564 Pace
1144 2531 1314 2565 cardinalis
1339 2531 1462 2572 Platus,
1490 2531 1552 2565 ⁶290
1576 2542 1604 2564 a.

474 2581 640 2617 Francisca
666 2583 725 2626 (B.)
750 2582 901 2623 Romana,
928 2583 985 2616 491
1015 2583 1051 2616 b:
1077 2586 1145 2617 eius
1169 2594 1283 2628 genus,
1308 2585 1456 2618 nativitas
1481 2588 1512 2618 et
1532 2584 1673 2627 infantia,
1700 2583 1762 2618 492
1787 2583 1822 2624 b;
1848 2584 1917 2618 eius
1942 2585 2006 2619 vir·

562 2640 665 2678 tutes,
690 2637 752 2670 492
779 2637 795 2669 b
821 2640 851 2670 et
882 2646 942 2681 seq.
975 2636 1109 2671 Domum
1140 2647 1196 2681 pro
1226 2636 1349 2672 Oblatis
1381 2637 1643 2681 congregationis
1671 2636 1784 2671 Montis
1819 2634 1938 2673 Oliveti
1969 2639 2000 2673 in

563 2687 646 2723 Urbe
671 2689 795 2732 fundat,
817 2689 878 2724 493
899 2700 928 2723 a.
945 2689 1105 2725 Miraculis
1122 2690 1217 2734 clara,
1234 2691 1310 2726 dum
1327 2692 1423 2734 vixit,
1447 2691 1508 2726 495
1525 2691 1551 2725 b.
1576 2690 1653 2726 Eius
1677 2700 1772 2735 mors,
1797 2694 1828 2726 et
1852 2690 2004 2726 miracula
