2227 3241
277 290 329 318 An.
346 291 376 318 c.
393 291 461 319 1606
506 282 569 316 342

288 1312 401 1339 Derogatw
411 1318 459 1333 cor.-

275 1339 396 1360 trariorum.

311 2587 458 2615 Transumpte-

276 2621 320 2636 ruiu
335 2616 392 2636 tides.

1049 292 1233 317 nvLLARtt'M
1252 293 1406 317 nouauttttt

476 346 659 384 praesentes
697 340 928 373 committimus
949 346 979 373 et
1011 341 1212 381 mandamus,
1249 341 1383 373 alicuius
1401 350 1555 384 personae
1577 342 1608 374 in
1627 341 1780 385 dignitate
1800 342 1986 377 ecclesiasti-

476 399 633 436 quatenus
646 392 780 436 quilibet
800 403 924 432 eorum,
946 394 1215 438 quandocumque

477 445 595 478 fuerint
615 445 770 489 requisiti,
795 456 854 489 per
877 457 923 486 se,
951 446 997 479 vel
1022 446 1132 485 alium,
1159 456 1214 480 seu

476 497 566 537 alios,
591 504 776 542 praesentes
800 499 922 532 litteras
950 506 978 532 et
1014 500 1043 532 in
1070 499 1115 532 eis
1139 509 1215 532 eon-

477 557 561 584 tenta
574 561 798 595 quaecumque
807 552 994 586 solemniter
1005 552 1213 596 publicantes,

477 605 594 638 saciant
613 605 804 639 auctoritate
829 608 938 639 nostra
957 606 1139 650 praedictos
1162 616 1214 648 ge-

476 658 617 691 neralem
643 664 674 692 et
694 659 859 692 universos
879 659 992 692 fratres
1013 670 1049 692 ac
1078 659 1215 703 quemli-

475 711 529 745 bet
546 722 658 745 eorum
679 712 930 756 praemissorum
950 713 1094 746 omnium
1110 719 1140 746 et
1152 712 1216 746 sin-

475 765 623 808 gulorum
647 765 760 799 effectu
782 766 915 810 pacifice
935 766 996 799 frui
1014 771 1043 799 et
1060 766 1211 809 gaudere,

475 828 539 852 non
557 819 779 863 permittentes
797 819 868 852 illos
888 826 918 853 et
940 830 1051 854 eorum
1072 820 1215 864 singulos

475 871 615 916 desuper
642 883 660 905 a
687 883 851 917 quoquam
882 873 993 917 quavis
1024 873 1214 907 auctoritate

475 926 721 969 quomodolibet
751 925 896 960 indebite
923 927 1104 967 molestari3
1132 937 1212 960 eon-

475 978 667 1012 tradictores
684 990 908 1024 quoscumque
929 991 986 1025 per
1010 991 1160 1014 censuras
1185 986 1214 1013 et

474 1042 595 1075 poenas
616 1033 859 1074 ecclesiasticas,
887 1035 1012 1078 aliaque
1033 1040 1214 1078 opportuna

475 1085 552 1118 iuris
577 1091 607 1118 et
631 1086 703 1118 sacti
720 1087 873 1127 remedia,
897 1088 1112 1131 appellatione
1131 1093 1215 1130 post-

475 1138 588 1181 posita,
616 1141 863 1182 compescendo,
886 1141 1032 1174 invocato
1057 1140 1153 1174 etiam
1175 1141 1213 1173 ad

475 1191 547 1232 hoc,
570 1192 594 1224 si
622 1202 702 1236 opus
728 1193 841 1233 suerit,
862 1193 981 1226 auxilio
1006 1193 1128 1227 brachii
1146 1204 1213 1227 sae·

475 1245 602 1278 cularis.

519 1299 535 1340 g
556 1298 586 1332 3.
607 1299 675 1332 Non
708 1299 911 1333 obstantibus
939 1300 1039 1333 felicis
1063 1300 1214 1334 recorda-

476 1352 569 1385 tionis
590 1352 742 1386 Bonifacii
764 1353 868 1398 Papae
882 1354 944 1387 Vlll
958 1354 1213 1398 praedecessoris

473 1405 594 1446 nostri,
619 1406 658 1439 de
681 1409 762 1448 una,
786 1413 817 1440 et.
840 1407 869 1440 in
902 1407 1040 1440 concilio
1070 1408 1211 1450 generali

474 1458 558 1491 edita
576 1459 615 1492 de
636 1459 762 1493 duabus
783 1460 907 1500 diaetis,
928 1461 1107 1494 dummodo
1128 1461 1212 1494 ultra

474 1517 537 1545 tres
557 1512 678 1546 diaetas
703 1513 818 1557 aliquis
843 1514 1035 1547 auctoritate
1060 1524 1211 1557 praesen-

474 1565 553 1598 tium
577 1565 607 1598 in
630 1566 785 1599 iudicium
805 1577 868 1599 non
891 1567 1049 1607 trahatur,
1077 1567 1212 1610 aliisque

474 1618 760 1652 constitutionibus
785 1625 814 1652 et
843 1619 1104 1653 ordinationibus
1128 1630 1209 1664 apo-

473 1672 605 1712 stolicis,
626 1683 662 1706 ac
687 1673 789 1706 dictae
810 1674 1074 1717 Congregationis
1099 1681 1126 1708 et
1149 1675 1212 1708 sin-

473 1725 623 1768 gulorum
646 1726 731 1759 illius
753 1727 1034 1768 monasteriorum,
1055 1728 1209 1761 ceclesia-v

475 1789 544 1811 rum
561 1785 589 1812 ct
608 1779 752 1813 locorum
772 1780 967 1822 regularium
982 1791 1213 1824 quorumcum-

474 1842 554 1875 que,
594 1832 689 1865 etiam
728 1833 909 1866 iuramento
929 1861 935 1874 ,
967 1834 1213 1868 confirmatione

473 1885 658 1930 apostolica,
679 1886 726 1919 vel
747 1886 858 1930 quavis
876 1887 1027 1920 firmitate
1041 1888 1101 1920 alia
1116 1887 1212 1921 robo-

474 1938 561 1980 ratis,
574 1939 700 1972 statutis
718 1945 745 1972 et
765 1940 1065 1980 consuetudinibus,
1086 1940 1213 1984 privile-

473 1992 533 2035 giis
553 2003 695 2037 quoque,
713 1993 844 2026 indultis
859 1999 889 2027 et
903 1994 1016 2027 litteris
1030 1994 1213 2038 apostolicis

473 2045 504 2078 in
523 2046 719 2079 contrarium
735 2047 984 2090 praemissorum
1006 2048 1213 2091 quomodoli-

474 2099 527 2132 bet
547 2100 717 2140 concessis,
741 2100 939 2133 confirmatis
961 2106 991 2134 et
1015 2101 1209 2145 approbatis.

472 2152 594 2191 Quibus
614 2153 765 2186 omnibus
779 2159 810 2186 et
824 2154 969 2196 singulis,
993 2165 1104 2187 eorum
1126 2161 1210 2188 teno-

473 2215 523 2238 res
540 2205 763 2249 praesentibus
780 2217 839 2250 pro
853 2207 1010 2250 expressis
1035 2214 1062 2240 et
1085 2208 1124 2241 :td
1146 2218 1213 2241 vcr-

474 2258 549 2291 bum
566 2258 692 2292 insertis
705 2259 870 2300 babentes,
886 2260 943 2293 bae
965 2260 1029 2293 rice
1047 2261 1211 2294 dumtaxat

473 2311 656 2355 specialiter
676 2318 705 2344 et
731 2323 877 2356 expresse
903 2314 1108 2355 denegamus,
1132 2323 1209 2346 ncc-

473 2376 537 2398 non
558 2366 709 2399 omnibus
732 2367 802 2407 illis,
827 2377 907 2410 quae
929 2367 1044 2410 singuli
1071 2368 1209 2411 praede-

474 2428 616 2452 cessores
634 2419 789 2462 praedicti
805 2419 835 2452 in
854 2430 964 2452 eorum
988 2419 1101 2453 litteris
1121 2421 1212 2453 volu-

474 2477 567 2504 erunt
586 2481 650 2505 non
671 2472 810 2514 obstare,
825 2473 1023 2516 caeterisque
1044 2473 1212 2506 contrariis

474 2525 744 2569 quibuscumque.

519 2580 534 2622 ξ
560 2578 590 2612 lt.
615 2579 768 2612 Volumus
795 2585 901 2613 autem
932 2585 966 2613 ut
995 2580 1211 2623 praesentium

475 2633 694 2676 transumptis,
718 2633 813 2666 etiam
836 2633 1009 2677 impressis,
1034 2634 1208 2667 manuali-

475 2685 564 2720 cuius
582 2686 697 2719 notarii
720 2687 838 2728 publici
860 2686 1047 2729 subscriptis
1061 2693 1089 2720 et
1108 2687 1212 2730 sigillo

1249 397 1284 427 ca
1311 394 1501 427 constitutae
1531 395 1680 435 munitis,
1710 395 1821 429 eadem
1855 406 1986 440 prorsus

1249 447 1328 480 fides
1346 447 1548 488 adhibeatur,
1564 458 1646 492 quae
1667 448 1743 492 ipsis
1763 449 1986 493 praesentibus

1248 499 1466 541 adhiberetur,
1501 500 1525 533 si
1557 501 1662 535 forent
1690 501 1848 535 exhibitae
1868 501 1916 536 vel
1945 512 1983 536 o-

1247 559 1380 587 stensae.

1292 607 1403 640 Datum
1431 608 1550 642 Romae
1575 608 1659 652 apud
1679 615 1825 642 sanctum
1846 608 1984 643 Marcum

1248 661 1307 694 sub
1339 662 1458 695 annulo
1491 662 1662 696 piscatoris
1698 662 1749 696 die
1775 672 1828 696 xxi
1859 662 1985 706 augusti

1249 724 1357 755 arnovi,
1386 715 1594 759 pontificatus
1613 715 1714 749 nostri
1735 725 1821 749 anno
1841 725 1876 749 ιι.

1284 775 1343 802 Dat.
1366 776 1408 803 dic
1427 776 1457 803 21
1481 777 1586 812 augusti
1608 776 1686 811 1606,
1708 776 1802 813 pontif.
1818 785 1890 804 anno
1906 783 1936 804 Π.

1603 938 1633 970 L.

1251 1034 1463 1076 Confirmatio
1495 1039 1523 1067 et
1547 1035 1715 1067 innovatio
1735 1035 1986 1078 μνίυὶἱερίονίινη

1295 1086 1430 1120 Ordinis
1444 1087 1554 1120 beatae
1567 1087 1694 1120 Mariae
1714 1087 1752 1120 cle
1765 1087 1909 1122 Mercede
1927 1088 1988 1122 Re-

1293 1140 1489 1183 demptionis
1503 1140 1725 1183 Captivorum,
1747 1144 1776 1173 et
1796 1141 1987 1184 approbatio

1294 1193 1558 1236 Cmrqreyaffionis
1576 1193 1845 1237 Reformatorum,
1858 1204 1913 1228 seu
1929 1194 1988 1228 Re-

1292 1245 1508 1286 collectorum,
1524 1246 1754 1289 snbreyintine
1772 1247 1926 1291 maqistri
1940 1257 1988 1291 ye-

1290 1298 1414 1331 neralis
1423 1302 1452 1331 et
1465 1298 1608 1331 aliorum
1614 1298 1839 1342 praelatorum
1848 1299 1988 1334 eiusdem

1292 1351 1428 1385 Ordinis
1439 1351 1458 1385 ¹.

1470 1433 1579 1461 Paulus
1600 1433 1762 1468 episcopus

1439 1493 1544 1513 servus
1564 1493 1718 1514 servorum
1738 1486 1799 1521 Dei,

1370 1540 1406 1567 ad
1426 1543 1604 1574 perpetuam
1618 1541 1663 1568 rei
1679 1541 1860 1568 memoriam.

1291 1621 1376 1654 Inter
1403 1631 1515 1654 omnes
1543 1621 1625 1654 vitae
1653 1621 1811 1664 regularis
1837 1621 1982 1662 Ordines,

1247 1674 1364 1717 quibus
1400 1674 1568 1718 mysticum
1596 1679 1698 1707 totum
1731 1674 1792 1708 hoc
1821 1675 1986 1709 militantis

1248 1727 1406 1760 Ecclesiae
1433 1738 1552 1771 corpus
1577 1728 1616 1760 ad
1643 1728 1835 1761 christianae
1860 1728 1986 1772 pietatis

1247 1781 1369 1814 cultum
1391 1781 1550 1823 dirigitur,
1575 1781 1628 1814 ille
1649 1781 1680 1814 in
1705 1781 1818 1825 primis
1842 1792 1879 1815 ex
1898 1783 1986 1816 omni

1247 1835 1294 1868 sui
1313 1840 1403 1878 parte
1417 1835 1609 1878 conspicuus
1629 1835 1721 1868 nobis
1742 1835 1876 1876 videtur,
1890 1846 1986 1880 quem

1248 1888 1431 1921 beatissima
1452 1887 1618 1921 coelorum
1646 1888 1768 1931 Regina
1787 1889 1826 1922 ad
1847 1888 1987 1935 captivo-

1249 1951 1320 1974 rum
1345 1941 1376 1973 in
1402 1941 1582 1974 infidelium
1609 1940 1756 1984 partibus
1781 1941 1897 1975 misere
1914 1951 1983 1976 ser-

1248 1994 1401 2027 vientium
1424 1994 1679 2038 redemptionem
1700 2000 1809 2028 sancto
1828 1995 1988 2040 Raymun-

1248 2048 1289 2081 do
1321 2048 1359 2080 de
1396 2048 1569 2081 Pennasort
1598 2054 1629 2081 et
1665 2048 1769 2082 clarae
1810 2048 1986 2082 memoriae

1248 2101 1363 2135 Iacobo
1376 2102 1560 2143 Aragonum
1583 2101 1649 2144 regi
1675 2111 1801 2134 necnon
1821 2101 1985 2146 quondam

1248 2155 1341 2188 Petro
1373 2155 1520 2195 t'olasro,
1549 2154 1655 2198 primu
1683 2154 1767 2188 illius
1795 2154 1983 2198 professori,

1247 2208 1323 2241 dum
1346 2208 1440 2241 vitam
1463 2208 1618 2241 ducerent
1646 2208 1676 2240 in
1698 2207 1857 2249 humanis,
1876 2208 1986 2250 singu-

1249 2261 1304 2293 lari
1323 2261 1463 2304 quodam
1483 2260 1696 2294 miserationis
1709 2261 1823 2294 afl'ectu
1837 2260 1897 2294 sibi
1918 2261 1986 2294 sore

1247 2314 1447 2347 carissimum
1468 2314 1628 2353 revetavit,
1652 2319 1682 2347 ct
1704 2314 1805 2346 felicis
1826 2314 1978 2347 recorda-

1248 2367 1342 2400 tionis
1359 2367 1508 2400 Callistus
1522 2368 1606 2410 l‘apa
1624 2367 1660 2400 lll
1680 2367 1909 2411 praedeeessor
1928 2377 1985 2400 no-

1245 2427 1311 2454 stcr
1335 2421 1469 2454 caeteris
1497 2420 1675 2455 Ordinibus
1703 2420 1851 2464 (ratione
1877 2421 2001 2465 quarti*

1248 2474 1321 2515 voti,
1347 2484 1411 2518 quo
1442 2474 1525 2507 illius
1545 2474 1657 2507 fratres
1684 2484 1717 2507 se
1743 2474 1928 2508 infidelibus
1953 2475 1984 2508 in
2012 2511 2015 2514 ,

1246 2527 1444 2572 captivorum
1479 2526 1733 2571 redemptionem
1767 2527 1882 2571 pignus
1917 2528 1984 2561 sore

1284 2610 1293 2634 f
1317 2607 1442 2634 Ordinem
1465 2607 1543 2634 istum
1574 2607 1659 2642 primo
1688 2606 1857 2634 confirmarit
1883 2606 1982 2642 Grego-

1247 2651 1302 2678 rius
1317 2651 1349 2678 lx
1367 2651 1393 2678 in
1409 2659 1455 2678 sua
1470 2650 1611 2679 Constitut.
1626 2656 1676 2677 tht
1695 2650 1982 2684 De2=otionis,ton1.ttt

1247 2703 1307 2731 pag.
1326 2696 1385 2723 >¹¹⁸5-

2001 294 2096 323 An.G.
2112 263 2224 343 ἱῶἷῖ

2164 472 2175 479 w
2202 461 2206 483 l

2202 487 2203 495 t

2167 502 2171 509 ι

2194 561 2195 569 t

2027 1629 2112 1652 Ordinis
2130 1642 2137 1648 -
2150 1631 2159 1635 “
2178 1635 2189 1646 -·

1999 1658 2112 1680 mend-tio.
2145 1670 2163 1687 ί.
