<?xml version="1.0" encoding="UTF-8"?>
<!DOCTYPE html PUBLIC "-//W3C//DTD XHTML 1.0 Transitional//EN"
    "http://www.w3.org/TR/xhtml1/DTD/xhtml1-transitional.dtd">
<html xmlns="http://www.w3.org/1999/xhtml" xml:lang="en" lang="en">
 <head>
  <title>
</title>
<meta http-equiv="Content-Type" content="text/html;charset=utf-8" />
  <meta name='ocr-system' content='tesseract 3.04.00' />
  <meta name='ocr-capabilities' content='ocr_page ocr_carea ocr_par ocr_line ocrx_word'/>
</head>
<body>
  <div class='ocr_page' id='page_1' title='image "./bullarumdiplomat11cath_0657.png"; bbox 0 0 2227 3241; ppageno 0'>
   <div class='ocr_carea' id='block_1_1' title="bbox 330 234 1804 336">
    <p class='ocr_par' dir='ltr' id='par_1_1' title="bbox 330 234 1804 336">
     <span class='ocr_line' id='line_1_1' title="bbox 923 234 1765 269; baseline -0.001 -1"><span class='ocrx_word' id='word_1_1' title='bbox 923 245 1039 269; x_wconf 61' lang='lat' dir='ltr'>rannus</span> <span class='ocrx_word' id='word_1_2' title='bbox 1066 246 1083 268; x_wconf 79' lang='lat' dir='ltr'>v</span> <span class='ocrx_word' id='word_1_3' title='bbox 1109 245 1154 268; x_wconf 80' lang='lat' dir='ltr'>rr.</span> <span class='ocrx_word' id='word_1_4' title='bbox 1702 234 1765 267; x_wconf 67' lang='lat'>61⁴)</span> 
     </span>
     <span class='ocr_line' id='line_1_2' title="bbox 330 292 1804 336; baseline -0.001 -9"><span class='ocrx_word' id='word_1_5' title='bbox 330 295 346 336; x_wconf 66' lang='grc' dir='ltr'>ἓ</span> <span class='ocrx_word' id='word_1_6' title='bbox 376 293 406 327; x_wconf 85' lang='grc'>5.</span> <span class='ocrx_word' id='word_1_7' title='bbox 442 293 521 327; x_wconf 89' lang='lat' dir='ltr'>Item</span> <span class='ocrx_word' id='word_1_8' title='bbox 548 294 866 327; x_wconf 78' lang='lat' dir='ltr'>excommunicamus</span> <span class='ocrx_word' id='word_1_9' title='bbox 898 300 927 327; x_wconf 88' lang='lat' dir='ltr'>et</span> <span class='ocrx_word' id='word_1_10' title='bbox 953 304 1028 327; x_wconf 86' lang='lat' dir='ltr'>ana·</span> <span class='ocrx_word' id='word_1_11' title='bbox 1063 294 1216 326; x_wconf 85' lang='lat' dir='ltr'>hactenus</span> <span class='ocrx_word' id='word_1_12' title='bbox 1237 292 1407 333; x_wconf 83' lang='lat' dir='ltr'>concessis,</span> <span class='ocrx_word' id='word_1_13' title='bbox 1432 292 1471 326; x_wconf 89' lang='lat' dir='ltr'>de</span> <span class='ocrx_word' id='word_1_14' title='bbox 1492 292 1676 325; x_wconf 89' lang='lat' dir='ltr'>huiusmodi</span> <span class='ocrx_word' id='word_1_15' title='bbox 1695 292 1804 336; x_wconf 86' lang='lat' dir='ltr'>prohi-</span> 
     </span>
    </p>
   </div>
   <div class='ocr_carea' id='block_1_2' title="bbox 86 243 2003 275">
    <p class='ocr_par' dir='ltr' id='par_1_2' title="bbox 86 243 2003 275">
     <span class='ocr_line' id='line_1_3' title="bbox 86 243 2003 275; baseline -0.002 -1"><span class='ocrx_word' id='word_1_16' title='bbox 86 247 138 275; x_wconf 82' lang='lat' dir='ltr'>An.</span> <span class='ocrx_word' id='word_1_17' title='bbox 155 245 183 273; x_wconf 92' lang='lat' dir='ltr'>C.</span> <span class='ocrx_word' id='word_1_18' title='bbox 204 245 272 272; x_wconf 77' lang='lat'>1610</span> <span class='ocrx_word' id='word_1_19' title='bbox 1813 244 1861 269; x_wconf 70' lang='lat' dir='ltr'>An.</span> <span class='ocrx_word' id='word_1_20' title='bbox 1882 243 1911 270; x_wconf 85' lang='lat' dir='ltr'>C.</span> <span class='ocrx_word' id='word_1_21' title='bbox 1934 244 2003 271; x_wconf 72' lang='lat' dir='ltr'>teto</span> 
     </span>
    </p>
   </div>
   <div class='ocr_carea' id='block_1_3' title="bbox 86 309 271 388">
    <p class='ocr_par' dir='ltr' id='par_1_3' title="bbox 86 309 271 388">
     <span class='ocr_line' id='line_1_4' title="bbox 138 309 270 334; baseline -0.015 -5"><span class='ocrx_word' id='word_1_22' title='bbox 138 309 270 334; x_wconf 69' lang='lat' dir='ltr'>imponentes</span> 
     </span>
     <span class='ocr_line' id='line_1_5' title="bbox 86 335 271 360; baseline -0.016 -4"><span class='ocrx_word' id='word_1_23' title='bbox 86 341 140 356; x_wconf 78' lang='lat' dir='ltr'>nova</span> <span class='ocrx_word' id='word_1_24' title='bbox 151 335 241 360; x_wconf 73' lang='lat' dir='ltr'>pedagia</span> <span class='ocrx_word' id='word_1_25' title='bbox 250 336 271 354; x_wconf 84' lang='lat' dir='ltr'>et</span> 
     </span>
     <span class='ocr_line' id='line_1_6' title="bbox 87 362 270 388; baseline -0.011 -6"><span class='ocrx_word' id='word_1_26' title='bbox 87 362 180 388; x_wconf 56' lang='lat' dir='ltr'>tabellas</span> <span class='ocrx_word' id='word_1_27' title='bbox 197 362 227 382; x_wconf 71' lang='lat' dir='ltr'>rel</span> <span class='ocrx_word' id='word_1_28' title='bbox 245 368 270 381; x_wconf 67' lang='lat' dir='ltr'>ea</span> 
     </span>
    </p>
   </div>
   <div class='ocr_carea' id='block_1_4' title="bbox 86 390 194 414">
    <p class='ocr_par' dir='ltr' id='par_1_4' title="bbox 86 390 194 414">
     <span class='ocr_line' id='line_1_7' title="bbox 86 390 194 414; baseline -0.019 -5"><span class='ocrx_word' id='word_1_29' title='bbox 86 390 194 414; x_wconf 69' lang='lat' dir='ltr'>augentes.</span> 
     </span>
    </p>
   </div>
   <div class='ocr_carea' id='block_1_5' title="bbox 85 680 272 867">
    <p class='ocr_par' dir='ltr' id='par_1_5' title="bbox 85 680 272 867">
     <span class='ocr_line' id='line_1_8' title="bbox 125 680 271 702; baseline -0.014 0"><span class='ocrx_word' id='word_1_30' title='bbox 125 680 271 702; x_wconf 73' lang='lat' dir='ltr'>Fatsificantes</span> 
     </span>
     <span class='ocr_line' id='line_1_9' title="bbox 85 707 271 734; baseline -0.011 -6"><span class='ocrx_word' id='word_1_31' title='bbox 85 707 167 729; x_wconf 78' lang='lat' dir='ltr'>litteras</span> <span class='ocrx_word' id='word_1_32' title='bbox 182 709 271 734; x_wconf 77' lang='lat' dir='ltr'>aposto-</span> 
     </span>
     <span class='ocr_line' id='line_1_10' title="bbox 86 734 271 760; baseline -0.005 -5"><span class='ocrx_word' id='word_1_33' title='bbox 86 734 139 755; x_wconf 79' lang='lat' dir='ltr'>licas</span> <span class='ocrx_word' id='word_1_34' title='bbox 163 737 200 755; x_wconf 81' lang='lat' dir='ltr'>aut</span> <span class='ocrx_word' id='word_1_35' title='bbox 222 739 271 760; x_wconf 84' lang='lat' dir='ltr'>sup-</span> 
     </span>
     <span class='ocr_line' id='line_1_11' title="bbox 86 761 272 788; baseline -0.011 -6"><span class='ocrx_word' id='word_1_36' title='bbox 86 761 212 788; x_wconf 77' lang='lat' dir='ltr'>plicationes</span> <span class='ocrx_word' id='word_1_37' title='bbox 259 766 272 780; x_wconf 81' lang='lat' dir='ltr'>a</span> 
     </span>
     <span class='ocr_line' id='line_1_12' title="bbox 86 793 271 814; baseline -0.005 -6"><span class='ocrx_word' id='word_1_38' title='bbox 86 793 222 814; x_wconf 85' lang='lat' dir='ltr'>quocumque</span> <span class='ocrx_word' id='word_1_39' title='bbox 233 793 271 807; x_wconf 83' lang='lat' dir='ltr'>au-</span> 
     </span>
     <span class='ocr_line' id='line_1_13' title="bbox 86 814 270 835; baseline 0 -1"><span class='ocrx_word' id='word_1_40' title='bbox 86 815 205 835; x_wconf 77' lang='lat' dir='ltr'>ctoritatem</span> <span class='ocrx_word' id='word_1_41' title='bbox 234 814 270 834; x_wconf 78' lang='lat' dir='ltr'>ha-</span> 
     </span>
     <span class='ocr_line' id='line_1_14' title="bbox 85 841 262 867; baseline -0.006 -5"><span class='ocrx_word' id='word_1_42' title='bbox 85 841 148 862; x_wconf 76' lang='lat' dir='ltr'>bente</span> <span class='ocrx_word' id='word_1_43' title='bbox 163 842 262 867; x_wconf 80' lang='lat' dir='ltr'>signatas.</span> 
     </span>
    </p>
   </div>
   <div class='ocr_carea' id='block_1_6' title="bbox 50 1375 274 1744">
    <p class='ocr_par' dir='ltr' id='par_1_6' title="bbox 50 1375 274 1744">
     <span class='ocr_line' id='line_1_15' title="bbox 109 1375 271 1397; baseline 0 -1"><span class='ocrx_word' id='word_1_44' title='bbox 109 1375 271 1397; x_wconf 45' lang='lat' dir='ltr'>nerei-onina*</span> 
     </span>
     <span class='ocr_line' id='line_1_16' title="bbox 87 1403 272 1423; baseline -0.005 0"><span class='ocrx_word' id='word_1_45' title='bbox 87 1408 120 1423; x_wconf 77' lang='lat' dir='ltr'>ma</span> <span class='ocrx_word' id='word_1_46' title='bbox 142 1405 163 1423; x_wconf 81' lang='lat' dir='ltr'>et</span> <span class='ocrx_word' id='word_1_47' title='bbox 183 1403 225 1423; x_wconf 73' lang='lat' dir='ltr'>atta</span> <span class='ocrx_word' id='word_1_48' title='bbox 245 1403 272 1423; x_wconf 69' lang='lat' dir='ltr'>aa</span> 
     </span>
     <span class='ocr_line' id='line_1_17' title="bbox 87 1430 272 1450; baseline 0.016 -2"><span class='ocrx_word' id='word_1_49' title='bbox 87 1435 147 1449; x_wconf 76' lang='lat' dir='ltr'>usum</span> <span class='ocrx_word' id='word_1_50' title='bbox 170 1430 219 1450; x_wconf 82' lang='lat' dir='ltr'>belli</span> <span class='ocrx_word' id='word_1_51' title='bbox 241 1430 272 1450; x_wconf 89' lang='lat' dir='ltr'>in-</span> 
     </span>
     <span class='ocr_line' id='line_1_18' title="bbox 87 1456 273 1477; baseline 0.005 -2"><span class='ocrx_word' id='word_1_52' title='bbox 87 1458 203 1477; x_wconf 81' lang='lat' dir='ltr'>strumenta</span> <span class='ocrx_word' id='word_1_53' title='bbox 246 1456 273 1476; x_wconf 78' lang='lat' dir='ltr'>ad</span> 
     </span>
     <span class='ocr_line' id='line_1_19' title="bbox 88 1481 273 1505; baseline 0.005 -3"><span class='ocrx_word' id='word_1_54' title='bbox 88 1481 273 1505; x_wconf 51' lang='lat' dir='ltr'>&#39;summat-tatius</span> 
     </span>
     <span class='ocr_line' id='line_1_20' title="bbox 87 1508 273 1530; baseline 0.011 -2"><span class='ocrx_word' id='word_1_55' title='bbox 87 1508 196 1530; x_wconf 78' lang='lat' dir='ltr'>christiani</span> <span class='ocrx_word' id='word_1_56' title='bbox 207 1515 273 1530; x_wconf 82' lang='lat' dir='ltr'>nomi-</span> 
     </span>
     <span class='ocr_line' id='line_1_21' title="bbox 89 1535 272 1557; baseline 0.005 -2"><span class='ocrx_word' id='word_1_57' title='bbox 89 1535 121 1555; x_wconf 85' lang='lat' dir='ltr'>nis</span> <span class='ocrx_word' id='word_1_58' title='bbox 134 1536 237 1557; x_wconf 74' lang='lat' dir='ltr'>inimicos:</span> <span class='ocrx_word' id='word_1_59' title='bbox 253 1539 272 1556; x_wconf 82' lang='lat' dir='ltr'>et</span> 
     </span>
     <span class='ocr_line' id='line_1_22' title="bbox 87 1562 273 1588; baseline 0.005 -6"><span class='ocrx_word' id='word_1_60' title='bbox 87 1562 123 1587; x_wconf 78' lang='lat' dir='ltr'>qui</span> <span class='ocrx_word' id='word_1_61' title='bbox 150 1563 178 1583; x_wconf 78' lang='lat' dir='ltr'>ad</span> <span class='ocrx_word' id='word_1_62' title='bbox 203 1563 273 1588; x_wconf 74' lang='lat' dir='ltr'>reipu-</span> 
     </span>
     <span class='ocr_line' id='line_1_23' title="bbox 87 1588 273 1610; baseline 0.011 -2"><span class='ocrx_word' id='word_1_63' title='bbox 87 1588 158 1609; x_wconf 82' lang='lat' dir='ltr'>blicae</span> <span class='ocrx_word' id='word_1_64' title='bbox 174 1589 273 1610; x_wconf 78' lang='lat' dir='ltr'>christia-</span> 
     </span>
     <span class='ocr_line' id='line_1_24' title="bbox 50 1617 273 1641; baseline 0.004 -6"><span class='ocrx_word' id='word_1_65' title='bbox 50 1626 53 1630; x_wconf 94' lang='lat'>·</span> <span class='ocrx_word' id='word_1_66' title='bbox 87 1620 126 1636; x_wconf 75' lang='lat' dir='ltr'>nae</span> <span class='ocrx_word' id='word_1_67' title='bbox 138 1617 215 1636; x_wconf 81' lang='lat' dir='ltr'>statum</span> <span class='ocrx_word' id='word_1_68' title='bbox 226 1621 273 1641; x_wconf 80' lang='lat' dir='ltr'>pei·-</span> 
     </span>
     <span class='ocr_line' id='line_1_25' title="bbox 86 1642 272 1663; baseline 0 -1"><span class='ocrx_word' id='word_1_69' title='bbox 86 1642 176 1662; x_wconf 73' lang='lat' dir='ltr'>tinentia</span> <span class='ocrx_word' id='word_1_70' title='bbox 199 1642 272 1663; x_wconf 79' lang='lat' dir='ltr'>iisdem</span> 
     </span>
     <span class='ocr_line' id='line_1_26' title="bbox 87 1669 274 1690; baseline 0.005 -1"><span class='ocrx_word' id='word_1_71' title='bbox 87 1669 108 1689; x_wconf 85' lang='lat' dir='ltr'>in</span> <span class='ocrx_word' id='word_1_72' title='bbox 116 1669 212 1690; x_wconf 77' lang='lat' dir='ltr'>damnum</span> <span class='ocrx_word' id='word_1_73' title='bbox 219 1669 274 1690; x_wconf 71' lang='lat' dir='ltr'>chri·</span> 
     </span>
     <span class='ocr_line' id='line_1_27' title="bbox 87 1696 272 1718; baseline 0.011 -2"><span class='ocrx_word' id='word_1_74' title='bbox 87 1696 205 1716; x_wconf 80' lang='lat' dir='ltr'>sttanoruin</span> <span class='ocrx_word' id='word_1_75' title='bbox 219 1703 272 1718; x_wconf 89' lang='lat' dir='ltr'>nun-</span> 
     </span>
     <span class='ocr_line' id='line_1_28' title="bbox 90 1723 156 1744; baseline 0.03 -2"><span class='ocrx_word' id='word_1_76' title='bbox 90 1723 156 1744; x_wconf 71' lang='lat' dir='ltr'>ciant.</span> 
     </span>
    </p>
   </div>
   <div class='ocr_carea' id='block_1_7' title="bbox 0 0 28 3241">
    <p class='ocr_par' dir='ltr' id='par_1_7' title="bbox 0 0 28 3241">
     <span class='ocr_line' id='line_1_29' title="bbox 0 0 28 3241; baseline 0 0"><span class='ocrx_word' id='word_1_77' title='bbox 0 0 28 3241; x_wconf 95' lang='lat' dir='ltr'> </span> 
     </span>
    </p>
   </div>
   <div class='ocr_carea' id='block_1_8' title="bbox 284 346 1031 2698">
    <p class='ocr_par' dir='ltr' id='par_1_8' title="bbox 285 346 1028 660">
     <span class='ocr_line' id='line_1_30' title="bbox 285 346 1028 391; baseline 0 -11"><span class='ocrx_word' id='word_1_78' title='bbox 285 346 531 381; x_wconf 87' lang='lat' dir='ltr'>thematizamus</span> <span class='ocrx_word' id='word_1_79' title='bbox 552 357 682 387; x_wconf 88' lang='lat' dir='ltr'>omnes,</span> <span class='ocrx_word' id='word_1_80' title='bbox 707 347 760 391; x_wconf 91' lang='lat' dir='ltr'>qui</span> <span class='ocrx_word' id='word_1_81' title='bbox 789 347 819 380; x_wconf 90' lang='lat' dir='ltr'>in</span> <span class='ocrx_word' id='word_1_82' title='bbox 845 347 937 380; x_wconf 84' lang='lat' dir='ltr'>terris</span> <span class='ocrx_word' id='word_1_83' title='bbox 963 347 1028 380; x_wconf 88' lang='lat' dir='ltr'>suis</span> 
     </span>
     <span class='ocr_line' id='line_1_31' title="bbox 285 401 1026 446; baseline -0.001 -11"><span class='ocrx_word' id='word_1_84' title='bbox 285 411 366 435; x_wconf 78' lang='lat' dir='ltr'>nova</span> <span class='ocrx_word' id='word_1_85' title='bbox 384 401 532 446; x_wconf 87' lang='lat' dir='ltr'>pedagia,</span> <span class='ocrx_word' id='word_1_86' title='bbox 551 412 608 435; x_wconf 91' lang='lat' dir='ltr'>seu</span> <span class='ocrx_word' id='word_1_87' title='bbox 625 401 778 444; x_wconf 81' lang='lat' dir='ltr'>gabellas,</span> <span class='ocrx_word' id='word_1_88' title='bbox 800 406 1026 445; x_wconf 78' lang='lat' dir='ltr'>praeterquam</span> 
     </span>
     <span class='ocr_line' id='line_1_32' title="bbox 285 453 1026 498; baseline -0.003 -10"><span class='ocrx_word' id='word_1_89' title='bbox 285 455 316 487; x_wconf 91' lang='lat' dir='ltr'>in</span> <span class='ocrx_word' id='word_1_90' title='bbox 338 455 464 488; x_wconf 80' lang='lat' dir='ltr'>casibus</span> <span class='ocrx_word' id='word_1_91' title='bbox 488 454 547 488; x_wconf 86' lang='lat' dir='ltr'>sihi</span> <span class='ocrx_word' id='word_1_92' title='bbox 580 465 598 487; x_wconf 92' lang='lat' dir='ltr'>a</span> <span class='ocrx_word' id='word_1_93' title='bbox 630 455 719 495; x_wconf 85' lang='lat' dir='ltr'>iure,</span> <span class='ocrx_word' id='word_1_94' title='bbox 747 465 803 488; x_wconf 90' lang='lat' dir='ltr'>seu</span> <span class='ocrx_word' id='word_1_95' title='bbox 829 465 865 487; x_wconf 76' lang='lat' dir='ltr'>ex</span> <span class='ocrx_word' id='word_1_96' title='bbox 896 453 1026 498; x_wconf 83' lang='lat' dir='ltr'>speciali</span> 
     </span>
     <span class='ocr_line' id='line_1_33' title="bbox 285 508 1027 552; baseline -0.003 -10"><span class='ocrx_word' id='word_1_97' title='bbox 285 508 376 542; x_wconf 84' lang='lat' dir='ltr'>Sedis</span> <span class='ocrx_word' id='word_1_98' title='bbox 396 508 599 552; x_wconf 86' lang='lat' dir='ltr'>Apostolicae</span> <span class='ocrx_word' id='word_1_99' title='bbox 617 508 745 541; x_wconf 79' lang='lat' dir='ltr'>lieentia</span> <span class='ocrx_word' id='word_1_100' title='bbox 766 508 941 552; x_wconf 76' lang='lat' dir='ltr'>permissis,</span> <span class='ocrx_word' id='word_1_101' title='bbox 967 508 1027 540; x_wconf 90' lang='lat' dir='ltr'>im-</span> 
     </span>
     <span class='ocr_line' id='line_1_34' title="bbox 285 561 1027 606; baseline -0.001 -12"><span class='ocrx_word' id='word_1_102' title='bbox 285 566 410 606; x_wconf 90' lang='lat' dir='ltr'>ponunt</span> <span class='ocrx_word' id='word_1_103' title='bbox 429 561 476 594; x_wconf 91' lang='lat' dir='ltr'>vel</span> <span class='ocrx_word' id='word_1_104' title='bbox 506 567 641 604; x_wconf 82' lang='lat' dir='ltr'>augent,</span> <span class='ocrx_word' id='word_1_105' title='bbox 665 572 721 595; x_wconf 87' lang='lat' dir='ltr'>seu</span> <span class='ocrx_word' id='word_1_106' title='bbox 747 561 868 605; x_wconf 82' lang='lat' dir='ltr'>imponi</span> <span class='ocrx_word' id='word_1_107' title='bbox 894 561 942 594; x_wconf 76' lang='lat' dir='ltr'>vel</span> <span class='ocrx_word' id='word_1_108' title='bbox 971 572 1027 593; x_wconf 88' lang='lat' dir='ltr'>au-</span> 
     </span>
     <span class='ocr_line' id='line_1_35' title="bbox 285 615 703 660; baseline 0 -12"><span class='ocrx_word' id='word_1_109' title='bbox 285 615 352 659; x_wconf 88' lang='lat' dir='ltr'>geri</span> <span class='ocrx_word' id='word_1_110' title='bbox 372 615 537 660; x_wconf 86' lang='lat' dir='ltr'>prohibita</span> <span class='ocrx_word' id='word_1_111' title='bbox 562 615 703 659; x_wconf 81' lang='lat' dir='ltr'>exigunt.</span> 
     </span>
    </p>

    <p class='ocr_par' dir='ltr' id='par_1_9' title="bbox 284 669 1030 1358">
     <span class='ocr_line' id='line_1_36' title="bbox 330 669 1028 712; baseline 0 -10"><span class='ocrx_word' id='word_1_112' title='bbox 330 669 398 712; x_wconf 63' lang='lat'>56.</span> <span class='ocrx_word' id='word_1_113' title='bbox 426 669 504 703; x_wconf 82' lang='lat' dir='ltr'>Item</span> <span class='ocrx_word' id='word_1_114' title='bbox 539 669 857 702; x_wconf 76' lang='lat' dir='ltr'>excommunicamus</span> <span class='ocrx_word' id='word_1_115' title='bbox 888 674 919 702; x_wconf 88' lang='lat' dir='ltr'>et</span> <span class='ocrx_word' id='word_1_116' title='bbox 951 679 1028 702; x_wconf 90' lang='lat' dir='ltr'>ana-</span> 
     </span>
     <span class='ocr_line' id='line_1_37' title="bbox 287 722 1028 756; baseline -0.001 -1"><span class='ocrx_word' id='word_1_117' title='bbox 287 722 532 756; x_wconf 85' lang='lat' dir='ltr'>thematizamus</span> <span class='ocrx_word' id='word_1_118' title='bbox 552 732 665 756; x_wconf 89' lang='lat' dir='ltr'>omnes</span> <span class='ocrx_word' id='word_1_119' title='bbox 682 722 827 756; x_wconf 86' lang='lat' dir='ltr'>falsarios</span> <span class='ocrx_word' id='word_1_120' title='bbox 848 722 1028 755; x_wconf 88' lang='lat' dir='ltr'>litterarum</span> 
     </span>
     <span class='ocr_line' id='line_1_38' title="bbox 287 775 1029 820; baseline -0.001 -10"><span class='ocrx_word' id='word_1_121' title='bbox 287 776 549 820; x_wconf 87' lang='lat' dir='ltr'>apostolicarum,</span> <span class='ocrx_word' id='word_1_122' title='bbox 567 776 661 810; x_wconf 84' lang='lat' dir='ltr'>etiam</span> <span class='ocrx_word' id='word_1_123' title='bbox 684 776 714 809; x_wconf 93' lang='lat' dir='ltr'>in</span> <span class='ocrx_word' id='word_1_124' title='bbox 737 775 839 809; x_wconf 75' lang='lat' dir='ltr'>forma</span> <span class='ocrx_word' id='word_1_125' title='bbox 860 776 976 818; x_wconf 88' lang='lat' dir='ltr'>Brevis,</span> <span class='ocrx_word' id='word_1_126' title='bbox 993 787 1029 809; x_wconf 90' lang='lat' dir='ltr'>ac</span> 
     </span>
     <span class='ocr_line' id='line_1_39' title="bbox 286 829 1030 874; baseline 0 -11"><span class='ocrx_word' id='word_1_127' title='bbox 286 829 558 874; x_wconf 80' lang='lat' dir='ltr'>supplicationum</span> <span class='ocrx_word' id='word_1_128' title='bbox 573 829 708 873; x_wconf 78' lang='lat' dir='ltr'>gratiam</span> <span class='ocrx_word' id='word_1_129' title='bbox 724 829 770 863; x_wconf 92' lang='lat' dir='ltr'>vel</span> <span class='ocrx_word' id='word_1_130' title='bbox 791 829 943 863; x_wconf 90' lang='lat' dir='ltr'>iustitiam</span> <span class='ocrx_word' id='word_1_131' title='bbox 958 840 1030 863; x_wconf 88' lang='lat' dir='ltr'>con-</span> 
     </span>
     <span class='ocr_line' id='line_1_40' title="bbox 286 883 1025 928; baseline 0 -12"><span class='ocrx_word' id='word_1_132' title='bbox 286 883 506 925; x_wconf 85' lang='lat' dir='ltr'>cernentium,</span> <span class='ocrx_word' id='word_1_133' title='bbox 530 894 589 928; x_wconf 88' lang='lat' dir='ltr'>per</span> <span class='ocrx_word' id='word_1_134' title='bbox 608 884 791 918; x_wconf 87' lang='lat' dir='ltr'>Romanum</span> <span class='ocrx_word' id='word_1_135' title='bbox 818 883 1025 924; x_wconf 74' lang='lat' dir='ltr'>Pontificem,</span> 
     </span>
     <span class='ocr_line' id='line_1_41' title="bbox 286 937 1028 980; baseline 0.001 -10"><span class='ocrx_word' id='word_1_136' title='bbox 286 937 333 970; x_wconf 84' lang='lat' dir='ltr'>vel</span> <span class='ocrx_word' id='word_1_137' title='bbox 353 937 383 971; x_wconf 89' lang='lat' dir='ltr'>S.</span> <span class='ocrx_word' id='word_1_138' title='bbox 406 937 442 971; x_wconf 92' lang='lat' dir='ltr'>R.</span> <span class='ocrx_word' id='word_1_139' title='bbox 467 938 500 971; x_wconf 89' lang='lat' dir='ltr'>E.</span> <span class='ocrx_word' id='word_1_140' title='bbox 524 937 815 979; x_wconf 83' lang='lat' dir='ltr'>vicecancellarios,</span> <span class='ocrx_word' id='word_1_141' title='bbox 839 948 894 971; x_wconf 87' lang='lat' dir='ltr'>seu</span> <span class='ocrx_word' id='word_1_142' title='bbox 912 947 1028 980; x_wconf 85' lang='lat' dir='ltr'>geren-</span> 
     </span>
     <span class='ocr_line' id='line_1_42' title="bbox 285 991 1025 1033; baseline -0.001 -8"><span class='ocrx_word' id='word_1_143' title='bbox 285 998 331 1025; x_wconf 86' lang='lat' dir='ltr'>tes</span> <span class='ocrx_word' id='word_1_144' title='bbox 352 992 436 1025; x_wconf 87' lang='lat' dir='ltr'>vices</span> <span class='ocrx_word' id='word_1_145' title='bbox 456 1002 588 1033; x_wconf 88' lang='lat' dir='ltr'>eorum,</span> <span class='ocrx_word' id='word_1_146' title='bbox 611 997 665 1025; x_wconf 87' lang='lat' dir='ltr'>aut</span> <span class='ocrx_word' id='word_1_147' title='bbox 693 992 732 1025; x_wconf 89' lang='lat' dir='ltr'>de</span> <span class='ocrx_word' id='word_1_148' title='bbox 762 991 913 1025; x_wconf 87' lang='lat' dir='ltr'>mandato</span> <span class='ocrx_word' id='word_1_149' title='bbox 939 992 1025 1024; x_wconf 86' lang='lat' dir='ltr'>eius-</span> 
     </span>
     <span class='ocr_line' id='line_1_43' title="bbox 285 1045 1028 1089; baseline -0.001 -10"><span class='ocrx_word' id='word_1_150' title='bbox 285 1046 356 1079; x_wconf 86' lang='lat' dir='ltr'>dem</span> <span class='ocrx_word' id='word_1_151' title='bbox 374 1046 540 1079; x_wconf 86' lang='lat' dir='ltr'>Pontificis</span> <span class='ocrx_word' id='word_1_152' title='bbox 561 1045 771 1089; x_wconf 81' lang='lat' dir='ltr'>signatarum,</span> <span class='ocrx_word' id='word_1_153' title='bbox 793 1056 852 1079; x_wconf 86' lang='lat' dir='ltr'>nec</span> <span class='ocrx_word' id='word_1_154' title='bbox 870 1056 933 1079; x_wconf 88' lang='lat' dir='ltr'>non</span> <span class='ocrx_word' id='word_1_155' title='bbox 949 1046 1028 1079; x_wconf 83' lang='lat' dir='ltr'>salso</span> 
     </span>
     <span class='ocr_line' id='line_1_44' title="bbox 284 1099 1028 1143; baseline -0.001 -11"><span class='ocrx_word' id='word_1_156' title='bbox 284 1099 484 1143; x_wconf 84' lang='lat' dir='ltr'>publicantes</span> <span class='ocrx_word' id='word_1_157' title='bbox 508 1099 630 1133; x_wconf 75' lang='lat' dir='ltr'>litteras</span> <span class='ocrx_word' id='word_1_158' title='bbox 651 1099 854 1143; x_wconf 86' lang='lat' dir='ltr'>apostolicas,</span> <span class='ocrx_word' id='word_1_159' title='bbox 879 1099 974 1133; x_wconf 86' lang='lat' dir='ltr'>etiam</span> <span class='ocrx_word' id='word_1_160' title='bbox 997 1099 1028 1132; x_wconf 92' lang='lat' dir='ltr'>in</span> 
     </span>
     <span class='ocr_line' id='line_1_45' title="bbox 285 1153 1029 1196; baseline 0 -11"><span class='ocrx_word' id='word_1_161' title='bbox 285 1153 387 1186; x_wconf 77' lang='lat' dir='ltr'>forma</span> <span class='ocrx_word' id='word_1_162' title='bbox 420 1153 549 1196; x_wconf 86' lang='lat' dir='ltr'>Brevis,</span> <span class='ocrx_word' id='word_1_163' title='bbox 582 1159 611 1186; x_wconf 91' lang='lat' dir='ltr'>et</span> <span class='ocrx_word' id='word_1_164' title='bbox 640 1153 735 1186; x_wconf 81' lang='lat' dir='ltr'>etiam</span> <span class='ocrx_word' id='word_1_165' title='bbox 763 1153 841 1185; x_wconf 86' lang='lat' dir='ltr'>salso</span> <span class='ocrx_word' id='word_1_166' title='bbox 865 1153 1029 1195; x_wconf 77' lang='lat' dir='ltr'>signantes</span> 
     </span>
     <span class='ocr_line' id='line_1_46' title="bbox 284 1206 1030 1251; baseline 0.001 -13"><span class='ocrx_word' id='word_1_167' title='bbox 284 1207 537 1251; x_wconf 75' lang='lat' dir='ltr'>supplicationes</span> <span class='ocrx_word' id='word_1_168' title='bbox 550 1206 734 1240; x_wconf 88' lang='lat' dir='ltr'>huiusmodi</span> <span class='ocrx_word' id='word_1_169' title='bbox 749 1207 808 1239; x_wconf 91' lang='lat' dir='ltr'>sub</span> <span class='ocrx_word' id='word_1_170' title='bbox 822 1206 954 1240; x_wconf 90' lang='lat' dir='ltr'>nomine</span> <span class='ocrx_word' id='word_1_171' title='bbox 968 1207 1030 1240; x_wconf 86' lang='lat' dir='ltr'>Ro-</span> 
     </span>
     <span class='ocr_line' id='line_1_47' title="bbox 286 1260 1030 1301; baseline 0 -8"><span class='ocrx_word' id='word_1_172' title='bbox 286 1260 371 1293; x_wconf 85' lang='lat' dir='ltr'>mani</span> <span class='ocrx_word' id='word_1_173' title='bbox 393 1260 570 1301; x_wconf 84' lang='lat' dir='ltr'>Pontificis,</span> <span class='ocrx_word' id='word_1_174' title='bbox 595 1271 650 1293; x_wconf 90' lang='lat' dir='ltr'>seu</span> <span class='ocrx_word' id='word_1_175' title='bbox 672 1260 947 1301; x_wconf 72' lang='lat' dir='ltr'>vicecancellarii,</span> <span class='ocrx_word' id='word_1_176' title='bbox 975 1266 1030 1293; x_wconf 82' lang='lat' dir='ltr'>aut</span> 
     </span>
     <span class='ocr_line' id='line_1_48' title="bbox 286 1313 848 1358; baseline -0.004 -10"><span class='ocrx_word' id='word_1_177' title='bbox 286 1314 465 1357; x_wconf 79' lang='lat' dir='ltr'>gerentium</span> <span class='ocrx_word' id='word_1_178' title='bbox 488 1314 573 1347; x_wconf 84' lang='lat' dir='ltr'>vices</span> <span class='ocrx_word' id='word_1_179' title='bbox 597 1313 848 1358; x_wconf 86' lang='lat' dir='ltr'>praedictorum.</span> 
     </span>
    </p>

    <p class='ocr_par' dir='ltr' id='par_1_10' title="bbox 286 1367 1031 2698">
     <span class='ocr_line' id='line_1_49' title="bbox 332 1367 1028 1412; baseline -0.001 -11"><span class='ocrx_word' id='word_1_180' title='bbox 332 1368 346 1412; x_wconf 62' lang='grc' dir='ltr'><strong>ἓ</strong></span> <span class='ocrx_word' id='word_1_181' title='bbox 365 1368 394 1401; x_wconf 90' lang='lat'>7.</span> <span class='ocrx_word' id='word_1_182' title='bbox 415 1369 492 1401; x_wconf 87' lang='lat' dir='ltr'>Item</span> <span class='ocrx_word' id='word_1_183' title='bbox 515 1367 833 1401; x_wconf 81' lang='lat' dir='ltr'>excommunicamus</span> <span class='ocrx_word' id='word_1_184' title='bbox 850 1373 879 1400; x_wconf 88' lang='lat' dir='ltr'>et</span> <span class='ocrx_word' id='word_1_185' title='bbox 898 1367 1028 1400; x_wconf 89' lang='lat' dir='ltr'>anathe-</span> 
     </span>
     <span class='ocr_line' id='line_1_50' title="bbox 289 1421 1029 1465; baseline -0.003 -10"><span class='ocrx_word' id='word_1_186' title='bbox 289 1422 477 1455; x_wconf 85' lang='lat' dir='ltr'>matizamus</span> <span class='ocrx_word' id='word_1_187' title='bbox 498 1431 610 1455; x_wconf 79' lang='lat' dir='ltr'>omncs</span> <span class='ocrx_word' id='word_1_188' title='bbox 631 1421 716 1462; x_wconf 81' lang='lat' dir='ltr'>ittos,</span> <span class='ocrx_word' id='word_1_189' title='bbox 745 1421 799 1465; x_wconf 87' lang='lat' dir='ltr'>qui</span> <span class='ocrx_word' id='word_1_190' title='bbox 828 1421 866 1454; x_wconf 85' lang='lat' dir='ltr'>ad</span> <span class='ocrx_word' id='word_1_191' title='bbox 897 1421 1029 1454; x_wconf 68' lang='lat' dir='ltr'>Sarace-</span> 
     </span>
     <span class='ocr_line' id='line_1_51' title="bbox 288 1475 1030 1518; baseline -0.001 -10"><span class='ocrx_word' id='word_1_192' title='bbox 288 1486 357 1514; x_wconf 83' lang='lat' dir='ltr'>nos,</span> <span class='ocrx_word' id='word_1_193' title='bbox 384 1475 513 1518; x_wconf 72' lang='lat' dir='ltr'>Tureas,</span> <span class='ocrx_word' id='word_1_194' title='bbox 540 1481 570 1508; x_wconf 89' lang='lat' dir='ltr'>et</span> <span class='ocrx_word' id='word_1_195' title='bbox 594 1475 672 1507; x_wconf 84' lang='lat' dir='ltr'>alios</span> <span class='ocrx_word' id='word_1_196' title='bbox 698 1475 863 1507; x_wconf 80' lang='lat' dir='ltr'>christiani</span> <span class='ocrx_word' id='word_1_197' title='bbox 890 1475 1030 1508; x_wconf 91' lang='lat' dir='ltr'>nominis</span> 
     </span>
     <span class='ocr_line' id='line_1_52' title="bbox 288 1528 1030 1572; baseline -0.001 -10"><span class='ocrx_word' id='word_1_198' title='bbox 288 1529 394 1562; x_wconf 87' lang='lat' dir='ltr'>hostes</span> <span class='ocrx_word' id='word_1_199' title='bbox 414 1534 444 1562; x_wconf 90' lang='lat' dir='ltr'>et</span> <span class='ocrx_word' id='word_1_200' title='bbox 465 1528 612 1562; x_wconf 89' lang='lat' dir='ltr'>inimicos</span> <span class='ocrx_word' id='word_1_201' title='bbox 632 1529 680 1561; x_wconf 82' lang='lat' dir='ltr'>vel</span> <span class='ocrx_word' id='word_1_202' title='bbox 702 1528 879 1561; x_wconf 78' lang='lat' dir='ltr'>haereticos</span> <span class='ocrx_word' id='word_1_203' title='bbox 901 1539 957 1572; x_wconf 87' lang='lat' dir='ltr'>per</span> <span class='ocrx_word' id='word_1_204' title='bbox 975 1539 1030 1561; x_wconf 88' lang='lat' dir='ltr'>no-</span> 
     </span>
     <span class='ocr_line' id='line_1_53' title="bbox 288 1581 1031 1616; baseline -0.001 -1"><span class='ocrx_word' id='word_1_205' title='bbox 288 1587 369 1615; x_wconf 84' lang='lat' dir='ltr'>stras</span> <span class='ocrx_word' id='word_1_206' title='bbox 394 1582 458 1615; x_wconf 73' lang='lat' dir='ltr'>sive</span> <span class='ocrx_word' id='word_1_207' title='bbox 480 1582 574 1615; x_wconf 90' lang='lat' dir='ltr'>huius</span> <span class='ocrx_word' id='word_1_208' title='bbox 594 1581 728 1616; x_wconf 80' lang='lat' dir='ltr'>Sanctae</span> <span class='ocrx_word' id='word_1_209' title='bbox 749 1581 839 1615; x_wconf 86' lang='lat' dir='ltr'>Sedis</span> <span class='ocrx_word' id='word_1_210' title='bbox 856 1582 1031 1615; x_wconf 80' lang='lat' dir='ltr'>sententias</span> 
     </span>
     <span class='ocr_line' id='line_1_54' title="bbox 288 1635 1030 1680; baseline -0.001 -11"><span class='ocrx_word' id='word_1_211' title='bbox 288 1645 435 1680; x_wconf 84' lang='lat' dir='ltr'>expresse</span> <span class='ocrx_word' id='word_1_212' title='bbox 460 1636 508 1669; x_wconf 81' lang='lat' dir='ltr'>vel</span> <span class='ocrx_word' id='word_1_213' title='bbox 533 1635 725 1668; x_wconf 90' lang='lat' dir='ltr'>nominatim</span> <span class='ocrx_word' id='word_1_214' title='bbox 755 1635 952 1676; x_wconf 82' lang='lat' dir='ltr'>declaratos,</span> <span class='ocrx_word' id='word_1_215' title='bbox 975 1635 1030 1668; x_wconf 84' lang='lat' dir='ltr'>‹lc-</span> 
     </span>
     <span class='ocr_line' id='line_1_55' title="bbox 289 1689 1031 1732; baseline 0.001 -11"><span class='ocrx_word' id='word_1_216' title='bbox 289 1689 394 1722; x_wconf 85' lang='lat' dir='ltr'>serunt</span> <span class='ocrx_word' id='word_1_217' title='bbox 407 1699 462 1722; x_wconf 86' lang='lat' dir='ltr'>seu</span> <span class='ocrx_word' id='word_1_218' title='bbox 479 1689 701 1722; x_wconf 86' lang='lat' dir='ltr'>transmittunt</span> <span class='ocrx_word' id='word_1_219' title='bbox 722 1699 833 1732; x_wconf 83' lang='lat' dir='ltr'>equos,</span> <span class='ocrx_word' id='word_1_220' title='bbox 850 1699 951 1728; x_wconf 83' lang='lat' dir='ltr'>arma,</span> <span class='ocrx_word' id='word_1_221' title='bbox 971 1689 1031 1722; x_wconf 87' lang='lat' dir='ltr'>ser-</span> 
     </span>
     <span class='ocr_line' id='line_1_56' title="bbox 289 1741 1027 1786; baseline -0.003 -11"><span class='ocrx_word' id='word_1_222' title='bbox 289 1753 380 1782; x_wconf 87' lang='lat' dir='ltr'>rum,</span> <span class='ocrx_word' id='word_1_223' title='bbox 405 1742 494 1774; x_wconf 78' lang='lat' dir='ltr'>filum</span> <span class='ocrx_word' id='word_1_224' title='bbox 522 1741 617 1781; x_wconf 77' lang='lat' dir='ltr'>ferri,</span> <span class='ocrx_word' id='word_1_225' title='bbox 640 1747 814 1781; x_wconf 80' lang='lat' dir='ltr'>stamnum,</span> <span class='ocrx_word' id='word_1_226' title='bbox 843 1741 1027 1786; x_wconf 66' lang='lat' dir='ltr'>chalybem,</span> 
     </span>
     <span class='ocr_line' id='line_1_57' title="bbox 287 1795 1030 1839; baseline 0 -11"><span class='ocrx_word' id='word_1_227' title='bbox 287 1795 460 1839; x_wconf 81' lang='lat' dir='ltr'>omniaque</span> <span class='ocrx_word' id='word_1_228' title='bbox 481 1795 686 1828; x_wconf 87' lang='lat' dir='ltr'>metallorum</span> <span class='ocrx_word' id='word_1_229' title='bbox 703 1805 833 1837; x_wconf 80' lang='lat' dir='ltr'>genera,</span> <span class='ocrx_word' id='word_1_230' title='bbox 850 1800 946 1839; x_wconf 80' lang='lat' dir='ltr'>atque</span> <span class='ocrx_word' id='word_1_231' title='bbox 964 1795 1030 1828; x_wconf 81' lang='lat' dir='ltr'>bel-</span> 
     </span>
     <span class='ocr_line' id='line_1_58' title="bbox 288 1847 1027 1893; baseline 0.001 -13"><span class='ocrx_word' id='word_1_232' title='bbox 288 1849 347 1882; x_wconf 87' lang='lat' dir='ltr'>lica</span> <span class='ocrx_word' id='word_1_233' title='bbox 369 1849 604 1887; x_wconf 83' lang='lat' dir='ltr'>instrumenta,</span> <span class='ocrx_word' id='word_1_234' title='bbox 633 1847 828 1890; x_wconf 85' lang='lat' dir='ltr'>lignamina,</span> <span class='ocrx_word' id='word_1_235' title='bbox 852 1859 1027 1893; x_wconf 78' lang='lat' dir='ltr'>canapem,</span> 
     </span>
     <span class='ocr_line' id='line_1_59' title="bbox 287 1902 1029 1946; baseline -0.001 -10"><span class='ocrx_word' id='word_1_236' title='bbox 287 1903 398 1944; x_wconf 79' lang='lat' dir='ltr'>funes,</span> <span class='ocrx_word' id='word_1_237' title='bbox 435 1908 497 1936; x_wconf 87' lang='lat' dir='ltr'>tam</span> <span class='ocrx_word' id='word_1_238' title='bbox 529 1913 566 1936; x_wconf 81' lang='lat' dir='ltr'>ex</span> <span class='ocrx_word' id='word_1_239' title='bbox 597 1902 665 1946; x_wconf 87' lang='lat' dir='ltr'>ipso</span> <span class='ocrx_word' id='word_1_240' title='bbox 691 1912 811 1946; x_wconf 83' lang='lat' dir='ltr'>canape</span> <span class='ocrx_word' id='word_1_241' title='bbox 841 1913 936 1946; x_wconf 83' lang='lat' dir='ltr'>quam</span> <span class='ocrx_word' id='word_1_242' title='bbox 970 1903 1029 1935; x_wconf 78' lang='lat' dir='ltr'>alia</span> 
     </span>
     <span class='ocr_line' id='line_1_60' title="bbox 287 1956 1026 2001; baseline -0.003 -11"><span class='ocrx_word' id='word_1_243' title='bbox 287 1967 492 2001; x_wconf 88' lang='lat' dir='ltr'>quacumque</span> <span class='ocrx_word' id='word_1_244' title='bbox 511 1956 656 1994; x_wconf 65' lang='lat' dir='ltr'>materia,</span> <span class='ocrx_word' id='word_1_245' title='bbox 674 1963 702 1989; x_wconf 89' lang='lat' dir='ltr'>et</span> <span class='ocrx_word' id='word_1_246' title='bbox 725 1956 825 2000; x_wconf 80' lang='lat' dir='ltr'>ipsam</span> <span class='ocrx_word' id='word_1_247' title='bbox 846 1957 1026 1997; x_wconf 78' lang='lat' dir='ltr'>materiam,</span> 
     </span>
     <span class='ocr_line' id='line_1_61' title="bbox 286 2009 1030 2055; baseline -0.001 -11"><span class='ocrx_word' id='word_1_248' title='bbox 286 2011 413 2055; x_wconf 85' lang='lat' dir='ltr'>aliaque</span> <span class='ocrx_word' id='word_1_249' title='bbox 445 2010 654 2050; x_wconf 83' lang='lat' dir='ltr'>huiusmodi,</span> <span class='ocrx_word' id='word_1_250' title='bbox 686 2010 802 2053; x_wconf 85' lang='lat' dir='ltr'>quibus</span> <span class='ocrx_word' id='word_1_251' title='bbox 838 2009 1030 2043; x_wconf 87' lang='lat' dir='ltr'>christianos</span> 
     </span>
     <span class='ocr_line' id='line_1_62' title="bbox 287 2063 1027 2108; baseline -0.001 -10"><span class='ocrx_word' id='word_1_252' title='bbox 287 2070 318 2098; x_wconf 89' lang='lat' dir='ltr'>et</span> <span class='ocrx_word' id='word_1_253' title='bbox 338 2064 512 2098; x_wconf 84' lang='lat' dir='ltr'>catholicos</span> <span class='ocrx_word' id='word_1_254' title='bbox 541 2063 754 2108; x_wconf 74' lang='lat' dir='ltr'>impugnant,</span> <span class='ocrx_word' id='word_1_255' title='bbox 785 2073 910 2096; x_wconf 81' lang='lat' dir='ltr'>necnon</span> <span class='ocrx_word' id='word_1_256' title='bbox 938 2063 1027 2104; x_wconf 83' lang='lat' dir='ltr'>illes,</span> 
     </span>
     <span class='ocr_line' id='line_1_63' title="bbox 287 2117 1027 2163; baseline -0.001 -12"><span class='ocrx_word' id='word_1_257' title='bbox 287 2119 341 2163; x_wconf 89' lang='lat' dir='ltr'>qui</span> <span class='ocrx_word' id='word_1_258' title='bbox 356 2147 363 2159; x_wconf 88' lang='lat'>,</span> <span class='ocrx_word' id='word_1_259' title='bbox 382 2117 451 2162; x_wconf 74' lang='lat' dir='ltr'>&#39;per</span> <span class='ocrx_word' id='word_1_260' title='bbox 471 2129 515 2159; x_wconf 90' lang='lat' dir='ltr'>se,</span> <span class='ocrx_word' id='word_1_261' title='bbox 538 2118 586 2151; x_wconf 85' lang='lat' dir='ltr'>vel</span> <span class='ocrx_word' id='word_1_262' title='bbox 608 2117 686 2151; x_wconf 87' lang='lat' dir='ltr'>alios</span> <span class='ocrx_word' id='word_1_263' title='bbox 703 2145 708 2158; x_wconf 92' lang='lat'>‚</span> <span class='ocrx_word' id='word_1_264' title='bbox 733 2118 772 2151; x_wconf 88' lang='lat' dir='ltr'>de</span> <span class='ocrx_word' id='word_1_265' title='bbox 799 2118 892 2150; x_wconf 89' lang='lat' dir='ltr'>rebus</span> <span class='ocrx_word' id='word_1_266' title='bbox 912 2123 1027 2151; x_wconf 88' lang='lat' dir='ltr'>statum</span> 
     </span>
     <span class='ocr_line' id='line_1_64' title="bbox 287 2171 1029 2215; baseline -0.003 -10"><span class='ocrx_word' id='word_1_267' title='bbox 287 2172 486 2207; x_wconf 83' lang='lat' dir='ltr'>Christianae</span> <span class='ocrx_word' id='word_1_268' title='bbox 504 2171 733 2215; x_wconf 80' lang='lat' dir='ltr'>Reipubblicac</span> <span class='ocrx_word' id='word_1_269' title='bbox 750 2171 1029 2209; x_wconf 80' lang='lat' dir='ltr'>concernentibus,</span> 
     </span>
     <span class='ocr_line' id='line_1_65' title="bbox 289 2224 1028 2269; baseline -0.004 -10"><span class='ocrx_word' id='word_1_270' title='bbox 289 2225 319 2259; x_wconf 92' lang='lat' dir='ltr'>in</span> <span class='ocrx_word' id='word_1_271' title='bbox 341 2225 589 2258; x_wconf 87' lang='lat' dir='ltr'>christianorum</span> <span class='ocrx_word' id='word_1_272' title='bbox 612 2224 789 2269; x_wconf 90' lang='lat' dir='ltr'>perniciem</span> <span class='ocrx_word' id='word_1_273' title='bbox 813 2230 839 2257; x_wconf 90' lang='lat' dir='ltr'>et</span> <span class='ocrx_word' id='word_1_274' title='bbox 863 2225 1028 2267; x_wconf 84' lang='lat' dir='ltr'>damnum,</span> 
     </span>
     <span class='ocr_line' id='line_1_66' title="bbox 288 2277 1030 2322; baseline -0.001 -11"><span class='ocrx_word' id='word_1_275' title='bbox 288 2279 373 2322; x_wconf 87' lang='lat' dir='ltr'>ipsos</span> <span class='ocrx_word' id='word_1_276' title='bbox 392 2279 510 2312; x_wconf 77' lang='lat' dir='ltr'>&#39;Furcas</span> <span class='ocrx_word' id='word_1_277' title='bbox 527 2284 557 2311; x_wconf 89' lang='lat' dir='ltr'>ct</span> <span class='ocrx_word' id='word_1_278' title='bbox 577 2277 769 2311; x_wconf 79' lang='lat' dir='ltr'>christianae</span> <span class='ocrx_word' id='word_1_279' title='bbox 789 2277 952 2321; x_wconf 75' lang='lat' dir='ltr'>religionis</span> <span class='ocrx_word' id='word_1_280' title='bbox 971 2277 1030 2310; x_wconf 91' lang='lat' dir='ltr'>ini-</span> 
     </span>
     <span class='ocr_line' id='line_1_67' title="bbox 289 2332 1027 2374; baseline -0.003 -7"><span class='ocrx_word' id='word_1_281' title='bbox 289 2333 410 2374; x_wconf 90' lang='lat' dir='ltr'>micos,</span> <span class='ocrx_word' id='word_1_282' title='bbox 442 2343 568 2366; x_wconf 85' lang='lat' dir='ltr'>necnon</span> <span class='ocrx_word' id='word_1_283' title='bbox 599 2333 778 2366; x_wconf 82' lang='lat' dir='ltr'>haereticos</span> <span class='ocrx_word' id='word_1_284' title='bbox 814 2332 843 2365; x_wconf 92' lang='lat' dir='ltr'>in</span> <span class='ocrx_word' id='word_1_285' title='bbox 875 2333 1027 2366; x_wconf 84' lang='lat' dir='ltr'>‹laumum</span> 
     </span>
     <span class='ocr_line' id='line_1_68' title="bbox 288 2386 1025 2430; baseline -0.003 -9"><span class='ocrx_word' id='word_1_286' title='bbox 288 2387 468 2421; x_wconf 84' lang='lat' dir='ltr'>Catholicae</span> <span class='ocrx_word' id='word_1_287' title='bbox 488 2387 683 2430; x_wconf 76' lang='lat' dir='ltr'>Religionis,</span> <span class='ocrx_word' id='word_1_288' title='bbox 712 2386 864 2420; x_wconf 75' lang='lat' dir='ltr'>certiores</span> <span class='ocrx_word' id='word_1_289' title='bbox 890 2387 1025 2424; x_wconf 78' lang='lat' dir='ltr'>sariunt,</span> 
     </span>
     <span class='ocr_line' id='line_1_69' title="bbox 289 2440 1027 2486; baseline 0 -13"><span class='ocrx_word' id='word_1_290' title='bbox 289 2441 415 2486; x_wconf 86' lang='lat' dir='ltr'>illisque</span> <span class='ocrx_word' id='word_1_291' title='bbox 441 2442 480 2475; x_wconf 86' lang='lat' dir='ltr'>ad</span> <span class='ocrx_word' id='word_1_292' title='bbox 502 2441 532 2474; x_wconf 87' lang='lat' dir='ltr'>id</span> <span class='ocrx_word' id='word_1_293' title='bbox 556 2441 733 2481; x_wconf 83' lang='lat' dir='ltr'>auxilium,</span> <span class='ocrx_word' id='word_1_294' title='bbox 758 2440 952 2480; x_wconf 89' lang='lat' dir='ltr'>consilinm,</span> <span class='ocrx_word' id='word_1_295' title='bbox 982 2441 1027 2473; x_wconf 67' lang='lat' dir='ltr'>vel</span> 
     </span>
     <span class='ocr_line' id='line_1_70' title="bbox 288 2495 1027 2539; baseline -0.003 -11"><span class='ocrx_word' id='word_1_296' title='bbox 288 2495 428 2528; x_wconf 86' lang='lat' dir='ltr'>savorem</span> <span class='ocrx_word' id='word_1_297' title='bbox 467 2495 713 2539; x_wconf 81' lang='lat' dir='ltr'>quomodolibet</span> <span class='ocrx_word' id='word_1_298' title='bbox 749 2500 923 2538; x_wconf 77' lang='lat' dir='ltr'>praestant.</span> <span class='ocrx_word' id='word_1_299' title='bbox 960 2495 1027 2527; x_wconf 80' lang='lat' dir='ltr'>Non</span> 
     </span>
     <span class='ocr_line' id='line_1_71' title="bbox 289 2547 1025 2593; baseline -0.004 -11"><span class='ocrx_word' id='word_1_300' title='bbox 289 2548 489 2582; x_wconf 83' lang='lat' dir='ltr'>obstantibus</span> <span class='ocrx_word' id='word_1_301' title='bbox 527 2548 785 2593; x_wconf 85' lang='lat' dir='ltr'>quibuscumque</span> <span class='ocrx_word' id='word_1_302' title='bbox 825 2547 999 2591; x_wconf 82' lang='lat' dir='ltr'>privilegiis</span> <span class='ocrx_word' id='word_1_303' title='bbox 1019 2575 1025 2584; x_wconf 84' lang='lat'>,</span> 
     </span>
     <span class='ocr_line' id='line_1_72' title="bbox 290 2601 1028 2645; baseline -0.004 -11"><span class='ocrx_word' id='word_1_304' title='bbox 290 2601 452 2644; x_wconf 84' lang='lat' dir='ltr'>quibusvis</span> <span class='ocrx_word' id='word_1_305' title='bbox 477 2601 633 2645; x_wconf 86' lang='lat' dir='ltr'>personis,</span> <span class='ocrx_word' id='word_1_306' title='bbox 665 2601 886 2644; x_wconf 84' lang='lat' dir='ltr'>principibus,</span> <span class='ocrx_word' id='word_1_307' title='bbox 919 2601 1028 2632; x_wconf 88' lang='lat' dir='ltr'>rebus-</span> 
     </span>
     <span class='ocr_line' id='line_1_73' title="bbox 290 2654 1026 2698; baseline -0.003 -11"><span class='ocrx_word' id='word_1_308' title='bbox 290 2654 443 2698; x_wconf 84' lang='lat' dir='ltr'>publicis‚</span> <span class='ocrx_word' id='word_1_309' title='bbox 472 2666 528 2698; x_wconf 81' lang='lat' dir='ltr'>per</span> <span class='ocrx_word' id='word_1_310' title='bbox 557 2665 613 2687; x_wconf 81' lang='lat' dir='ltr'>nos</span> <span class='ocrx_word' id='word_1_311' title='bbox 641 2660 668 2686; x_wconf 79' lang='lat' dir='ltr'>et</span> <span class='ocrx_word' id='word_1_312' title='bbox 691 2655 803 2688; x_wconf 77' lang='lat' dir='ltr'>Sedent</span> <span class='ocrx_word' id='word_1_313' title='bbox 831 2654 1026 2698; x_wconf 77' lang='lat' dir='ltr'>praedictam</span> 
     </span>
    </p>
   </div>
   <div class='ocr_carea' id='block_1_9' title="bbox 1062 346 2007 1358">
    <p class='ocr_par' dir='ltr' id='par_1_11' title="bbox 1062 346 1801 434">
     <span class='ocr_line' id='line_1_74' title="bbox 1062 346 1801 391; baseline 0 -12"><span class='ocrx_word' id='word_1_314' title='bbox 1062 347 1183 380; x_wconf 78' lang='lat' dir='ltr'>bitione</span> <span class='ocrx_word' id='word_1_315' title='bbox 1214 357 1395 391; x_wconf 83' lang='lat' dir='ltr'>expressam</span> <span class='ocrx_word' id='word_1_316' title='bbox 1429 347 1625 380; x_wconf 86' lang='lat' dir='ltr'>mentionem</span> <span class='ocrx_word' id='word_1_317' title='bbox 1658 357 1721 379; x_wconf 90' lang='lat' dir='ltr'>nou</span> <span class='ocrx_word' id='word_1_318' title='bbox 1755 346 1801 379; x_wconf 87' lang='lat' dir='ltr'>sa-</span> 
     </span>
     <span class='ocr_line' id='line_1_75' title="bbox 1063 400 1232 434; baseline 0 -1"><span class='ocrx_word' id='word_1_319' title='bbox 1063 400 1232 434; x_wconf 88' lang='lat' dir='ltr'>cientibus.</span> 
     </span>
    </p>

    <p class='ocr_par' dir='ltr' id='par_1_12' title="bbox 1063 453 2007 1141">
     <span class='ocr_line' id='line_1_76' title="bbox 1107 453 2005 496; baseline 0 -10"><span class='ocrx_word' id='word_1_320' title='bbox 1107 453 1177 496; x_wconf 59' lang='lat'>{8-</span> <span class='ocrx_word' id='word_1_321' title='bbox 1206 455 1282 487; x_wconf 86' lang='lat' dir='ltr'>Item</span> <span class='ocrx_word' id='word_1_322' title='bbox 1316 454 1632 488; x_wconf 78' lang='lat' dir='ltr'>excommunicamus</span> <span class='ocrx_word' id='word_1_323' title='bbox 1665 460 1693 491; x_wconf 82' lang='lat' dir='ltr'>et</span> <span class='ocrx_word' id='word_1_324' title='bbox 1723 464 1801 487; x_wconf 87' lang='lat' dir='ltr'>ana·</span> <span class='ocrx_word' id='word_1_325' title='bbox 1864 466 2005 492; x_wconf 59' lang='lat' dir='ltr'>nupt-nenas</span> 
     </span>
     <span class='ocr_line' id='line_1_77' title="bbox 1064 496 2005 552; baseline 0.001 -13"><span class='ocrx_word' id='word_1_326' title='bbox 1064 506 1307 541; x_wconf 86' lang='lat' dir='ltr'>thematizamus</span> <span class='ocrx_word' id='word_1_327' title='bbox 1325 519 1436 542; x_wconf 86' lang='lat' dir='ltr'>omnes</span> <span class='ocrx_word' id='word_1_328' title='bbox 1455 508 1667 552; x_wconf 71' lang='lat' dir='ltr'>impedientes</span> <span class='ocrx_word' id='word_1_329' title='bbox 1687 519 1743 541; x_wconf 90' lang='lat' dir='ltr'>seu</span> <span class='ocrx_word' id='word_1_330' title='bbox 1763 508 1806 541; x_wconf 88' lang='lat' dir='ltr'>in-</span> <span class='ocrx_word' id='word_1_331' title='bbox 1820 498 1856 540; x_wconf 58' lang='lat'>1⁶1¹?</span> <span class='ocrx_word' id='word_1_332' title='bbox 1870 496 2005 548; x_wconf 55' lang='lat' dir='ltr'>t¹1‘&#39;&#39;a}‘.¹3‘&#39;·l¹123</span> 
     </span>
     <span class='ocr_line' id='line_1_78' title="bbox 1063 547 2007 606; baseline 0 -14"><span class='ocrx_word' id='word_1_333' title='bbox 1063 561 1214 595; x_wconf 82' lang='lat' dir='ltr'>vadentes</span> <span class='ocrx_word' id='word_1_334' title='bbox 1243 572 1309 602; x_wconf 89' lang='lat' dir='ltr'>eos,</span> <span class='ocrx_word' id='word_1_335' title='bbox 1338 562 1391 606; x_wconf 91' lang='lat' dir='ltr'>qui</span> <span class='ocrx_word' id='word_1_336' title='bbox 1424 562 1572 596; x_wconf 82' lang='lat' dir='ltr'>victualia</span> <span class='ocrx_word' id='word_1_337' title='bbox 1597 573 1651 595; x_wconf 83' lang='lat' dir='ltr'>seu</span> <span class='ocrx_word' id='word_1_338' title='bbox 1679 562 1740 595; x_wconf 86' lang='lat' dir='ltr'>alia</span> <span class='ocrx_word' id='word_1_339' title='bbox 1765 562 1805 594; x_wconf 84' lang='lat' dir='ltr'>ad</span> <span class='ocrx_word' id='word_1_340' title='bbox 1820 547 2007 594; x_wconf 58' lang='lat' dir='ltr'>{{{i“e¹i&#39;,?‚ss³‹1&#39;“¹“¹¹‘</span> 
     </span>
     <span class='ocr_line' id='line_1_79' title="bbox 1064 616 1802 649; baseline 0 -2"><span class='ocrx_word' id='word_1_341' title='bbox 1064 625 1155 647; x_wconf 90' lang='lat' dir='ltr'>usum</span> <span class='ocrx_word' id='word_1_342' title='bbox 1178 616 1340 649; x_wconf 84' lang='lat' dir='ltr'>Romanae</span> <span class='ocrx_word' id='word_1_343' title='bbox 1361 616 1472 649; x_wconf 87' lang='lat' dir='ltr'>Curiae</span> <span class='ocrx_word' id='word_1_344' title='bbox 1497 616 1677 649; x_wconf 86' lang='lat' dir='ltr'>necessaria</span> <span class='ocrx_word' id='word_1_345' title='bbox 1697 616 1802 648; x_wconf 86' lang='lat' dir='ltr'>addu—</span> 
     </span>
     <span class='ocr_line' id='line_1_80' title="bbox 1064 669 1806 715; baseline 0 -13"><span class='ocrx_word' id='word_1_346' title='bbox 1064 675 1151 710; x_wconf 88' lang='lat' dir='ltr'>cunt,</span> <span class='ocrx_word' id='word_1_347' title='bbox 1168 680 1203 702; x_wconf 85' lang='lat' dir='ltr'>ac</span> <span class='ocrx_word' id='word_1_348' title='bbox 1222 669 1317 703; x_wconf 88' lang='lat' dir='ltr'>etiam</span> <span class='ocrx_word' id='word_1_349' title='bbox 1336 681 1401 711; x_wconf 87' lang='lat' dir='ltr'>eos,</span> <span class='ocrx_word' id='word_1_350' title='bbox 1423 671 1488 715; x_wconf 88' lang='lat' dir='ltr'>qui,</span> <span class='ocrx_word' id='word_1_351' title='bbox 1510 681 1549 703; x_wconf 91' lang='lat' dir='ltr'>ne</span> <span class='ocrx_word' id='word_1_352' title='bbox 1567 671 1606 703; x_wconf 87' lang='lat' dir='ltr'>ad</span> <span class='ocrx_word' id='word_1_353' title='bbox 1627 671 1806 704; x_wconf 83' lang='lat' dir='ltr'>Romanam</span> 
     </span>
     <span class='ocr_line' id='line_1_81' title="bbox 1065 721 1807 767; baseline 0.001 -13"><span class='ocrx_word' id='word_1_354' title='bbox 1065 721 1191 756; x_wconf 82' lang='lat' dir='ltr'>Curiam</span> <span class='ocrx_word' id='word_1_355' title='bbox 1215 723 1418 757; x_wconf 80' lang='lat' dir='ltr'>adducantur</span> <span class='ocrx_word' id='word_1_356' title='bbox 1444 724 1491 757; x_wconf 82' lang='lat' dir='ltr'>vel</span> <span class='ocrx_word' id='word_1_357' title='bbox 1521 723 1706 763; x_wconf 75' lang='lat' dir='ltr'>afferantur,</span> <span class='ocrx_word' id='word_1_358' title='bbox 1730 734 1807 767; x_wconf 89' lang='lat' dir='ltr'>pro-</span> 
     </span>
     <span class='ocr_line' id='line_1_82' title="bbox 1064 776 1807 822; baseline 0.001 -14"><span class='ocrx_word' id='word_1_359' title='bbox 1064 776 1197 816; x_wconf 86' lang='lat' dir='ltr'>hibent,</span> <span class='ocrx_word' id='word_1_360' title='bbox 1223 777 1418 820; x_wconf 87' lang='lat' dir='ltr'>impediunt,</span> <span class='ocrx_word' id='word_1_361' title='bbox 1447 788 1502 811; x_wconf 86' lang='lat' dir='ltr'>seu</span> <span class='ocrx_word' id='word_1_362' title='bbox 1524 778 1724 822; x_wconf 82' lang='lat' dir='ltr'>perturbant,</span> <span class='ocrx_word' id='word_1_363' title='bbox 1751 789 1807 811; x_wconf 88' lang='lat' dir='ltr'>seu</span> 
     </span>
     <span class='ocr_line' id='line_1_83' title="bbox 1064 829 1807 874; baseline 0.001 -13"><span class='ocrx_word' id='word_1_364' title='bbox 1064 829 1144 862; x_wconf 87' lang='lat' dir='ltr'>haec</span> <span class='ocrx_word' id='word_1_365' title='bbox 1169 829 1321 862; x_wconf 80' lang='lat' dir='ltr'>facientes</span> <span class='ocrx_word' id='word_1_366' title='bbox 1352 830 1549 871; x_wconf 79' lang='lat' dir='ltr'>defendunt,</span> <span class='ocrx_word' id='word_1_367' title='bbox 1584 841 1642 874; x_wconf 87' lang='lat' dir='ltr'>per</span> <span class='ocrx_word' id='word_1_368' title='bbox 1673 842 1728 871; x_wconf 82' lang='lat' dir='ltr'>sc,</span> <span class='ocrx_word' id='word_1_369' title='bbox 1758 831 1807 864; x_wconf 81' lang='lat' dir='ltr'>vel</span> 
     </span>
     <span class='ocr_line' id='line_1_84' title="bbox 1064 883 1808 929; baseline 0.001 -12"><span class='ocrx_word' id='word_1_370' title='bbox 1064 883 1154 924; x_wconf 82' lang='lat' dir='ltr'>alios,</span> <span class='ocrx_word' id='word_1_371' title='bbox 1179 883 1412 928; x_wconf 86' lang='lat' dir='ltr'>cuiuscumque</span> <span class='ocrx_word' id='word_1_372' title='bbox 1434 884 1551 917; x_wconf 81' lang='lat' dir='ltr'>suerint</span> <span class='ocrx_word' id='word_1_373' title='bbox 1568 885 1690 918; x_wconf 89' lang='lat' dir='ltr'>ordinis</span> <span class='ocrx_word' id='word_1_374' title='bbox 1716 896 1808 929; x_wconf 86' lang='lat' dir='ltr'>prae-</span> 
     </span>
     <span class='ocr_line' id='line_1_85' title="bbox 1064 937 1806 979; baseline 0.001 -10"><span class='ocrx_word' id='word_1_375' title='bbox 1064 937 1268 979; x_wconf 80' lang='lat' dir='ltr'>eminentiae,</span> <span class='ocrx_word' id='word_1_376' title='bbox 1283 937 1479 971; x_wconf 85' lang='lat' dir='ltr'>conditionis</span> <span class='ocrx_word' id='word_1_377' title='bbox 1500 944 1527 970; x_wconf 91' lang='lat' dir='ltr'>et</span> <span class='ocrx_word' id='word_1_378' title='bbox 1550 944 1660 979; x_wconf 86' lang='lat' dir='ltr'>status,</span> <span class='ocrx_word' id='word_1_379' title='bbox 1682 939 1806 972; x_wconf 85' lang='lat' dir='ltr'>etiamsi</span> 
     </span>
     <span class='ocr_line' id='line_1_86' title="bbox 1063 991 1807 1036; baseline 0.003 -13"><span class='ocrx_word' id='word_1_380' title='bbox 1063 991 1252 1034; x_wconf 78' lang='lat' dir='ltr'>pontificali,</span> <span class='ocrx_word' id='word_1_381' title='bbox 1273 1001 1327 1024; x_wconf 84' lang='lat' dir='ltr'>seu</span> <span class='ocrx_word' id='word_1_382' title='bbox 1347 992 1457 1034; x_wconf 86' lang='lat' dir='ltr'>regali,</span> <span class='ocrx_word' id='word_1_383' title='bbox 1479 998 1530 1024; x_wconf 88' lang='lat' dir='ltr'>aut</span> <span class='ocrx_word' id='word_1_384' title='bbox 1550 992 1610 1024; x_wconf 71' lang='lat' dir='ltr'>alia</span> <span class='ocrx_word' id='word_1_385' title='bbox 1629 993 1738 1036; x_wconf 68' lang='lat' dir='ltr'>quavis</span> <span class='ocrx_word' id='word_1_386' title='bbox 1756 1004 1807 1025; x_wconf 84' lang='lat' dir='ltr'>ec-</span> 
     </span>
     <span class='ocr_line' id='line_1_87' title="bbox 1064 1045 1805 1090; baseline 0 -12"><span class='ocrx_word' id='word_1_387' title='bbox 1064 1045 1239 1079; x_wconf 77' lang='lat' dir='ltr'>clesiastica</span> <span class='ocrx_word' id='word_1_388' title='bbox 1260 1045 1307 1077; x_wconf 80' lang='lat' dir='ltr'>vel</span> <span class='ocrx_word' id='word_1_389' title='bbox 1329 1046 1491 1078; x_wconf 74' lang='lat' dir='ltr'>mundana</span> <span class='ocrx_word' id='word_1_390' title='bbox 1517 1046 1739 1090; x_wconf 75' lang='lat' dir='ltr'>praefulgeant</span> <span class='ocrx_word' id='word_1_391' title='bbox 1757 1046 1805 1080; x_wconf 88' lang='lat' dir='ltr'>di-</span> 
     </span>
     <span class='ocr_line' id='line_1_88' title="bbox 1063 1099 1194 1141; baseline -0.008 -9"><span class='ocrx_word' id='word_1_392' title='bbox 1063 1099 1194 1141; x_wconf 79' lang='lat' dir='ltr'>gnitate.</span> 
     </span>
    </p>

    <p class='ocr_par' dir='ltr' id='par_1_13' title="bbox 1063 1151 2006 1358">
     <span class='ocr_line' id='line_1_89' title="bbox 1108 1151 2004 1200; baseline 0.002 -15"><span class='ocrx_word' id='word_1_393' title='bbox 1108 1154 1124 1195; x_wconf 65' lang='grc' dir='ltr'>ξ</span> <span class='ocrx_word' id='word_1_394' title='bbox 1142 1151 1172 1185; x_wconf 79' lang='grc'>9.</span> <span class='ocrx_word' id='word_1_395' title='bbox 1197 1153 1274 1186; x_wconf 85' lang='lat' dir='ltr'>Item</span> <span class='ocrx_word' id='word_1_396' title='bbox 1294 1154 1612 1186; x_wconf 80' lang='lat' dir='ltr'>excommunicatmis</span> <span class='ocrx_word' id='word_1_397' title='bbox 1630 1159 1658 1186; x_wconf 88' lang='lat' dir='ltr'>et</span> <span class='ocrx_word' id='word_1_398' title='bbox 1679 1154 1805 1187; x_wconf 72' lang='lat' dir='ltr'>anathc-</span> <span class='ocrx_word' id='word_1_399' title='bbox 1842 1161 2004 1200; x_wconf 42' lang='lat' dir='ltr'>§inadfetem</span> 
     </span>
     <span class='ocr_line' id='line_1_90' title="bbox 1064 1189 2004 1251; baseline 0.003 -13"><span class='ocrx_word' id='word_1_400' title='bbox 1064 1206 1251 1239; x_wconf 83' lang='lat' dir='ltr'>matizamus</span> <span class='ocrx_word' id='word_1_401' title='bbox 1272 1217 1384 1239; x_wconf 82' lang='lat' dir='ltr'>omnes</span> <span class='ocrx_word' id='word_1_402' title='bbox 1406 1206 1499 1246; x_wconf 84' lang='lat' dir='ltr'>illos,</span> <span class='ocrx_word' id='word_1_403' title='bbox 1529 1207 1583 1251; x_wconf 84' lang='lat' dir='ltr'>qui</span> <span class='ocrx_word' id='word_1_404' title='bbox 1615 1208 1652 1240; x_wconf 84' lang='lat' dir='ltr'>ad</span> <span class='ocrx_word' id='word_1_405' title='bbox 1688 1208 1803 1241; x_wconf 65' lang='lat' dir='ltr'>Sedent</span> <span class='ocrx_word' id='word_1_406' title='bbox 1819 1189 2004 1251; x_wconf 57' lang='lat' dir='ltr'>330?.³1¹;2¹&#39;f.³‡t‘1-.5;</span> 
     </span>
     <span class='ocr_line' id='line_1_91' title="bbox 1063 1242 2005 1314; baseline 0.001 -21"><span class='ocrx_word' id='word_1_407' title='bbox 1063 1261 1278 1304; x_wconf 80' lang='lat' dir='ltr'>Apostolicam</span> <span class='ocrx_word' id='word_1_408' title='bbox 1306 1260 1479 1301; x_wconf 73' lang='lat' dir='ltr'>venientes,</span> <span class='ocrx_word' id='word_1_409' title='bbox 1504 1266 1531 1294; x_wconf 90' lang='lat' dir='ltr'>et</span> <span class='ocrx_word' id='word_1_410' title='bbox 1554 1261 1739 1294; x_wconf 88' lang='lat' dir='ltr'>recedentes</span> <span class='ocrx_word' id='word_1_411' title='bbox 1764 1242 2005 1314; x_wconf 47' lang='grc' dir='ltr'>311ξῖἶεραὲῗὲὶιιῖῗιιπῖιῖ</span> 
     </span>
     <span class='ocr_line' id='line_1_92' title="bbox 1064 1298 2006 1358; baseline 0 -11"><span class='ocrx_word' id='word_1_412' title='bbox 1064 1314 1250 1351; x_wconf 73' lang='lat' dir='ltr'>eadeni,sua</span> <span class='ocrx_word' id='word_1_413' title='bbox 1264 1314 1311 1347; x_wconf 52' lang='lat' dir='ltr'>x‘el</span> <span class='ocrx_word' id='word_1_414' title='bbox 1326 1314 1462 1347; x_wconf 86' lang='lat' dir='ltr'>aliorum</span> <span class='ocrx_word' id='word_1_415' title='bbox 1478 1317 1586 1358; x_wconf 75' lang='lat' dir='ltr'>opera,</span> <span class='ocrx_word' id='word_1_416' title='bbox 1598 1314 1804 1351; x_wconf 76' lang='lat' dir='ltr'>interficiunt,</span> <span class='ocrx_word' id='word_1_417' title='bbox 1819 1298 2006 1341; x_wconf 53' lang='lat' dir='ltr'>Sffltusstgdltffif</span> 
     </span>
    </p>
   </div>
   <div class='ocr_carea' id='block_1_10' title="bbox 1819 1350 2005 1368">
    <p class='ocr_par' dir='ltr' id='par_1_14' title="bbox 1819 1350 2005 1368">
     <span class='ocr_line' id='line_1_93' title="bbox 1819 1350 2005 1368; baseline 0.005 -1"><span class='ocrx_word' id='word_1_418' title='bbox 1819 1354 1845 1367; x_wconf 80' lang='lat' dir='ltr'>ne</span> <span class='ocrx_word' id='word_1_419' title='bbox 1856 1350 1929 1367; x_wconf 74' lang='lat' dir='ltr'>vexant</span> <span class='ocrx_word' id='word_1_420' title='bbox 1939 1354 1958 1367; x_wconf 85' lang='lat' dir='ltr'>in</span> <span class='ocrx_word' id='word_1_421' title='bbox 1971 1354 2005 1368; x_wconf 84' lang='lat' dir='ltr'>cu·</span> 
     </span>
    </p>
   </div>
   <div class='ocr_carea' id='block_1_11' title="bbox 1064 1367 2005 1732">
    <p class='ocr_par' dir='ltr' id='par_1_15' title="bbox 1064 1367 2005 1680">
     <span class='ocr_line' id='line_1_94' title="bbox 1065 1367 2005 1422; baseline 0.002 -23"><span class='ocrx_word' id='word_1_422' title='bbox 1065 1367 1224 1408; x_wconf 83' lang='lat' dir='ltr'>mutilant,</span> <span class='ocrx_word' id='word_1_423' title='bbox 1241 1368 1391 1412; x_wconf 82' lang='lat' dir='ltr'>spoliant,</span> <span class='ocrx_word' id='word_1_424' title='bbox 1409 1369 1551 1412; x_wconf 88' lang='lat' dir='ltr'>capiunt,</span> <span class='ocrx_word' id='word_1_425' title='bbox 1570 1369 1729 1404; x_wconf 82' lang='lat' dir='ltr'>detinent:</span> <span class='ocrx_word' id='word_1_426' title='bbox 1746 1379 1805 1402; x_wconf 88' lang='lat' dir='ltr'>nec</span> <span class='ocrx_word' id='word_1_427' title='bbox 1821 1380 1852 1422; x_wconf 49' lang='grc' dir='ltr'>ἓξ</span> <span class='ocrx_word' id='word_1_428' title='bbox 1875 1380 2005 1395; x_wconf 65' lang='lat' dir='ltr'>commoran-</span> 
     </span>
     <span class='ocr_line' id='line_1_95' title="bbox 1064 1417 1859 1465; baseline 0.003 -12"><span class='ocrx_word' id='word_1_429' title='bbox 1064 1431 1129 1453; x_wconf 90' lang='lat' dir='ltr'>non</span> <span class='ocrx_word' id='word_1_430' title='bbox 1151 1420 1222 1454; x_wconf 89' lang='lat' dir='ltr'>illos</span> <span class='ocrx_word' id='word_1_431' title='bbox 1242 1432 1364 1461; x_wconf 87' lang='lat' dir='ltr'>omnes,</span> <span class='ocrx_word' id='word_1_432' title='bbox 1389 1422 1454 1465; x_wconf 86' lang='lat' dir='ltr'>qui,</span> <span class='ocrx_word' id='word_1_433' title='bbox 1481 1422 1733 1455; x_wconf 83' lang='lat' dir='ltr'>iurisdictionem</span> <span class='ocrx_word' id='word_1_434' title='bbox 1753 1432 1805 1455; x_wconf 94' lang='lat' dir='ltr'>or-</span> <span class='ocrx_word' id='word_1_435' title='bbox 1843 1417 1859 1421; x_wconf 45' lang='lat'>⁰</span> 
     </span>
     <span class='ocr_line' id='line_1_96' title="bbox 1065 1475 1807 1517; baseline 0 -10"><span class='ocrx_word' id='word_1_436' title='bbox 1065 1475 1222 1508; x_wconf 86' lang='lat' dir='ltr'>dinariam</span> <span class='ocrx_word' id='word_1_437' title='bbox 1255 1476 1302 1507; x_wconf 85' lang='lat' dir='ltr'>vel</span> <span class='ocrx_word' id='word_1_438' title='bbox 1329 1475 1507 1517; x_wconf 85' lang='lat' dir='ltr'>delegatam</span> <span class='ocrx_word' id='word_1_439' title='bbox 1535 1485 1551 1508; x_wconf 91' lang='lat' dir='ltr'>a</span> <span class='ocrx_word' id='word_1_440' title='bbox 1572 1475 1664 1508; x_wconf 86' lang='lat' dir='ltr'>nobis</span> <span class='ocrx_word' id='word_1_441' title='bbox 1685 1476 1731 1508; x_wconf 82' lang='lat' dir='ltr'>vel</span> <span class='ocrx_word' id='word_1_442' title='bbox 1750 1486 1807 1508; x_wconf 90' lang='lat' dir='ltr'>no-</span> 
     </span>
     <span class='ocr_line' id='line_1_97' title="bbox 1064 1529 1805 1571; baseline 0 -10"><span class='ocrx_word' id='word_1_443' title='bbox 1064 1529 1136 1561; x_wconf 77' lang='lat' dir='ltr'>stris</span> <span class='ocrx_word' id='word_1_444' title='bbox 1158 1529 1318 1561; x_wconf 86' lang='lat' dir='ltr'>iudicibus</span> <span class='ocrx_word' id='word_1_445' title='bbox 1339 1538 1402 1562; x_wconf 91' lang='lat' dir='ltr'>non</span> <span class='ocrx_word' id='word_1_446' title='bbox 1432 1529 1604 1571; x_wconf 81' lang='lat' dir='ltr'>hahentes,</span> <span class='ocrx_word' id='word_1_447' title='bbox 1634 1529 1720 1561; x_wconf 88' lang='lat' dir='ltr'>illam</span> <span class='ocrx_word' id='word_1_448' title='bbox 1747 1529 1805 1561; x_wconf 90' lang='lat' dir='ltr'>sibi</span> 
     </span>
     <span class='ocr_line' id='line_1_98' title="bbox 1066 1582 1804 1623; baseline 0.001 -8"><span class='ocrx_word' id='word_1_449' title='bbox 1066 1589 1185 1615; x_wconf 77' lang='lat' dir='ltr'>temere</span> <span class='ocrx_word' id='word_1_450' title='bbox 1207 1582 1431 1623; x_wconf 80' lang='lat' dir='ltr'>vendicantes,</span> <span class='ocrx_word' id='word_1_451' title='bbox 1456 1582 1573 1615; x_wconf 85' lang='lat' dir='ltr'>similia</span> <span class='ocrx_word' id='word_1_452' title='bbox 1595 1588 1707 1616; x_wconf 82' lang='lat' dir='ltr'>contra</span> <span class='ocrx_word' id='word_1_453' title='bbox 1733 1594 1804 1616; x_wconf 90' lang='lat' dir='ltr'>mo-</span> 
     </span>
     <span class='ocr_line' id='line_1_99' title="bbox 1067 1636 1803 1680; baseline 0.001 -12"><span class='ocrx_word' id='word_1_454' title='bbox 1067 1642 1173 1668; x_wconf 77' lang='lat' dir='ltr'>rantes</span> <span class='ocrx_word' id='word_1_455' title='bbox 1192 1636 1222 1668; x_wconf 91' lang='lat' dir='ltr'>in</span> <span class='ocrx_word' id='word_1_456' title='bbox 1238 1636 1349 1669; x_wconf 72' lang='lat' dir='ltr'>eadem</span> <span class='ocrx_word' id='word_1_457' title='bbox 1364 1636 1456 1670; x_wconf 74' lang='lat' dir='ltr'>Curia</span> <span class='ocrx_word' id='word_1_458' title='bbox 1471 1637 1586 1669; x_wconf 86' lang='lat' dir='ltr'>audent</span> <span class='ocrx_word' id='word_1_459' title='bbox 1608 1642 1803 1680; x_wconf 75' lang='lat' dir='ltr'>perpetrare.</span> 
     </span>
    </p>

    <p class='ocr_par' dir='ltr' id='par_1_16' title="bbox 1111 1689 2005 1732">
     <span class='ocr_line' id='line_1_100' title="bbox 1111 1689 2005 1732; baseline 0 -11"><span class='ocrx_word' id='word_1_460' title='bbox 1111 1692 1126 1732; x_wconf 65' lang='grc' dir='ltr'>ξ</span> <span class='ocrx_word' id='word_1_461' title='bbox 1148 1689 1200 1722; x_wconf 74' lang='lat' dir='ltr'>tt).</span> <span class='ocrx_word' id='word_1_462' title='bbox 1225 1690 1301 1723; x_wconf 88' lang='lat' dir='ltr'>Item</span> <span class='ocrx_word' id='word_1_463' title='bbox 1332 1690 1650 1723; x_wconf 74' lang='lat' dir='ltr'>excomnninicamus</span> <span class='ocrx_word' id='word_1_464' title='bbox 1671 1695 1698 1722; x_wconf 90' lang='lat' dir='ltr'>ct</span> <span class='ocrx_word' id='word_1_465' title='bbox 1726 1700 1805 1722; x_wconf 88' lang='lat' dir='ltr'>ana·</span> <span class='ocrx_word' id='word_1_466' title='bbox 1850 1696 2005 1725; x_wconf 56' lang='lat' dir='ltr'>Ronissaetasae</span> 
     </span>
    </p>
   </div>
   <div class='ocr_carea' id='block_1_12' title="bbox 1838 1724 2005 1747">
    <p class='ocr_par' dir='ltr' id='par_1_17' title="bbox 1838 1724 2005 1747">
     <span class='ocr_line' id='line_1_101' title="bbox 1838 1724 2005 1747; baseline -0.006 -5"><span class='ocrx_word' id='word_1_467' title='bbox 1838 1728 1945 1747; x_wconf 57' lang='lat' dir='ltr'>erem-mos</span> <span class='ocrx_word' id='word_1_468' title='bbox 1955 1726 1974 1743; x_wconf 66' lang='lat' dir='ltr'>et</span> <span class='ocrx_word' id='word_1_469' title='bbox 1987 1724 2005 1742; x_wconf 83' lang='lat' dir='ltr'>in</span> 
     </span>
    </p>
   </div>
   <div class='ocr_carea' id='block_1_13' title="bbox 1044 1742 2006 2691">
    <p class='ocr_par' dir='ltr' id='par_1_18' title="bbox 1063 1742 2006 2155">
     <span class='ocr_line' id='line_1_102' title="bbox 1067 1742 2006 1796; baseline -0.001 -21"><span class='ocrx_word' id='word_1_470' title='bbox 1067 1743 1309 1777; x_wconf 80' lang='lat' dir='ltr'>thematizamus</span> <span class='ocrx_word' id='word_1_471' title='bbox 1331 1754 1442 1776; x_wconf 84' lang='lat' dir='ltr'>omncs</span> <span class='ocrx_word' id='word_1_472' title='bbox 1470 1742 1713 1781; x_wconf 74' lang='lat' dir='ltr'>interficientes,</span> <span class='ocrx_word' id='word_1_473' title='bbox 1739 1754 1808 1775; x_wconf 90' lang='lat' dir='ltr'>mu-</span> <span class='ocrx_word' id='word_1_474' title='bbox 1823 1748 1879 1795; x_wconf 44' lang='lat' dir='ltr'>„ssim</span> <span class='ocrx_word' id='word_1_475' title='bbox 1895 1753 2006 1796; x_wconf 47' lang='grc' dir='ltr'><strong>111ζέἶῖιᾶεέ</strong></span> 
     </span>
     <span class='ocr_line' id='line_1_103' title="bbox 1067 1797 1915 1840; baseline -0.001 -10"><span class='ocrx_word' id='word_1_476' title='bbox 1067 1797 1204 1837; x_wconf 81' lang='lat' dir='ltr'>tilantes,</span> <span class='ocrx_word' id='word_1_477' title='bbox 1226 1798 1440 1837; x_wconf 79' lang='lat' dir='ltr'>vulnerantes,</span> <span class='ocrx_word' id='word_1_478' title='bbox 1456 1797 1647 1837; x_wconf 83' lang='lat' dir='ltr'>detinentes,</span> <span class='ocrx_word' id='word_1_479' title='bbox 1672 1797 1804 1840; x_wconf 81' lang='lat' dir='ltr'>capien-</span> <span class='ocrx_word' id='word_1_480' title='bbox 1823 1802 1915 1823; x_wconf 58' lang='lat' dir='ltr'>nea-tm.</span> 
     </span>
     <span class='ocr_line' id='line_1_104' title="bbox 1067 1851 1808 1895; baseline -0.001 -11"><span class='ocrx_word' id='word_1_481' title='bbox 1067 1857 1133 1891; x_wconf 87' lang='lat' dir='ltr'>tes,</span> <span class='ocrx_word' id='word_1_482' title='bbox 1161 1862 1218 1884; x_wconf 91' lang='lat' dir='ltr'>seu</span> <span class='ocrx_word' id='word_1_483' title='bbox 1244 1851 1477 1895; x_wconf 84' lang='lat' dir='ltr'>depraedantes</span> <span class='ocrx_word' id='word_1_484' title='bbox 1509 1851 1716 1894; x_wconf 80' lang='lat' dir='ltr'>Romipctas⁷</span> <span class='ocrx_word' id='word_1_485' title='bbox 1751 1861 1808 1883; x_wconf 89' lang='lat' dir='ltr'>seu</span> 
     </span>
     <span class='ocr_line' id='line_1_105' title="bbox 1064 1904 1808 1949; baseline -0.003 -11"><span class='ocrx_word' id='word_1_486' title='bbox 1064 1906 1253 1949; x_wconf 79' lang='lat' dir='ltr'>peregrinos</span> <span class='ocrx_word' id='word_1_487' title='bbox 1285 1906 1324 1938; x_wconf 88' lang='lat' dir='ltr'>ad</span> <span class='ocrx_word' id='word_1_488' title='bbox 1358 1904 1474 1938; x_wconf 89' lang='lat' dir='ltr'>Urbem</span> <span class='ocrx_word' id='word_1_489' title='bbox 1505 1906 1600 1937; x_wconf 76' lang='lat' dir='ltr'>causa</span> <span class='ocrx_word' id='word_1_490' title='bbox 1629 1904 1808 1937; x_wconf 77' lang='lat' dir='ltr'>devotionis</span> 
     </span>
     <span class='ocr_line' id='line_1_106' title="bbox 1063 1957 1806 2003; baseline -0.001 -12"><span class='ocrx_word' id='word_1_491' title='bbox 1063 1970 1119 1992; x_wconf 85' lang='lat' dir='ltr'>sen</span> <span class='ocrx_word' id='word_1_492' title='bbox 1144 1958 1413 2003; x_wconf 83' lang='lat' dir='ltr'>peregrinationis</span> <span class='ocrx_word' id='word_1_493' title='bbox 1446 1958 1646 1997; x_wconf 83' lang='lat' dir='ltr'>accedentes,</span> <span class='ocrx_word' id='word_1_494' title='bbox 1670 1964 1698 1990; x_wconf 92' lang='lat' dir='ltr'>et</span> <span class='ocrx_word' id='word_1_495' title='bbox 1722 1957 1750 1990; x_wconf 93' lang='lat' dir='ltr'>in</span> <span class='ocrx_word' id='word_1_496' title='bbox 1771 1960 1806 1990; x_wconf 74' lang='lat' dir='ltr'>ea</span> 
     </span>
     <span class='ocr_line' id='line_1_107' title="bbox 1066 2011 1806 2056; baseline -0.003 -12"><span class='ocrx_word' id='word_1_497' title='bbox 1066 2019 1248 2052; x_wconf 80' lang='lat' dir='ltr'>morantes,</span> <span class='ocrx_word' id='word_1_498' title='bbox 1273 2013 1318 2045; x_wconf 74' lang='lat' dir='ltr'>vel</span> <span class='ocrx_word' id='word_1_499' title='bbox 1341 2012 1380 2046; x_wconf 85' lang='lat' dir='ltr'>ab</span> <span class='ocrx_word' id='word_1_500' title='bbox 1409 2012 1472 2056; x_wconf 70' lang='lat' dir='ltr'>ipsa</span> <span class='ocrx_word' id='word_1_501' title='bbox 1497 2012 1694 2049; x_wconf 79' lang='lat' dir='ltr'>recedentes,</span> <span class='ocrx_word' id='word_1_502' title='bbox 1719 2016 1747 2043; x_wconf 94' lang='lat' dir='ltr'>et</span> <span class='ocrx_word' id='word_1_503' title='bbox 1776 2011 1806 2043; x_wconf 91' lang='lat' dir='ltr'>in</span> 
     </span>
     <span class='ocr_line' id='line_1_108' title="bbox 1064 2065 1807 2103; baseline -0.003 -4"><span class='ocrx_word' id='word_1_504' title='bbox 1064 2066 1112 2099; x_wconf 86' lang='lat' dir='ltr'>his</span> <span class='ocrx_word' id='word_1_505' title='bbox 1139 2067 1250 2100; x_wconf 87' lang='lat' dir='ltr'>dantes</span> <span class='ocrx_word' id='word_1_506' title='bbox 1282 2065 1458 2103; x_wconf 77' lang='lat' dir='ltr'>auxilium,</span> <span class='ocrx_word' id='word_1_507' title='bbox 1489 2065 1658 2098; x_wconf 86' lang='lat' dir='ltr'>consilium</span> <span class='ocrx_word' id='word_1_508' title='bbox 1682 2066 1727 2096; x_wconf 81' lang='lat' dir='ltr'>vel</span> <span class='ocrx_word' id='word_1_509' title='bbox 1755 2065 1807 2097; x_wconf 78' lang='lat' dir='ltr'>sa-</span> 
     </span>
     <span class='ocr_line' id='line_1_109' title="bbox 1064 2128 1737 2155; baseline -0.003 -5"><span class='ocrx_word' id='word_1_510' title='bbox 1064 2128 1182 2150; x_wconf 83' lang='lat' dir='ltr'>vorem.</span> <span class='ocrx_word' id='word_1_511' title='bbox 1736 2152 1737 2155; x_wconf 11' lang='grc' dir='ltr'><strong>Ἴ</strong></span> 
     </span>
    </p>

    <p class='ocr_par' dir='ltr' id='par_1_19' title="bbox 1044 2171 2005 2691">
     <span class='ocr_line' id='line_1_110' title="bbox 1108 2171 2005 2223; baseline -0.001 -20"><span class='ocrx_word' id='word_1_512' title='bbox 1108 2174 1123 2214; x_wconf 64' lang='grc' dir='ltr'>ξ</span> <span class='ocrx_word' id='word_1_513' title='bbox 1150 2171 1197 2204; x_wconf 83' lang='lat' dir='ltr'>ll.</span> <span class='ocrx_word' id='word_1_514' title='bbox 1222 2172 1298 2205; x_wconf 88' lang='lat' dir='ltr'>Item</span> <span class='ocrx_word' id='word_1_515' title='bbox 1329 2171 1646 2206; x_wconf 74' lang='lat' dir='ltr'>excommunicamus</span> <span class='ocrx_word' id='word_1_516' title='bbox 1671 2177 1697 2203; x_wconf 80' lang='lat' dir='ltr'>et</span> <span class='ocrx_word' id='word_1_517' title='bbox 1728 2181 1804 2203; x_wconf 80' lang='lat' dir='ltr'>ana-</span> <span class='ocrx_word' id='word_1_518' title='bbox 1820 2203 1834 2221; x_wconf 74' lang='lat' dir='ltr'>s</span> <span class='ocrx_word' id='word_1_519' title='bbox 1860 2176 2005 2223; x_wconf 54' lang='lat' dir='ltr'>12³¹}‡⁹&#39;¹2¹-S&#39;s&#39;.¹t35</span> 
     </span>
     <span class='ocr_line' id='line_1_111' title="bbox 1065 2217 2003 2281; baseline -0.004 -23"><span class='ocrx_word' id='word_1_520' title='bbox 1065 2225 1307 2258; x_wconf 80' lang='lat' dir='ltr'>thematizamus</span> <span class='ocrx_word' id='word_1_521' title='bbox 1332 2234 1444 2257; x_wconf 87' lang='lat' dir='ltr'>omnes</span> <span class='ocrx_word' id='word_1_522' title='bbox 1471 2224 1709 2260; x_wconf 69' lang='lat' dir='ltr'>interficientes,</span> <span class='ocrx_word' id='word_1_523' title='bbox 1736 2235 1804 2256; x_wconf 89' lang='lat' dir='ltr'>mn-</span> <span class='ocrx_word' id='word_1_524' title='bbox 1820 2217 2003 2281; x_wconf 23' lang='lat' dir='ltr'>{iiiiii-taifmffi</span> 
     </span>
     <span class='ocr_line' id='line_1_112' title="bbox 1065 2273 1933 2322; baseline -0.002 -11"><span class='ocrx_word' id='word_1_525' title='bbox 1065 2279 1209 2319; x_wconf 80' lang='lat' dir='ltr'>litantes,</span> <span class='ocrx_word' id='word_1_526' title='bbox 1239 2279 1458 2318; x_wconf 81' lang='lat' dir='ltr'>vulnerantes,</span> <span class='ocrx_word' id='word_1_527' title='bbox 1482 2277 1716 2322; x_wconf 78' lang='lat' dir='ltr'>percutientes,</span> <span class='ocrx_word' id='word_1_528' title='bbox 1746 2288 1801 2309; x_wconf 60' lang='grc' dir='ltr'>νει-</span> <span class='ocrx_word' id='word_1_529' title='bbox 1918 2273 1933 2276; x_wconf 64' lang='grc'>”’</span> 
     </span>
     <span class='ocr_line' id='line_1_113' title="bbox 1064 2330 1804 2376; baseline 0 -13"><span class='ocrx_word' id='word_1_530' title='bbox 1064 2332 1196 2376; x_wconf 75' lang='lat' dir='ltr'>pientes,</span> <span class='ocrx_word' id='word_1_531' title='bbox 1223 2338 1434 2371; x_wconf 81' lang='lat' dir='ltr'>carcerantes,</span> <span class='ocrx_word' id='word_1_532' title='bbox 1463 2331 1652 2371; x_wconf 59' lang='lat' dir='ltr'>innuentes,</span> <span class='ocrx_word' id='word_1_533' title='bbox 1676 2331 1722 2363; x_wconf 78' lang='lat' dir='ltr'>rel</span> <span class='ocrx_word' id='word_1_534' title='bbox 1746 2330 1804 2363; x_wconf 90' lang='lat' dir='ltr'>ho-</span> 
     </span>
     <span class='ocr_line' id='line_1_114' title="bbox 1063 2385 1800 2430; baseline -0.001 -12"><span class='ocrx_word' id='word_1_535' title='bbox 1063 2386 1176 2420; x_wconf 80' lang='lat' dir='ltr'>stiliter</span> <span class='ocrx_word' id='word_1_536' title='bbox 1198 2386 1401 2430; x_wconf 86' lang='lat' dir='ltr'>insequentes</span> <span class='ocrx_word' id='word_1_537' title='bbox 1425 2386 1454 2418; x_wconf 70' lang='lat' dir='ltr'>S.</span> <span class='ocrx_word' id='word_1_538' title='bbox 1479 2386 1514 2418; x_wconf 77' lang='grc'><strong>11.</strong></span> <span class='ocrx_word' id='word_1_539' title='bbox 1538 2385 1571 2418; x_wconf 70' lang='lat' dir='ltr'>E.</span> <span class='ocrx_word' id='word_1_540' title='bbox 1604 2385 1800 2423; x_wconf 83' lang='lat' dir='ltr'>cardinales,</span> 
     </span>
     <span class='ocr_line' id='line_1_115' title="bbox 1063 2438 1804 2483; baseline -0.003 -12"><span class='ocrx_word' id='word_1_541' title='bbox 1063 2450 1098 2473; x_wconf 82' lang='lat' dir='ltr'>ac</span> <span class='ocrx_word' id='word_1_542' title='bbox 1117 2440 1326 2483; x_wconf 88' lang='lat' dir='ltr'>patriarchas,</span> <span class='ocrx_word' id='word_1_543' title='bbox 1340 2439 1612 2483; x_wconf 82' lang='lat' dir='ltr'>archiepiscopos,</span> <span class='ocrx_word' id='word_1_544' title='bbox 1625 2438 1804 2482; x_wconf 80' lang='lat' dir='ltr'>episcopos,</span> 
     </span>
     <span class='ocr_line' id='line_1_116' title="bbox 1045 2492 1803 2537; baseline -0.003 -11"><span class='ocrx_word' id='word_1_545' title='bbox 1045 2493 1216 2537; x_wconf 75' lang='lat' dir='ltr'>.Se‹lisque</span> <span class='ocrx_word' id='word_1_546' title='bbox 1247 2493 1447 2537; x_wconf 72' lang='lat' dir='ltr'>Apostolicos</span> <span class='ocrx_word' id='word_1_547' title='bbox 1473 2493 1612 2533; x_wconf 71' lang='lat' dir='ltr'>legates,</span> <span class='ocrx_word' id='word_1_548' title='bbox 1644 2492 1689 2524; x_wconf 71' lang='lat' dir='ltr'>rel</span> <span class='ocrx_word' id='word_1_549' title='bbox 1721 2502 1803 2524; x_wconf 90' lang='lat' dir='ltr'>nuu-</span> 
     </span>
     <span class='ocr_line' id='line_1_117' title="bbox 1044 2528 1803 2586; baseline -0.003 -7"><span class='ocrx_word' id='word_1_550' title='bbox 1044 2528 1139 2586; x_wconf 66' lang='lat' dir='ltr'>icios,</span> <span class='ocrx_word' id='word_1_551' title='bbox 1163 2553 1215 2579; x_wconf 94' lang='lat' dir='ltr'>aut</span> <span class='ocrx_word' id='word_1_552' title='bbox 1238 2557 1292 2579; x_wconf 91' lang='lat' dir='ltr'>eos</span> <span class='ocrx_word' id='word_1_553' title='bbox 1317 2558 1334 2578; x_wconf 90' lang='lat' dir='ltr'>a</span> <span class='ocrx_word' id='word_1_554' title='bbox 1353 2546 1417 2579; x_wconf 87' lang='lat' dir='ltr'>suis</span> <span class='ocrx_word' id='word_1_555' title='bbox 1438 2545 1650 2580; x_wconf 78' lang='lat' dir='ltr'>dioecesibus,</span> <span class='ocrx_word' id='word_1_556' title='bbox 1677 2545 1803 2577; x_wconf 82' lang='lat' dir='ltr'>territo-</span> 
     </span>
     <span class='ocr_line' id='line_1_118' title="bbox 1065 2599 1802 2637; baseline -0.001 -6"><span class='ocrx_word' id='word_1_557' title='bbox 1065 2600 1133 2637; x_wconf 88' lang='lat' dir='ltr'>riis,</span> <span class='ocrx_word' id='word_1_558' title='bbox 1159 2600 1268 2636; x_wconf 82' lang='lat' dir='ltr'>terris‚</span> <span class='ocrx_word' id='word_1_559' title='bbox 1292 2610 1346 2632; x_wconf 83' lang='lat' dir='ltr'>seu</span> <span class='ocrx_word' id='word_1_560' title='bbox 1373 2599 1507 2631; x_wconf 88' lang='lat' dir='ltr'>dominii</span> <span class='ocrx_word' id='word_1_561' title='bbox 1533 2599 1715 2633; x_wconf 69' lang='lat' dir='ltr'>eiii-ientes.</span> <span class='ocrx_word' id='word_1_562' title='bbox 1745 2609 1802 2630; x_wconf 84' lang='lat' dir='ltr'>nec</span> 
     </span>
     <span class='ocr_line' id='line_1_119' title="bbox 1063 2652 1799 2691; baseline -0.003 -6"><span class='ocrx_word' id='word_1_563' title='bbox 1063 2664 1125 2685; x_wconf 84' lang='lat' dir='ltr'>non</span> <span class='ocrx_word' id='word_1_564' title='bbox 1153 2663 1188 2685; x_wconf 80' lang='lat' dir='ltr'>ea</span> <span class='ocrx_word' id='word_1_565' title='bbox 1211 2654 1420 2688; x_wconf 71' lang='lat' dir='ltr'>mandantes,</span> <span class='ocrx_word' id='word_1_566' title='bbox 1448 2653 1494 2684; x_wconf 79' lang='lat' dir='ltr'>vel</span> <span class='ocrx_word' id='word_1_567' title='bbox 1526 2658 1592 2684; x_wconf 80' lang='lat' dir='ltr'>rata</span> <span class='ocrx_word' id='word_1_568' title='bbox 1624 2652 1799 2691; x_wconf 70' lang='lat' dir='ltr'>habentes,</span> 
     </span>
    </p>
   </div>
   <div class='ocr_carea' id='block_1_14' title="bbox 1043 1976 1049 2686">
    <p class='ocr_par' dir='ltr' id='par_1_20' title="bbox 1043 1976 1049 2686">
     <span class='ocr_line' id='line_1_120' title="bbox 1043 1976 1049 2686; baseline 0 0"><span class='ocrx_word' id='word_1_569' title='bbox 1043 1976 1049 2686; x_wconf 95' lang='lat' dir='ltr'> </span> 
     </span>
    </p>
   </div>
  </div>
 </body>
</html>
