2227 3241
57 223 104 250 An·
126 223 155 250 (Ξ.
170 222 238 250 1608

895 222 1016 248 PAULUS
1036 223 1056 246 V
1075 222 1121 247 Pr.

255 269 350 303 theca
362 269 465 303 libera
473 275 588 312 essent,
602 270 663 304 nisi
678 275 785 304 tamen
800 270 860 304 alia
874 270 998 304 ratione

256 328 287 357 et
304 322 375 356 aliis
396 322 525 357 aliunde
543 323 687 358 conflatis
707 324 852 369 pecuniis
869 324 930 357 hoc
947 334 998 357 re-

255 375 384 410 siduum
414 376 557 409 debitum
590 377 812 419 extingueret,
844 387 940 420 quem
966 376 997 409 in

255 434 403 462 eventum
425 429 464 463 de
484 429 641 463 fructibus
662 429 805 463 decursis
826 435 855 462 et
877 429 994 462 decur-

254 482 374 524 rendis,
399 483 438 517 ad
459 484 550 518 cuius
571 493 751 528 quorumve
768 482 930 516 servitium
952 482 998 515 su-

257 536 318 569 turi
340 542 443 571 essent
469 536 642 571 declaret¹:
667 536 729 570 hoc
753 545 830 569 vero
851 535 994 579 expleto,

257 596 288 624 et
308 600 373 623 non
395 590 472 624 alias
494 596 524 624 et
544 601 609 624 non
630 590 692 623 alio
713 589 822 630 modo,
847 599 883 622 ex
909 595 994 631 tunc,

255 655 292 678 ex
311 644 467 677 fructibus
493 644 655 678 dictorum
680 643 842 677 bonorum
862 653 999 686 sequen-

255 698 341 732 tibus
359 698 451 732 annis
471 698 694 738 maturandis,
718 697 931 731 sacerdotalia
952 697 998 729 in-

255 752 409 785 dumenta
424 757 654 785 etornamenta
665 750 868 794 infrascripta
883 750 997 784 confici

254 805 418 839 mandavit
439 811 468 839 et
489 804 561 847 alia,
582 815 665 850 quae
679 804 730 838 hic
752 809 995 844 enumerantur,

254 858 416 893 videlicet:
442 859 533 893 albae
558 857 729 892 duodecim
757 867 829 890 eum
850 856 914 890 suis
933 856 999 890 cin-

254 912 337 956 gulis
355 918 385 946 et
402 912 574 946 amictibus
589 912 670 945 telae
684 911 787 945 lineae
808 910 996 951 subtilioris,

253 966 403 1011 planetae
429 967 540 999 decem
565 965 664 1009 panni
692 964 876 999 damasceni
909 964 996 1004 albi,

254 1019 357 1061 rubri,
381 1019 501 1061 viridis,
525 1019 658 1053 violacei
680 1025 710 1052 et
731 1018 812 1061 nigri
836 1019 995 1059 colorum,

255 1073 298 1107 ita
333 1079 368 1106 ut
397 1073 479 1106 duae
513 1082 662 1116 quaeque
692 1071 753 1105 sint
788 1071 972 1105 consimiles
988 1099 995 1112 ,

254 1137 327 1160 cum
342 1126 408 1160 suis
422 1126 516 1160 etiam
535 1126 709 1170 manipulis
723 1136 830 1170 panno
845 1131 874 1158 et
889 1125 998 1158 colore

253 1180 438 1225 praedictis,
456 1179 565 1213 thecae
580 1179 750 1213 duodecim
767 1179 998 1223 corporalium,

253 1234 432 1280 pulvinaria
459 1234 591 1268 totidem
611 1240 638 1267 et
663 1234 838 1268 missalium
867 1234 998 1275 integu-

253 1295 362 1324 menta
383 1295 413 1323 et
433 1289 569 1323 calicum
588 1290 764 1329 velamina,
786 1290 900 1323 calices
919 1301 997 1334 qua-
1014 1290 1016 1300 '

255 1350 329 1378 tuor
360 1343 504 1386 argentei
537 1354 609 1376 cum
642 1344 787 1387 patenis,
816 1345 997 1388 corporalia

254 1398 365 1441 viginti
387 1404 525 1442 quatuor
544 1408 615 1431 cum
638 1398 702 1431 suis
720 1398 823 1442 pallis,
848 1399 996 1441 put-ilica-
1013 1426 1015 1446 ;

1013 1456 1015 1469 ”’
1031 1453 1071 1486 cti
1094 1459 1336 1486 conservatores
1355 1462 1413 1496 pro
1432 1463 1544 1486 corum
1568 1454 1729 1488 voluntate
1747 1462 1777 1488 et

255 1452 339 1486 toria
360 1458 508 1493 centum,
533 1462 614 1495 quae
647 1452 772 1491 omnia,
805 1452 834 1485 in
859 1453 995 1486 indicem

254 1506 365 1546 relata,
389 1505 563 1545 sacristiae,
588 1505 719 1549 publico
746 1506 883 1550 desuper
909 1507 993 1540 ccle-

253 1561 347 1594 brato
383 1560 618 1599 instrumento,
654 1560 934 1599 concederentur,
965 1567 998 1594 nt

253 1614 516 1659 cappellanorum
539 1614 609 1647 usui
628 1614 691 1647 sint
710 1620 737 1647 et
760 1625 826 1647 esse
846 1615 995 1648 debeant:

253 1669 366 1702 nolens
386 1674 504 1709 autem,
526 1668 612 1712 quod
635 1668 756 1702 fabrica
776 1669 879 1702 dictae
898 1669 1014 1702 maio-=

1012 1745 1014 1762 :
1031 1727 1116 1756 reret
1135 1732 1209 1765 erga
1222 1723 1440 1767 cappellanos‚
1456 1733 1576 1767 eosque
1598 1724 1776 1759 honorifice

253 1785 380 1810 necnon
406 1775 492 1815 vini,
521 1776 699 1809 hostiarum
726 1782 755 1809 ct
781 1777 972 1810 clericorum
990 1765 1014 1819 ,ὲ

253 1722 296 1756 ris
325 1722 479 1756 ecclesiae
507 1723 608 1765 (quae
642 1722 737 1755 totius
766 1723 993 1767 supellectilis,

253 1830 307 1874 qui
326 1829 549 1863 sacerdotibus
563 1829 802 1863 celebrantibus
821 1830 994 1864 inserviunt

253 1890 284 1917 et
305 1883 399 1917 etiam
422 1889 570 1927 respectu
600 1883 721 1917 laboris
738 1884 889 1917 sacristae
911 1896 998 1918 sum-

253 1942 342 1982 ptum
359 1937 508 1980 sustinet)
522 1936 576 1970 ac⁹
591 1937 684 1970 etiam
697 1937 840 1981 impensa
851 1948 909 1982 pro
924 1949 996 1982 cap-
1012 1977 1014 1987 A

253 1990 400 2035 pellaniis
412 1990 586 2034 praedictis
600 1991 666 2024 ullo
686 1991 782 2024 modo
795 1998 993 2033 gravaretur,

253 2045 292 2078 de
313 2054 471 2078 consensu
492 2044 576 2077 illius
598 2044 836 2088 deputatorum,
861 2045 914 2089 qui
937 2045 997 2078 boc

253 2108 334 2132 onus
355 2103 430 2132 tunc
447 2102 666 2142 acceptarunt,
690 2108 849 2131 summram
870 2099 972 2132 ducen
989 2119 993 2122 -
1012 2097 1014 2119 ³

253 2158 357 2186 tarum
380 2157 410 2185 et
433 2151 596 2194 sexaginta
622 2151 777 2185 librarum
804 2152 932 2196 parium
960 2164 995 2186 ex

253 2206 413 2240 bonorum
437 2205 629 2239 traditorum
650 2206 836 2240 huiusmodi
858 2207 993 2241 redditi-

253 2259 312 2292 bus
332 2269 390 2303 per
411 2264 653 2292 conservatores
679 2269 734 2292 seu
761 2259 994 2293 tltesautarium

253 2312 433 2346 antedictos
457 2312 487 2345 in
516 2322 617 2355 annos
638 2313 793 2355 singulos,
817 2313 935 2347 scilicet
966 2314 995 2347 in

253 2366 398 2411 qualibet
412 2366 580 2400 festivitate
595 2366 694 2400 sancti
722 2367 857 2407 Martini,
880 2368 995 2401 exsolvi
1012 2380 1013 2396 ι

254 2420 435 2463 mandavit,
458 2431 495 2454 eo
526 2421 680 2462 nomine,
702 2428 735 2455 ut
764 2422 994 2466 supellectilem

253 2474 478 2515 sarciendam,
509 2474 716 2508 reficiendam
733 2503 740 2513 ,
768 2482 809 2516 et,
845 2477 996 2520 quando-

254 2538 393 2572 cumque
415 2534 601 2572 oporteret,
623 2539 738 2562 noram
761 2529 996 2563 conficiendam

291 2601 300 2626 1
325 2598 424 2626 Forsan
444 2599 587 2635 legendum
603 2600 761 2628 declararet
777 2606 814 2633 (n.
832 2607 864 2632 ι).

289 2643 306 2670 2
325 2642 466 2672 videretur
481 2644 624 2680 legendum
641 2645 693 2673 hac
712 2645 754 2680 (n.
771 2648 817 2679 τ.).

1678 211 1742 247 519

1032 277 1172 311 curaret,
1197 276 1264 304 tum
1292 280 1396 311 cerae,
1417 269 1493 310 vini,
1514 269 1706 310 hostiarum,
1730 270 1777 303 lo-

1034 324 1145 367 tionis,
1162 324 1362 369 purgationis
1391 334 1573 368 pannorum
1599 324 1772 364 lineorum,

1032 388 1068 410 ac
1089 378 1220 411 demum
1247 378 1443 411 necessarias
1468 383 1497 411 et
1523 383 1722 422 opportunas
1747 384 1778 411 et

1032 431 1225 464 clericorum
1252 431 1469 476 sacristaeque
1508 432 1668 476 impensas
1695 432 1772 465 sub-

1032 484 1248 525 ministraret,
1267 491 1296 519 et
1313 486 1458 530 quamris
1476 486 1506 518 in
1526 485 1669 519 sacristia
1688 486 1777 530 aqui-

1033 537 1134 570 lonari
1149 543 1271 571 certum
1287 538 1449 572 sacristiae
1464 538 1619 579 officium,
1633 538 1776 572 eiusdem

1032 590 1135 623 Caroli
1158 591 1330 624 cardinalis
1351 598 1379 624 et
1407 591 1562 635 praesulis
1588 594 1674 632 cuin,
1703 602 1775 625 cum

1032 644 1229 688 competenti
1251 645 1325 678 dote
1346 651 1488 678 erectum
1512 651 1605 685 extet,
1630 645 1776 690 illudque

1033 708 1184 732 exercens
1212 704 1311 732 totam
1344 699 1576 743 supellectilem
1603 699 1773 740 custodiat,

1033 753 1064 784 et
1091 752 1130 785 ad
1160 753 1349 797 cuiusquam
1381 753 1442 786 diei
1470 764 1562 786 usum
1596 753 1777 786 necessaria

1033 804 1222 840 indumenta
1234 812 1264 840 et
1276 813 1466 840 ornamenta
1485 818 1542 851 per
1557 807 1689 840 clericos
1704 818 1777 851 cap-

1032 859 1168 903 pellanis
1179 866 1209 893 et
1222 860 1292 894 aliis
1303 860 1525 900 sacerdotibus
1539 860 1777 894 celebrantibus

1033 912 1192 953 exhibeat,
1217 919 1245 946 et
1264 920 1431 957 praeterea
1456 914 1540 947 dicta
1566 914 1688 947 fabrica
1713 914 1775 947 iam

1033 976 1114 999 onus
1132 967 1340 1011 supellectilis
1368 974 1397 1000 et
1414 967 1567 1001 sacristae
1585 968 1680 1001 etiam
1699 967 1729 1000 in
1744 979 1777 1001 se

1032 1019 1190 1063 suscepit,
1220 1020 1450 1061 nihilominus,
1472 1027 1505 1054 ut
1531 1021 1635 1054 eidem
1663 1021 1775 1054 beatae

1014 1090 1016 1106 l
1033 1073 1150 1106 Mariae
1180 1074 1348 1118 apparatui
1382 1078 1412 1108 et
1448 1074 1544 1108 nitori
1574 1075 1776 1108 commodius

1014 1170 1015 1176 1
1032 1127 1241 1171 prospiceret,
1259 1134 1300 1169 et,
1324 1139 1363 1161 ne
1380 1129 1576 1173 cappellanis
1587 1129 1728 1162 eiusdem
1745 1128 1776 1162 in

1014 1208 1016 1218 ,
1033 1181 1076 1214 eis
1091 1192 1172 1225 quae
1186 1188 1292 1225 partes
1310 1193 1385 1215 suae
1403 1188 1475 1215 sunt
1490 1182 1667 1226 quidquam
1687 1183 1777 1216 dees-

1032 1242 1089 1277 set,
1114 1236 1304 1279 invigilaret,
1334 1230 1479 1269 eiusdem
1505 1238 1647 1271 onorarii
1670 1238 1773 1279 titulo,

1032 1292 1116 1325 dicto
1135 1291 1286 1325 sacristae
1310 1302 1369 1336 pro
1386 1299 1530 1336 tempore
1545 1293 1690 1326 existenti
1705 1304 1775 1327 eam

1032 1356 1171 1379 annuam
1194 1356 1353 1379 sumrnam
1374 1356 1430 1390 per
1451 1346 1633 1390 praedictos
1651 1357 1777 1381 conser-

1032 1405 1155 1432 vatores
1180 1399 1383 1432 tribuendam
1407 1400 1588 1442 assignavit,
1610 1411 1706 1444 quam
1730 1401 1776 1434 di-

1033 1506 1224 1539 libcralitate
1250 1506 1380 1549 elargiri
1406 1506 1654 1547 arbitrarentur,
1679 1509 1776 1542 modo

1031 1561 1195 1603 sexaginta
1210 1561 1307 1593 libras
1325 1561 1467 1594 eiusdem
1486 1567 1632 1595 monetae
1647 1562 1676 1595 iu
1692 1573 1777 1596 anno

1031 1625 1094 1647 non
1117 1614 1294 1651 excederet,
1325 1621 1353 1648 et
1375 1615 1538 1659 praedicta
1553 1615 1648 1648 ctiam
1670 1616 1775 1650 locum

1032 1669 1198 1709 baberent,
1224 1669 1278 1702 ubi
1302 1675 1406 1703 tinnen
1429 1669 1561 1703 sacrista
1579 1670 1660 1704 bene
1675 1682 1707 1704 sc
1728 1681 1778 1714 ge-

1032 1782 1200 1817 tractarct,
1232 1777 1342 1820 sicque
1373 1777 1465 1810 dictis
1498 1778 1777 1812 conservatoribus

1032 1829 1206 1865 videretur,
1232 1831 1274 1863 ita
1301 1836 1332 1862 ut
1359 1831 1479 1863 dicdum
1503 1830 1713 1864 honorarium
1740 1843 1775 1866 ex

1031 1884 1138 1928 aliqua
1154 1884 1351 1927 obligatione
1369 1895 1386 1917 a
1404 1884 1533 1918 sacrista
1553 1885 1615 1928 peti
1628 1895 1691 1919 non
1704 1896 1777 1930 pos-

1031 1944 1088 1977 set,
1113 1938 1167 1971 sed
1187 1938 1217 1970 id
1245 1943 1344 1971 totum
1368 1948 1384 1971 a
1406 1944 1666 1972 conservatorum
1689 1939 1774 1972 arbi-

1033 1992 1092 2025 trio
1115 1998 1143 2026 et
1161 1991 1372 2026 itemesti-entia
1393 1993 1559 2036 penderet.

1077 2048 1092 2088 ξ
1119 2046 1165 2078 lz).
1192 2047 1352 2079 Bonorum
1376 2057 1449 2079 rero
1472 2047 1635 2087 omnium,
1658 2048 1774 2091 quibus

1031 2100 1131 2134 dit-tas
1147 2100 1362 2144 eappellanias
1377 2100 1696 2144 normannorumque
1712 2102 1774 2134 sru-

1032 2160 1140 2188 ctuum
1162 2153 1494 2188 conservationctuet¹
1514 2154 1724 2195 exactionem,
1743 2161 1774 2188 et

1031 2208 1342 2241 administrationem
1365 2208 1580 2241 bit›ti‹›u=‹›cac
1599 2214 1627 2241 et
1647 2209 1772 2251 collegii

1032 2263 1201 2295 doctorum
1224 2261 1425 2302 huiusmodi,
1451 2262 1622 2305 praedictis
1644 2272 1773 2295 conscr-

1032 2315 1196 2349 vatoribus
1224 2315 1403 2351 commisit·,
1428 2326 1508 2359 quos
1532 2316 1562 2348 in
1585 2316 1721 2349 llomino
1743 2327 1774 2348 c-

1032 2369 1102 2403 nixe
1124 2368 1271 2402 hortatus
1289 2375 1345 2409 e>t,
1369 2376 1398 2402 ut
1423 2368 1514 2402 bonis
1533 2369 1770 2409 conserrandis,

1032 2423 1133 2467 iisque
1153 2423 1341 2456 melioribus
1363 2422 1546 2461 reddendis,
1565 2428 1590 2454 ct
1612 2434 1628 2454 a
1647 2422 1775 2465 quibus-

1031 2487 1170 2520 cumque
1192 2477 1414 2515 defendendis,
1436 2482 1598 2519 tamquam
1621 2477 1678 2509 riri
1700 2487 1774 2520 pro-

1033 2530 1094 2563 vidi
1110 2537 1137 2563 et
1154 2531 1287 2563 solertes
1301 2530 1536 2564 incumberent:
1551 2530 1774 2573 s1·uctus‚quos

1070 2648 1078 2673 l
1103 2645 1265 2674 Particutam
1281 2648 1307 2674 cl
1323 2653 1370 2673 nos
1392 2644 1514 2673 addimus
1530 2648 1565 2680 (u.
1582 2649 1629 2673 τ.).

1789 221 1837 249 An.
1852 222 1880 250 C..
1905 222 1972 251 1608

1811 2052 1976 2074 leitilamma-w.

1790 2087 1836 2101 nur-m
1855 2076 1977 2099 tumtunm-ti

1790 2108 1844 2127 duris
1866 2108 1977 2125 cunserva-

1789 2132 1978 2154 haitanan-terum

1790 2162 1874 2184 collegit
1899 2160 1918 2177 et
1943 2157 1975 2176 bi-

1789 2188 1975 2208 t=tt··1tw.·40r0u..

1791 2218 1851 2236 inisti.
