2227 3241
79 230 126 258 An.
145 230 174 257 C.
198 230 265 257 1608

118 1636 263 1662 Excquutores

79 1663 140 1684 buius
157 1665 262 1683 coustitw

78 1690 142 1712 tionis
154 1690 250 1716 deputat.

916 231 1038 256 PAULUS

279 277 508 312 venerabilium
529 279 661 311 fratrum
685 284 869 311 nostrorum
886 279 915 311 S.
933 279 968 312 R.
986 279 1019 312 E.

278 331 490 365 cardinalium
507 360 514 372 ,
549 331 691 375 negociis
727 332 960 376 Epist-operum
994 339 1024 365 et

278 385 483 428 Regularium
498 385 769 429 praepositorum,
787 385 928 419 eiusdem
944 386 1023 419 Con-

277 438 474 481 gregationis
505 438 663 472 Fuliensis
696 439 863 481 generali,
893 438 1019 471 abbati<

277 491 348 532 bus,
362 491 535 536 prioribus,
555 491 711 534 religiosis
732 491 851 535 ubique
877 491 1020 524 locorum

277 545 379 588 (iuxta
392 545 571 578 litterarum
588 544 686 578 felicis
702 544 934 578 recordationis
945 544 1020 578 Sixti

277 599 381 642 Papae
402 598 427 631 V
441 597 697 642 praedecessoris
718 597 816 630 nostri
839 608 936 641 super
954 609 1021 631 ere-

277 651 385 684 ctione
398 650 661 694 Congregationis
675 650 873 690 huiusmodi,
891 650 950 683 sub
971 651 1022 683 da-

278 710 344 738 tum
374 704 481 738 idibus
513 704 719 744 novembris,
746 704 952 748 pontificatus
972 704 1020 737 sui

276 768 362 792 anno
384 768 430 799 111,
455 758 675 802 expeditarum
703 759 839 791 sormam
874 764 903 790 et
932 765 1020 791 teno-

277 822 357 853 rem,
382 822 461 855 quas
480 811 704 855 praesentibus
720 822 779 855 pro
800 811 967 855 expressis,
985 822 1021 845 ac

277 865 302 898 si
324 865 363 899 de
383 865 481 906 verbo
500 865 539 898 ad
561 865 692 898 verbum
712 865 942 906 insererentur,
966 865 1021 898 lia*

277 918 347 952 beri
368 919 526 960 volumus,
548 929 584 952 ac
613 918 716 952 dietae
742 918 1017 961 Congregationis,

278 968 525 1006 constitutiones
546 978 576 1005 et
596 972 726 1015 statuta)
742 971 947 1013 monasteria,
965 972 1020 1005 do-

278 1036 367 1067 mos,
392 1032 586 1067 conventus,
615 1024 779 1066 oratoria,
811 1025 961 1068 grangias
991 1030 1021 1058 et

277 1080 339 1114 alia
359 1091 584 1125 quaecumque
602 1081 682 1122 loca,
696 1080 782 1114 iuxta
803 1080 934 1114 Concilii
951 1080 1019 1113 Tri-

277 1134 400 1168 dentini
433 1134 582 1174 decreta,
611 1135 649 1168 de
679 1135 745 1168 sola
774 1134 1018 1168 Ordinariorum

278 1189 405 1222 licentia
421 1216 428 1230 ,
450 1189 539 1222 nullo
560 1188 695 1222 aliarum
730 1199 940 1233 personarum
964 1200 1019 1222 cu-

278 1242 373 1276 iusvis
393 1242 531 1283 Ordinis,
553 1243 649 1276 etiam
672 1239 867 1285 regularii’mi
886 1270 892 1283 ,
914 1242 1020 1286 requi-

277 1297 338 1330 sito
359 1307 528 1337 consensu,
545 1302 743 1336 construere,
762 1296 897 1329 fundare
914 1301 944 1329 ct
958 1296 1019 1329 eri-

277 1362 365 1394 gere,
389 1362 425 1384 ac
450 1350 544 1384 etiam
571 1361 628 1394 per
653 1350 732 1383 alios
754 1350 814 1383 iam
839 1351 968 1383 tundata
990 1357 1020 1384 ct

278 1410 384 1438 erecta
405 1404 548 1447 recipere
569 1403 689 1447 possint
708 1409 737 1436 et
756 1404 890 1444 valeant,
911 1410 1019 1437 aucto-

278 1459 370 1492 ritate
391 1458 577 1502 apostolica,
604 1463 713 1491 tenore
730 1458 960 1502 pi·acs‹1·ntimn,
988 1459 1021 1491 li-

278 1511 415 1546 centiam
435 1517 464 1544 et
480 1511 663 1544 facultatem
683 1511 890 1544 concedimus
912 1518 938 1545 et
963 1512 1020 1544 im-

278 1566 447 1611 pertimur.

324 1623 340 1663 g
362 1620 392 1654 3.
421 1620 577 1660 Quocirca
610 1619 846 1653 venerabililms
872 1621 1022 1654 tratribus

279 1674 523 1718 archiepiscopo
540 1673 732 1713 Tliolosano,
755 1678 785 1706 et
802 1673 952 1718 episcopo
966 1674 1022 1707 Pa-

279 1728 405 1762 risiensi
421 1755 428 1769 ,
452 1738 508 1761 seu
529 1737 641 1760 eorum
669 1726 796 1760 officiali
813 1755 820 1768 ,
845 1733 875 1760 ct
904 1727 1021 1761 vicario

278 1783 311 1816 in
336 1781 557 1826 spiritualibus
588 1781 731 1824 generali
763 1781 958 1825 respective,
987 1792 1022 1815 ac

279 1836 395 1870 dilecto
427 1835 496 1869 filio
528 1835 635 1869 curiae
668 1845 835 1868 causarum
869 1835 1039 1869 Gamerae*

278 1890 481 1935 Apostolicae
501 1889 643 1932 generali
668 1889 819 1930 auditori,
843 1900 901 1934 per
923 1900 1019 1933 prae-

277 1950 383 1979 sentes
404 1943 637 1977 committimus
658 1949 689 1976 et
709 1949 865 1988 perpetuo
888 1944 1021 1977 manda-

279 2009 360 2040 mus,
381 2003 539 2042 quatenus
557 1997 627 2041 ipsi,
643 1998 689 2031 vel
706 1998 780 2039 duo,
798 2003 852 2031 aut
870 2008 951 2031 unus
970 2009 1022 2031 eo-

279 2063 361 2092 rum,
386 2062 443 2095 per
463 2061 507 2092 se,
528 2051 575 2084 vel
603 2050 713 2092 alium,
737 2061 792 2085 seu
818 2051 907 2093 alios,
929 2062 1021 2095 prae-

278 2111 384 2139 sentes
405 2111 529 2139 nostras
553 2104 683 2145 litteras,
708 2109 738 2137 et
757 2104 786 2137 in
809 2104 853 2137 cis
874 2110 1022 2138 contenta

279 2170 502 2204 qaaecumque
524 2186 530 2199 ‚
554 2158 680 2202 quoties
707 2168 766 2202 pro
799 2164 889 2202 parte
920 2158 1022 2191 (lictae

279 2212 543 2256 Congregationis
562 2211 716 2245 Fuliensis
734 2211 958 2253 religiosorum
976 2212 1022 2244 vel

280 2266 451 2299 cuiuslibet
471 2276 583 2299 corum
603 2265 717 2298 suerint
734 2265 890 2308 requisiti,
908 2265 1024 2298 solem-

280 2319 364 2353 niter
391 2319 612 2364 publicantes,
642 2318 751 2362 cisque
781 2318 809 2351 in
841 2318 1023 2362 praemissis

280 2374 418 2407 efficacis
440 2372 636 2406 defensionis
654 2372 815 2416 praesidio
830 2373 1024 2413 assistentes,

282 2427 398 2461 saciant
412 2426 602 2460 auctoritate
620 2428 728 2460 nostra
750 2426 788 2459 ab
807 2426 957 2459 omnibus
979 2427 1025 2459 in-

281 2481 474 2515 violabiliter
495 2480 670 2520 obserrari,
694 2480 862 2524 dictaeque
887 2480 1025 2521 Congre-

282 2535 419 2577 gationis
433 2534 608 2568 monachos
626 2544 662 2566 ae
676 2544 787 2567 eorum
804 2534 946 2577 singulos
965 2534 1025 2567 illis

283 2587 416 2632 pacilice
435 2587 493 2620 l'rui
513 2593 541 2620 et
562 2587 714 2629 gaudere;
746 2597 808 2620 non
831 2588 1021 2631 permitten-

284 2647 328 2676 tes
349 2652 403 2675 eos
431 2642 476 2675 vel
508 2641 683 2685 quemlibet
714 2652 824 2675 corum
853 2653 910 2686 per
930 2652 1025 2685 quos-

368 2704 446 2731 Ball.
467 2705 548 2732 Rom.
570 2719 602 2724 —
625 2704 678 2732 Vol.
700 2704 749 2731 XI.
931 2706 963 2731 ott

1065 232 1082 254 v
1109 231 1153 255 rr.

1058 290 1196 323 cmnque
1223 280 1360 323 desuper
1382 279 1627 323 quomodolibet
1659 279 1800 312 indebite

1059 332 1219 365 molestari
1243 333 1288 365 rel
1314 333 1516 376 perturbari;
1548 333 1800 366 contradictores

1058 392 1085 418 et
1107 387 1241 419 rebelles
1262 387 1422 430 quoslibet
1443 397 1500 430 per
1519 389 1703 428 sententias,
1728 398 1799 420 cen-

1057 449 1147 471 suras
1169 444 1197 471 et
1219 449 1358 482 poenas,
1380 439 1474 472 etiam
1502 440 1722 483 pecuniarias,
1745 450 1800 473 eo-

1059 503 1127 525 rum
1143 492 1277 525 arbitrio
1293 493 1559 537 imponenendas,
1575 494 1801 533 moderandas,

1058 551 1085 577 et
1107 545 1326 589 applicandas,
1347 553 1538 591 ‹,·a‹;=tera‹·pie
1557 554 1740 591 opportuna
1760 547 1801 580 iu-

1059 598 1099 631 ris
1125 605 1153 632 et
1175 599 1416 641 sacti'remedia,
1434 601 1649 644 appellatione
1670 607 1800 645 postpo-

1056 651 1113 684 sita
1135 653 1382 696 compescendo,
1402 653 1616 697 legitimisque
1637 654 1800 697 superbis

1057 706 1212 739 habendis
1233 706 1365 739 serratis
1378 707 1595 750 processibus,
1611 707 1796 748 sententias,

1056 770 1207 794 censuras
1234 765 1264 793 et
1291 770 1412 803 poenas
1442 760 1526 804 ipsas
1553 761 1647 794 etiam
1681 761 1800 794 iteratis

1057 814 1178 847 vicibus
1203 814 1430 856 aggravando,
1460 813 1606 847 invocato
1636 814 1730 847 etiam
1760 815 1799 847 ad

1057 868 1128 909 hoe,
1152 867 1176 900 si
1200 878 1281 911 opus
1307 867 1414 908 suerit,
1442 867 1560 901 auxilio
1585 868 1708 900 brachii
1730 878 1798 901 sae-

1056 921 1184 955 cularis.

1101 974 1168 1017 gli.
1192 975 1261 1008 Non
1295 974 1496 1008 obstantibus
1528 974 1734 1018 praemissis,
1763 985 1799 1008 ac
1838 985 1999 1012 contrariisque

1815 1012 1910 1037 derogat.

1057 1029 1155 1062 felicis
1168 1028 1401 1063 recordationis
1418 1027 1587 1061 Clementis
1601 1028 1705 1073 Papae
1719 1028 1795 1069 Vlll,

1054 1081 1203 1115 similiter
1227 1081 1484 1126 praedecessoris
1510 1081 1621 1121 nostri,
1645 1091 1727 1125 quae
1749 1081 1797 1114 in-

1056 1135 1151 1179 cipit:
1171 1136 1333 1176 Ouom‘am
1350 1135 1392 1168 ml
1407 1135 1602 1175 institutam,
1615 1135 1673 1168 sub
1689 1128 1814 1168 datum'

1056 1190 1175 1223 Romae
1202 1191 1286 1234 apud
1317 1195 1460 1223 sanctum
1485 1190 1636 1231 Marcum,
1655 1189 1713 1222 sub
1743 1199 1799 1221 an-

1056 1244 1131 1277 nulo
1154 1243 1324 1277 Piscatoris
1345 1243 1396 1277 die
1411 1254 1489 1277 xxiii
1506 1243 1572 1276 iulii
1588 1253 1701 1283 nocui,
1719 1253 1798 1286 pon-

1057 1298 1193 1331 tificatus
1213 1298 1260 1331 sui
1283 1308 1367 1331 anno
1393 1308 1436 1331 xii
1452 1296 1471 1339 ¹,
1494 1307 1618 1330 necnon
1638 1296 1708 1340 piae
1731 1307 1797 1330 me-

1056 1352 1176 1385 moriae
1198 1351 1348 1385 Bonit'acii
1376 1352 1478 1395 Papae
1500 1350 1564 1384 Vlll
1591 1350 1685 1383 etiam
1707 1360 1799 1394 prae-

1054 1405 1230 1440 decessoris
1255 1404 1355 1439 nostri
1385 1405 1423 1438 de
1456 1406 1530 1445 mia,
1554 1410 1584 1436 et
1609 1403 1638 1436 in
1662 1403 1798 1436 concilio

1055 1459 1196 1503 generali
1228 1459 1312 1492 edita
1342 1459 1381 1492 dc
1413 1458 1538 1492 duabus
1566 1457 1680 1498 dietis,
1704 1458 1797 1491 dum-

1057 1513 1152 1546 modo
1175 1513 1257 1546 ultra
1272 1518 1334 1545 tres
1356 1512 1457 1545 dietas
1474 1511 1591 1555 aliquis
1609 1512 1797 1544 auctoritate

1057 1566 1271 1610 praesentium
1295 1566 1333 1599 ad
1356 1565 1510 1599 iudicium
1536 1575 1600 1599 non
1627 1565 1795 1605 trabatur,

1057 1620 1191 1664 aliisque
1218 1619 1501 1653 constitutionibus
1527 1625 1557 1652 et
1583 1618 1797 1652 ordinationi-

1057 1675 1115 1708 bus
1136 1673 1333 1718 apostolicis,
1353 1683 1478 1707 necnon
1498 1673 1528 1706 in
1548 1673 1799 1717 provincialibus

1057 1728 1306 1774 etsyuodalibus
1320 1727 1462 1760 conciliis
1481 1727 1585 1768 editis,
1607 1727 1799 1771 specialibus

1056 1783 1103 1816 rel
1130 1781 1345 1825 generalibus,
1369 1791 1404 1814 ac
1430 1781 1569 1815 cuiusvis
1591 1780 1721 1814 alterius
1741 1781 1798 1814 Or-

1058 1836 1162 1876 dinis,
1187 1835 1281 1869 etiam
1313 1835 1495 1867 iuramento
1511 1862 1518 1875 ,
1553 1834 1798 1868 confirmatione

1057 1890 1230 1935 apostolica
1254 1889 1299 1922 rel
1323 1889 1431 1932 quavis
1453 1888 1604 1922 firmitate
1623 1888 1683 1921 alia
1703 1888 1797 1921 robo-

1058 1944 1150 1984 ratis,
1171 1942 1296 1976 statutis
1318 1948 1344 1975 et
1373 1941 1681 1982 consuetudinilms,
1702 1941 1798 1985 priri-

1058 1998 1146 2040 legiis
1168 2007 1307 2042 quoque,
1328 1995 1458 2029 indultis
1484 2002 1512 2029 et
1538 1995 1652 2028 litteris
1672 2001 1799 2039 aposto-

1058 2051 1136 2092 licis,
1160 2051 1323 2094 quibusvis
1345 2050 1414 2083 aliis
1434 2049 1607 2083 Ordinibus
1631 2060 1666 2081 ac
1686 2060 1797 2082 eorum

1056 2104 1278 2148 superioribus
1297 2111 1322 2137 et
1340 2103 1496 2147 personis,
1513 2103 1571 2136 sub
1592 2103 1799 2147 quibuscum-

1056 2170 1117 2203 que
1145 2158 1310 2191 tcnoribus
1336 2164 1362 2191 el
1398 2157 1520 2199 l'ormis,
1543 2157 1572 2190 in
1603 2156 1798 2190 contrarimu

1059 2211 1309 2256 praemissorum
1340 2210 1586 2255 quomodolibet
1617 2210 1797 2249 concessis,

1059 2265 1267 2306 confirmatis,
1285 2265 1471 2309 approbatis
1493 2270 1520 2297 et
1545 2264 1712 2297 innovatis,
1731 2263 1801 2303 Qui<

1059 2320 1116 2352 bus
1138 2319 1288 2352 omnibus
1314 2325 1344 2352 et
1368 2318 1514 2361 singulis,
1539 2328 1650 2351 eorum
1675 2323 1801 2350 tic-nores

1058 2384 1093 2405 ac
1114 2373 1138 2405 si
1165 2373 1203 2406 de
1230 2373 1327 2405 verbo
1353 2373 1391 2405 ad
1424 2372 1554 2405 verbum
1583 2371 1802 2406 insererentur

1060 2427 1283 2470 praesentibus
1300 2437 1359 2471 pro
1381 2426 1536 2470 expressis
1558 2425 1722 2465 babentes,
1743 2425 1800 2458 bac

1061 2481 1124 2513 rice
1146 2480 1508 2525 dumtaxatspetialiter
1528 2485 1556 2511 et
1580 2489 1725 2523 expresse
1747 2479 1801 2512 de-

1060 2535 1275 2577 ‹lerogamus‚
1300 2534 1497 2578 caeterisque
1530 2532 1699 2566 contrariis
1731 2532 1800 2576 qui-

1098 2653 1104 2678 l
1130 2652 1213 2681 onam
1232 2651 1313 2678 liz-lues
1329 2659 1409 2685 supra
1426 2657 1482 2685 pag.
1498 2650 1528 2676 ⁹21
1549 2648 1628 2676 buius
1646 2649 1684 2676 rol
1709 2653 1799 2683 tasin).

1700 221 1764 254 545
1811 231 1859 257 An.
1897 231 1998 257 cissa
