2227 3241
219 271 267 296 An.
290 271 317 297 (ἶ,
339 271 403 298 teos

249 1013 350 1033 nociores
365 1018 397 1033 <a-

213 1042 242 1060 cri
266 1040 339 1065 palatii
363 1045 398 1060 co-

212 1069 272 1087 maes
288 1069 353 1087 creat.

450 262 513 295 3⁸25-

417 320 688 359 concussionibus,
714 319 853 361 indultis,
880 320 1042 353 favoribus
1063 331 1155 364 prae-

417 373 609 412 eiuineutiis,
627 372 761 415 aliisque
776 372 932 406 universis
946 373 1068 415 gratiis,
1085 373 1155 417 qui-

416 427 474 458 bus
494 425 546 457 alii
569 425 776 458 ecclesiastici
798 425 836 458 ‹le
858 436 960 465 more,
986 437 1055 461 usu,
1080 436 1173 458 eon-.

414 479 607 514 suetudine,
643 479 688 511 vel
716 489 751 511 ex
784 479 974 522 privilegio,
999 485 1050 512 aut
1078 479 1155 511 alias

414 532 657 574 quomodolibet
678 537 823 572 utuntur,
848 532 1015 575 potiuntur
1033 538 1061 566 et
1079 542 1155 575 gau-

414 585 500 624 dent,
529 595 564 617 ac
586 585 642 622 1111,
671 585 766 629 potiri
790 591 817 618 et
840 586 981 626 gaudere
1002 591 1152 629 poterunt

414 638 659 680 quomodolibet
681 638 710 670 in
736 639 890 678 futurum,
911 649 975 671 non
992 639 1096 671 solum
1115 639 1153 672 ad

414 702 524 724 eorum
548 692 656 733 instar,
680 693 735 724 scd
757 693 977 736 parisormiter
998 698 1029 726 et
1054 703 1153 736 aeque

414 745 645 789 principaliter,
671 747 791 789 absque
816 747 878 779 ulla
902 757 1032 790 prorsus
1058 746 1150 779 disse-

414 799 536 835 rentia.
573 799 602 831 in
639 800 788 833 omnibus
814 806 844 833 et
869 811 926 843 per
951 800 1070 840 onmia,
1093 800 1150 839 uti,

414 853 508 895 potiri
532 858 558 885 et
583 853 722 893 gaudere
744 853 844 887 libere.
866 860 893 887 et
916 853 1000 886 licite
1019 854 1154 891 valeant,

413 905 509 938 simili
535 905 709 949 apostolica
731 907 922 940 auctoritate
948 906 1154 940 concedimus

415 964 442 991 et
466 959 680 999 indulgemus.

459 1014 474 1053 ξ
493 1011 544 1044 Μ.
564 1013 705 1056 Denique
723 1023 835 1046 omnes
860 1019 889 1046 et
913 1013 1055 1055 singulos
1073 1012 1155 1045 eius-

414 1065 485 1098 dem
502 1065 628 1107 collegii
643 1067 812 1099 doctorum
829 1067 986 1103 doctores,
1001 1076 1059 1110 pro
1079 1071 1156 1098 tem-

413 1128 491 1161 pore
520 1119 709 1158 existentes,
733 1120 818 1153 Sacri
850 1120 960 1153 Palatii
996 1126 1021 1152 et
1056 1120 1155 1152 Aulae

413 1171 634 1206 Laterancnsis
660 1173 815 1210 comites,
842 1174 968 1212 milites,
997 1179 1027 1206 et
1052 1173 1155 1205 almae

414 1225 506 1257 Urbis
527 1226 611 1259 cives
631 1227 824 1269 originarios
845 1233 876 1260 et.
901 1227 1151 1271 antiquissimos,

412 1279 481 1321 pari
513 1279 688 1323 apostolica
722 1281 912 1313 auctoritate
944 1291 1090 1314 creanms
1124 1287 1152 1313 et

412 1332 619 1373 instituimus,
649 1345 685 1367 ac
705 1335 816 1367 Palatii
849 1340 879 1368 et
904 1335 1002 1368 Aulae
1028 1335 1155 1378 praedi·

413 1391 536 1419 ctorum
560 1387 713 1420 comitum
747 1393 778 1421 et
808 1388 957 1427 militum,
981 1394 1011 1421 et
1037 1388 1152 1420 civium

413 1439 596 1473 huiusmodi
612 1441 861 1483 originariorum
877 1452 1012 1474 numero
1038 1448 1064 1475 et
1083 1452 1154 1474 con-

412 1493 512 1525 sortio
536 1493 753 1528 favorabiliter
773 1505 1004 1538 aggregamus2
1029 1496 1149 1540 eisque,

412 1545 489 1578 utin
503 1547 761 1592 quibuscumque
774 1548 1068 1592 impetrationibus,
1082 1559 1153 1581 eon-

413 1599 609 1632 cessionibus
630 1607 657 1634 et
680 1601 802 1643 litteris,
818 1607 879 1635 tarn
899 1602 1031 1645 gratiam
1055 1613 1150 1647 quam

413 1652 564 1685 iustitiam
587 1655 866 1694 concernentibus,
884 1666 915 1688 se
931 1655 1076 1696 comites,
1093 1656 1151 1688 mi-

413 1706 483 1739 lites
504 1712 533 1739 et
555 1707 637 1741 cives
659 1709 819 1741 Romanos
845 1709 938 1742 etiam
960 1710 1151 1752 originarios

412 1760 600 1797 nominare,
626 1771 682 1793 nes·
704 1767 874 1805 propterea
896 1762 1147 1806 impetrationes,

413 1813 634 1847 concessiones
654 1820 681 1847 et
710 1815 833 1849 litterae
866 1815 952 1859 ipsae
972 1816 1151 1860 subreptio-

412 1866 460 1898 nis
482 1867 556 1899 vitio
577 1868 759 1901 subiaceant
777 1897 784 1906 ,
807 1869 862 1902 sed
883 1869 1005 1902 validae
1025 1876 1052 1902 et
1076 1870 1148 1903 etn-

413 1930 502 1953 raees
521 1921 664 1960 existant,
687 1932 822 1962 necnon,
844 1934 878 1955 ex
897 1933 983 1956 nunc
1001 1924 1152 1967 deinceps

414 1974 443 2006 in
465 1980 668 2018 perpetuum,
686 1976 836 2009 omnibus
851 1982 878 2010 et
894 1977 1150 2021 quibuscumque

413 2037 449 2059 ac
467 2038 598 2071 prorsus
610 2029 768 2062 similibus
782 2030 1042 2071 antelationibus,
1059 2041 1151 2074 prae-

412 2081 574 2123 rogativis,
595 2081 779 2125 privilegiis,
804 2083 1015 2124 libertatibus,
1036 2084 1152 2117 immu-

412 2133 574 2173 nitatibus,
592 2135 858 2179 exemptionibus,
883 2136 1028 2178 decretis,
1047 2138 1151 2171 decla-

411 2187 601 2227 rationibus,
627 2188 799 2229 savoribus,
827 2189 946 2232 gratiis,
966 2190 1151 2234 privilegiis,

411 2240 565 2282 indultis,
590 2252 625 2275 ac
651 2242 795 2282 iuribus,
819 2244 935 2287 quibus
962 2244 1015 2277 alii
1041 2244 1151 2278 Palatii

411 2299 442 2327 et
466 2295 564 2328 Aulae
590 2295 733 2336 comites,
755 2297 882 2338 milites,
896 2308 932 2331 ac
950 2297 1044 2331 Urbis
1060 2309 1152 2342 prae-

411 2347 570 2381 dictorum
586 2349 679 2389 cives,
698 2349 793 2382 etiam
813 2360 848 2383 ex
862 2356 1000 2395 utroque
1017 2357 1150 2395 parente

410 2411 484 2434 vere
506 2401 606 2434 nobili
628 2407 658 2435 et
678 2402 744 2436 cive
759 2402 935 2446 originario
949 2410 979 2437 et
998 2405 1152 2448 antiquis-

410 2454 491 2488 simo
511 2455 682 2498 procreati,
707 2456 745 2489 de
767 2456 847 2496 iure,
864 2462 994 2497 statuto,
1019 2468 1152 2491 eonsue-

412 2508 509 2548 dine,
537 2509 585 2542 vel
610 2509 688 2542 alias
719 2510 964 2553 quomodolibet
994 2516 1148 2552 utuntur,

413 2560 574 2602 fruuntur,
597 2562 765 2606 potiuntur
793 2568 824 2596 et
851 2563 1002 2606 gaudent,
1030 2574 1066 2597 ac
1090 2564 1148 2604 uti,

413 2615 488 2655 frui,
511 2615 607 2659 potiri
628 2623 659 2649 et
675 2617 816 2659 gaudere
839 2623 990 2661 poterunt
1017 2628 1152 2661 quomo·
1185 2617 1386 2658 alienentur,
1414 2617 1461 2651 vel
1488 2617 1726 2658 distrahantur,
1754 2622 1809 2650 aut
1837 2617 1925 2651 ause-

414 2668 536 2702 dolibet
557 2669 761 2710 infuturum,
786 2669 896 2703 itidem
917 2670 973 2711 uti,
999 2670 1071 2711 frui,
1095 2680 1152 2715 po·
1186 2676 1297 2704 rantur
1327 2681 1524 2715 procurare,
1560 2671 1607 2704 vel
1637 2670 1842 2712 consentire,
1869 2675 1926 2704 aut

996 272 1178 296 mttmntvtn
1196 271 1349 296 Romnum

1944 271 1994 297 An.
2013 270 2044 298 C.
2061 270 2178 307 iem-''T-
2199 286 2210 296 ν.

1189 320 1239 353 tiri
1272 326 1303 353 et
1334 320 1474 362 gaudere
1499 320 1598 353 libere
1623 326 1654 353 et
1680 320 1763 353 licite
1789 320 1925 359 valeant,
2171 318 2181 333 ”

1191 373 1320 406 realiter
1344 379 1373 405 et
1405 373 1546 415 integre,
1573 373 1602 405 in
1635 373 1786 406 omnibus
1816 379 1847 406 et
1871 383 1930 417 per

1189 425 1309 463 omnia,
1334 425 1468 469 perinde
1493 436 1528 458 ac
1554 425 1636 458 side
1661 434 1734 458 vere
1755 425 1855 459 nobili
1876 435 1930 468 ge-

1189 490 1264 512 nere.
1290 490 1324 511 ex
1347 484 1484 523 utroque.
1513 484 1646 523 parente
1670 478 1792 519 nobili,
1825 479 1926 521 origi-

1189 532 1280 565 nario
1306 538 1333 565 et
1357 532 1578 576 antiquissimo
1599 532 1665 564 cive
1682 532 1830 565 Romano
1854 541 1930 575 pro-

1189 585 1284 618 creati
1299 585 1412 626 forent,
1424 585 1542 618 eisdem
1555 585 1731 629 apostolica
1741 585 1929 619 auctoritate

1188 645 1218 672 et
1240 644 1361 679 tenore,
1390 639 1483 672 etiarn
1502 644 1660 682 perpetuo
1676 638 1891 681 indulgemus.
2154 684 2160 690 Δ
2200 679 2201 682 ¹

1233 694 1248 734 ξ
1263 691 1314 725 025.
1331 693 1431 726 Porro
1445 694 1493 736 (ut
1506 698 1680 736 perpetuae
1694 693 1926 727 conservationi
1966 701 2056 731 ‚Libros
2071 708 2082 724 a
2096 702 2130 724 m-
2198 700 2205 728 ⁵.

1189 746 1344 779 librorum
1364 753 1394 780 et
1411 746 1557 779 codicum
1581 746 1611 778 in
1632 746 1796 790 praedicta
1815 746 1927 780 biblio·
1942 727 2129 781 lllsslflff'ffiiemlll
2151 754 2171 777 3-
2199 763 2202 766 >

1189 799 1279 832 theca
1310 800 1550 834 reconditorum
1585 805 1616 833 et
1647 800 1926 834 recondendorum
1942 781 2128 855 {ffikiiiissssifi'aiff
2157 790 2178 842 '3
2204 807 2205 817 ¹

1189 853 1387 896 consulatur)
1417 853 1566 886 omnibus
1590 859 1621 886 et
1644 853 1925 897 quibuscumque,
1979 848 1986 856 ’
2167 850 2172 854 ”
2203 848 2205 852 ’

1191 910 1252 937 tam
1272 906 1505 945 ecclesiasticis,
1527 906 1621 938 etiam
1641 906 1672 938 in
1691 906 1929 951 presbyteratus

1189 958 1301 992 ordine
1331 969 1367 992 ac
1392 959 1545 1002 dignitate
1566 959 1779 992 ecelesiastica
1804 960 1926 994 consti-

1191 1012 1286 1048 tutis,
1321 1023 1417 1056 quam
1448 1013 1666 1047 saecularibus
1697 1014 1928 1058 cuiuscumque

1189 1070 1299 1103 status,
1323 1067 1460 1105 gradus,
1493 1066 1636 1105 ordinis,
1660 1067 1707 1099 vel
1733 1066 1929 1100 conditionis

1190 1118 1407 1159 existentibus,
1430 1120 1458 1152 in
1486 1120 1600 1153 virtute
1625 1125 1755 1153 sanctae
1775 1120 1929 1154 ohedien-

1191 1171 1260 1210 tiae,
1281 1183 1316 1204 a<-
1334 1173 1392 1205 sub
1412 1173 1640 1215 indignationis
1657 1179 1796 1214 nostrae,
1817 1179 1848 1207 et
1865 1174 1929 1207 Ro-

1190 1225 1274 1257 mani
1304 1226 1468 1259 Pontificis
1497 1236 1556 1270 pro
1587 1232 1732 1270 tempore
1752 1227 1924 1268 existentis,

1188 1284 1218 1311 ct.
1243 1279 1333 1312 Sedis
1350 1280 1544 1323 praedictae,
1573 1290 1698 1313 necnon
1724 1286 1831 1314 reatus
1855 1291 1944 1326 pec-N

1188 1332 1246 1365 eati
1277 1333 1440 1371 mortalis,
1465 1343 1499 1366 ac
1526 1333 1620 1366 etiam
1647 1333 1779 1367 maioris
1799 1344 1928 1368 excom-

1189 1386 1414 1419 municationis
1429 1388 1510 1420 latae
1531 1388 1718 1428 sententiae,
1736 1393 1766 1422 et
1783 1388 1927 1429 ulterius,

1187 1439 1294 1482 quoad
1324 1440 1577 1479 ecclesiasticos,
1610 1441 1705 1474 etiam
1739 1441 1927 1485 privationis

1187 1502 1468 1536 quoriunciunque
1494 1493 1726 1527 beneficiorum
1749 1500 1777 1527 et
1803 1495 1927 1528 officio-

1188 1555 1256 1577 rum
1287 1556 1345 1589 per
1366 1557 1419 1579 eos
1444 1557 1502 1590 pro
1530 1552 1673 1590 tempore
1705 1547 1924 1588 obtentorum,

1187 1599 1460 1644 inhabilitatisquc
1485 1600 1524 1633 ad
1551 1600 1603 1634 illa
1624 1607 1654 1634 et
1673 1601 1736 1634 alia
1753 1611 1927 1645 quaecum-

1186 1663 1248 1696 que
1283 1653 1493 1696 imposterum
1531 1654 1803 1698 quandocumque
1837 1655 1923 1688 obti-

1187 1707 1302 1746 nenda,
1326 1717 1384 1750 per
1404 1717 1626 1751 quoscumque
1649 1708 1927 1742 contravenientes
1952 1743 1957 1747 ,

1187 1759 1389 1792 incurrendis
1411 1761 1533 1804 poenis,
1555 1772 1572 1793 a
1590 1761 1707 1805 quibus
1723 1761 1852 1795 nonnisi
1869 1772 1928 1806 per

1185 1824 1242 1847 nos
1273 1820 1303 1847 ct
1330 1825 1529 1849 successores
1563 1821 1689 1849 nostros
1720 1816 1924 1860 praedictos,

1185 1874 1410 1912 praeterquam
1431 1869 1460 1901 in
1480 1869 1592 1902 mortis
1610 1869 1744 1903 articulo
1761 1869 1925 1903 constituti

1185 1921 1305 1954 absolvi
1320 1928 1449 1965 queant,
1466 1933 1506 1955 ne
1524 1922 1686 1966 deinceps,
1699 1922 1764 1956 ullo
1781 1933 1926 1967 unquam

1187 1981 1331 2019 tempore
1346 2003 1354 2016 ,
1378 1975 1503 2019 aliquos
1524 1975 1642 2016 libros,
1666 1975 1809 2017 codices,
1830 1976 1922 2010 volu-

1186 2029 1272 2062 mina
1293 2035 1322 2063 et
1347 2029 1534 2073 quinternos
1559 2029 1663 2063 dictae
1695 2029 1922 2072 bibliothecae,
2204 2071 2205 2074 Ἴ

1185 2093 1240 2116 seu
1258 2094 1370 2116 eorum
1390 2083 1465 2116 solia
1486 2083 1609 2125 integra
1629 2083 1676 2116 vel
1701 2093 1766 2116 non
1786 2083 1922 2126 integra,
2145 2106 2160 2137 ,ἀ
2198 2095 2205 2103 ⁴

1187 2143 1248 2170 tam
1268 2148 1304 2170 ex
1329 2137 1482 2170 hactenus
1503 2137 1622 2171 ibidem
1645 2137 1804 2181 repositis,
1827 2148 1923 2181 quam

1186 2190 1399 2234 reponendis,
1434 2191 1473 2224 ab
1511 2191 1622 2224 eadem
1659 2190 1856 2224 bibliotheca
1888 2201 1925 2224 ac

1185 2243 1327 2276 ciusdem
1349 2243 1482 2277 aedibus
1511 2243 1642 2277 annexis
1667 2249 1697 2277 et
1725 2243 1824 2288 ipsius
1847 2254 1924 2288 pro-

1186 2296 1282 2340 priis,
1311 2297 1405 2330 etiarn
1432 2296 1540 2330 animo
1565 2302 1596 2330 et
1623 2297 1801 2331 intentione
1831 2297 1924 2331 resti-

1187 2350 1313 2391 tuendi,
1337 2356 1392 2383 aut
1421 2350 1484 2383 alio
1509 2351 1622 2394 quovis
1646 2350 1791 2394 quaesito
1816 2351 1924 2385 colore

1186 2404 1232 2437 vel
1262 2409 1449 2447 praetextu,
1478 2410 1663 2448 asportare,
1692 2405 1921 2446 commodare,

1185 2457 1335 2498 vendere,
1363 2457 1515 2497 alienare,
1545 2463 1599 2491 aut
1619 2457 1696 2491 alias
1719 2457 1926 2502 quomodoli-

1186 2510 1239 2543 bet
1270 2510 1462 2551 distrahere,
1493 2511 1540 2544 vel
1573 2511 1718 2551 auferre,
1752 2521 1808 2545 seu
1837 2511 1925 2555 quod

1185 2569 1400 2608 asportentur,
1429 2564 1694 2604 commodentur,
1721 2564 1922 2605 vendantur,
