2227 3241
251 261 298 287 An.
316 260 343 287 C.
367 260 433 287 1604

262 848 353 869 'san-leui
362 847 431 872 quoad

248 881 340 901 «nuquam
349 873 431 894 vendita

249 903 336 922 tui-runt.
348 903 431 920 <attilio-

249 936 299 948 imui
315 927 419 947 (utici-ild.

279 1544 375 1563 lit-tuclus
386 1548 433 1568 sup·

250 1571 298 1596 lilet.

480 250 520 284 76

450 309 511 340 illis
532 314 636 340 autem
660 306 918 338 universitatibus
939 312 967 338 et
990 306 1078 347 locis,
1102 317 1183 350 quae

449 362 534 393 ‹lin-to
556 361 702 403 Philippo
725 360 747 392 ll
766 359 927 403 pei-unias,
948 370 1003 392 seu
1022 360 1107 393 bona
1123 366 1185 393 sta-

450 414 534 451 bilia,
552 414 589 445 ad
609 414 755 449 etl'cctuui
771 413 857 455 quod
878 422 941 445 non
956 413 1181 454 venderentur,

451 466 641 504 tribuerunt,
666 471 694 497 et
715 465 773 497 suh
799 464 918 498 eisdem
940 466 1093 507 eeclesiis,
1117 477 1185 499 mo-

449 518 593 551 nasteriis
619 524 646 551 et
674 518 840 551 benoth-iis
873 519 1096 553 ecelesiasticis
1129 530 1181 562 ref

449 578 646 612 manserunt,
661 572 726 616 ipse
742 572 907 616 Philippus
920 574 958 606 Ill
973 584 1025 607 rex
1040 579 1185 607 teneatur

447 626 586 669 aliquam
610 636 866 669 recompensam,
887 627 1020 660 arbitrio
1041 628 1184 661 eiusdem

447 678 567 719 nuncii,
588 678 709 722 pariter
723 679 900 721 assignare:
923 680 978 713 uhi
1000 691 1073 714 vero
1094 691 1186 724 prae-

448 731 542 764 missa
554 731 789 775 adimpleverit,
803 742 837 765 ex
851 743 936 765 nunc
949 739 1045 777 prout
1055 744 1090 767 ex
1102 740 1186 771 tunc,

448 790 474 816 et
498 794 513 816 e
535 791 663 825 eontra,
688 795 752 828 quo
773 786 811 818 ad
833 796 869 818 ca
895 786 1034 830 oppida,
1063 792 1182 827 castra,

448 847 548 876 arces,
571 838 738 879 fortalitia,
755 838 862 878 villas,
890 845 990 872 terras
1008 846 1038 873 et
1058 840 1129 873 loca
1150 851 1185 873 ex

447 890 630 934 praedictis,
647 901 729 935 quae
751 892 941 925 venditionis
956 893 1046 926 titulo
1067 904 1124 936 per
1144 893 1186 926 di-

447 949 532 976 ctum
559 944 743 988 Philippum
766 945 790 978 ll
819 951 976 989 perpetuo
1004 946 1133 979 realiter
1158 952 1185 979 et

448 1008 519 1030 cum
546 998 660 1030 cll‘cctu
681 998 807 1030 vendita
833 1004 861 1031 et
884 999 1021 1032 alienata
1043 1000 1183 1039 suerunt,

446 1056 480 1084 ut
497 1051 689 1094 praefertur,
714 1051 914 1085 venditiones
929 1058 959 1085 et
976 1053 1187 1086 alienationes

447 1103 631 1145 huiusmodi
650 1110 806 1148 perpetuo
824 1105 944 1138 validas
965 1111 993 1138 et
1015 1106 1124 1139 firmas
1143 1117 1188 1139 re-

446 1168 577 1191 manere
602 1159 761 1199 volumus,
790 1168 907 1202 easque
929 1165 959 1192 et
977 1159 1187 1193 instrumenta

445 1221 500 1244 seu
525 1211 603 1244 alias
627 1211 804 1254 scripturas
835 1212 974 1255 desuper
1006 1212 1183 1254 consectas,

446 1263 524 1297 etin
543 1264 587 1297 eis
613 1269 764 1297 contenta
788 1270 819 1298 et
839 1264 913 1298 inde
934 1270 1070 1309 sequuta
1091 1276 1187 1309 quae-

446 1327 595 1361 cumque,
613 1317 802 1350 auctoritate
820 1323 851 1350 et
871 1323 982 1351 tenore
1000 1319 1183 1362 praedietis,

446 1376 603 1414 perpetuo
631 1371 863 1404 confirmamus
889 1377 919 1405 et
949 1373 1184 1416 approbamus,

449 1423 575 1467 illisque
600 1430 776 1468 perpetuae
797 1430 827 1457 et
851 1424 1045 1458 inviolabilis
1064 1432 1189 1470 aposto-

448 1477 528 1510 licae
547 1477 709 1511 firmitatis
728 1478 830 1511 robur
850 1478 1029 1512 adiiciinus.

495 1532 510 1572 ξ
531 1530 584 1563 to.
602 1532 644 1564 Ac
665 1542 777 1564 omnes
797 1537 826 1564 et
848 1532 1003 1574 singulos,
1026 1538 1088 1565 tam
1110 1533 1188 1566 iuris

451 1594 546 1627 quam
574 1584 658 1624 sacti,
687 1589 717 1618 et
737 1595 1016 1629 quarumcumque
1037 1586 1188 1619 solemni-

452 1642 550 1670 tatum
577 1637 608 1670 in
634 1637 885 1671 alienationibus
910 1639 1069 1672 bonorum
1092 1640 1188 1674 eecle-

448 1690 650 1724 siasticorum
676 1691 839 1724 observari
858 1692 1062 1733 debitarum,
1090 1693 1186 1726 etiam

449 1745 721 1785 substantialium,
750 1745 894 1788 aliosque
914 1746 1068 1787 desectus,
1091 1747 1115 1779 si
1134 1747 1187 1791 qui

449 1798 555 1831 forsan
583 1799 815 1832 intervenerint
840 1799 871 1832 in
897 1799 1029 1840 eisdem,
1057 1801 1187 1844 supple-

450 1862 535 1891 mus7,
559 1862 595 1884 ae
615 1852 815 1886 venditiones
839 1858 869 1885 et
895 1852 1106 1886 alienationes
1130 1853 1189 1886 hu-

450 1905 604 1946 iusmodi,
633 1916 669 1938 ac
697 1905 912 1939 instrumenta
936 1907 1075 1951 desuper
1100 1908 1184 1940 cele-

449 1959 551 1999 brata,
568 1959 643 1992 etin
662 1959 707 1992 eis
729 1965 889 2001 contenta,
914 1966 943 1993 et
964 1961 1039 1993 inde
1052 1966 1188 2004 sequuta

450 2023 685 2057 quaecumque,
713 2019 871 2057 perpetuo
897 2014 1012 2056 valida,
1039 2014 1134 2048 firma
1159 2021 1186 2048 et

450 2066 594 2099 efficacia
620 2067 686 2100 sore
712 2072 740 2100 et
766 2077 844 2108 esse,
867 2077 1007 2111 suosque
1028 2067 1188 2111 plenarios

450 2124 480 2150 et
494 2118 636 2162 integros
652 2120 784 2153 effectus
795 2120 902 2153 sortiri
924 2126 955 2154 et
974 2121 1133 2163 obtinere,
1153 2132 1189 2155 ac

449 2182 506 2215 per
526 2173 798 2217 archiepiscopos,
814 2174 978 2217 primates,
1007 2175 1186 2219 episcopos,

449 2224 593 2267 abbates,
621 2226 757 2270 priores,
787 2227 976 2268 abbatissas,
1004 2228 1185 2271 priorsssas,

449 2278 661 2321 praepositos,
685 2279 837 2322 capitula,
865 2286 1040 2313 conventus
1060 2286 1091 2314 et
1110 2280 1190 2314 alios

450 2341 672 2375 quoscumque
689 2332 893 2376 supradictos
906 2334 945 2366 ad
964 2344 1044 2377 quos
1057 2340 1190 2378 spectat,

450 2384 615 2428 perpetuis
642 2385 755 2418 suturis
776 2386 995 2430 temporibus,
1021 2387 1189 2420 inviolabi-

451 2435 522 2469 liter
547 2437 709 2470 observari
736 2438 865 2474 dehere:
885 2449 944 2472 nec
964 2440 1003 2472 ab
1025 2439 1112 2483 ipsis,
1136 2445 1191 2473 aut

451 2489 617 2532 quibusvis
642 2491 723 2531 aliis,
753 2492 863 2535 quavis
891 2493 1081 2526 auctoritate
1113 2494 1186 2526 t'un-

452 2543 600 2584 gentibus
615 2551 644 2578 et
663 2546 829 2587 functuris,
851 2546 944 2579 etiam
967 2552 1133 2590 praetextu
1147 2552 1190 2580 te-

454 2598 619 2637 stamenti,
640 2610 695 2632 seu
717 2599 961 2641 codicillortuu,
985 2606 1039 2632 aut
1060 2600 1190 2633 alterius

452 2651 583 2685 ultimae
609 2653 781 2686 voluntatis
802 2653 958 2697 praedicti
985 2653 1122 2698 Philippi
1145 2655 1186 2696 ll,

1021 257 1202 282 BULLARIUM
1221 257 1374 283 ROMANUM

1218 317 1315 350 super
1336 306 1463 339 illorum
1491 305 1692 338 restitutione
1718 304 1874 345 faeIenda,
1901 311 1955 338 aut

1218 359 1328 403 quavis
1341 359 1403 392 alia
1415 358 1595 398 occasione,
1611 358 1760 399 rescindi,
1774 358 1953 399 retractari,

1219 413 1391 453 annullari,
1416 417 1470 445 aut
1499 412 1537 445 de
1569 411 1712 455 ipsarum
1734 411 1956 444 venditionum

1219 466 1380 499 validitate
1401 464 1644 509 quomodolibet
1671 464 1790 508 opponi
1814 464 1955 497 nullate-

1220 530 1278 553 nus
1303 530 1407 563 posse;
1428 524 1612 563 praesentes
1629 528 1758 562 quoque
1776 517 1898 551 litteras
1918 517 1958 550 de

1219 573 1436 617 subreptionis
1449 573 1496 606 vel
1511 571 1722 616 obreptionis,
1736 577 1791 605 aut
1804 570 1959 604 nullitatis

1220 626 1306 667 vitio,
1327 637 1382 659 seu
1404 625 1589 659 intentionis
1601 630 1729 659 nostrae
1749 625 1884 666 defectu,
1900 633 1959 657 no-

1222 679 1279 712 tari
1309 680 1356 712 vel
1387 678 1592 723 impugnari,
1621 685 1674 712 aut
1705 679 1856 712 adversus
1888 677 1958 711 illas

1220 732 1449 776 quodcumque
1474 732 1595 775 gratiae
1615 732 1662 765 vel
1689 732 1828 765 iustitiae
1852 741 1957 765 reme-

1221 786 1307 819 dium
1335 786 1500 829 impetrari
1521 785 1653 819 minime
1673 796 1778 830 posse.

1265 840 1279 881 ξ
1300 839 1351 872 ll.
1379 839 1495 883 Sicque
1515 849 1573 883 per
1593 848 1817 882 quoscumque
1836 837 1958 872 iudices

1220 892 1403 925 ordinarios
1423 897 1453 925 et
1474 892 1649 934 delegatos,
1673 891 1769 925 etiam
1787 901 1956 924 causarum

1220 945 1331 977 Palatii
1352 945 1528 988 Apostoliei
1549 944 1724 985 auditores,
1753 949 1784 977 et
1807 944 1837 978 S.
1861 944 1896 977 R.
1920 944 1954 977 E.

1221 998 1411 1039 cardinales,
1442 998 1538 1032 etiam
1567 999 1605 1031 de
1634 998 1732 1032 latere
1761 998 1893 1040 legatos,
1922 1008 1960 1031 ac

1221 1051 1317 1085 etiam
1337 1052 1473 1085 nuncios
1490 1052 1693 1096 Apostolicae
1707 1051 1808 1092 Sedis,
1835 1051 1961 1085 sublata

1221 1105 1267 1138 eis
1293 1111 1323 1138 et
1343 1115 1454 1138 eorum
1476 1105 1608 1138 cuilibet
1627 1105 1738 1149 quavis
1759 1105 1852 1139 aliter
1872 1104 1963 1138 iudi-

1222 1159 1315 1192 candi
1336 1165 1366 1192 et
1380 1159 1612 1203 interpretandi
1633 1159 1782 1192 facultate
1801 1163 1832 1192 et
1849 1163 1961 1192 aucto-

1222 1213 1325 1253 ritate,
1354 1213 1491 1246 iudicari
1517 1218 1548 1246 et
1567 1212 1695 1246 definiri
1716 1212 1845 1252 debere,
1868 1211 1962 1246 acir-

1222 1265 1319 1298 ritum
1338 1271 1369 1299 et
1389 1266 1485 1299 inane
1503 1265 1663 1309 quidquid
1683 1275 1775 1298 secus
1795 1275 1892 1308 super
1911 1264 1961 1297 his

1221 1330 1239 1352 a
1264 1329 1441 1363 quoquam,
1463 1319 1575 1363 quavis
1595 1318 1798 1359 auctoritate,
1821 1318 1962 1351 scienter

1222 1372 1268 1405 vel
1288 1372 1486 1414 ignoranter,
1510 1371 1683 1414 contigerit
1704 1370 1870 1412 attentari,
1898 1371 1961 1404 de-

1221 1425 1395 1458 cernimus.

1270 1478 1317 1511 102.
1346 1479 1452 1521 Ipsum
1477 1488 1553 1512 vero
1577 1477 1763 1521 Philippum
1783 1478 1821 1511 Ill
1848 1487 1958 1520 regem

1221 1541 1238 1564 a
1251 1542 1456 1575 quacumque
1470 1530 1671 1565 restitutione
1685 1531 1892 1575 oppidorum,
1909 1540 1961 1563 ca-

1220 1590 1373 1626 strorum,
1391 1585 1527 1626 areium,
1542 1585 1783 1625 fortalitiorum,
1796 1584 1957 1624 villarum,

1222 1643 1381 1672 terrarum
1396 1645 1426 1672 et
1443 1639 1591 1672 locorum
1612 1638 1816 1672 venditorum
1834 1637 1961 1671 etalie-

1221 1697 1371 1726 natorum
1392 1692 1646 1735 praedictorum,
1669 1691 1824 1732 ecclesiis,
1848 1700 1960 1724 mona-

1220 1746 1334 1787 steriis,
1346 1746 1555 1790 prioratibus,
1570 1744 1811 1790 praeposituris,
1829 1744 1958 1785 mensis,

1221 1799 1380 1843 capitulis,
1405 1799 1617 1832 conventibus
1646 1804 1676 1832 et
1704 1798 1782 1831 locis
1802 1797 1961 1831 eeclesia—

1221 1853 1307 1886 sticis
1325 1853 1597 1896 quibuscumque,
1614 1852 1653 1885 ad
1671 1862 1754 1895 quae
1775 1851 1962 1895 spectabant

1221 1911 1248 1939 ct
1264 1906 1481 1950 pertinebant,
1502 1905 1659 1946 facienda,
1684 1910 1738 1938 aut
1759 1904 1866 1948 aliqua
1883 1904 1963 1937 ulte-

1222 1959 1301 1993 riori
1323 1962 1533 2003 recompensa
1553 1959 1615 1992 illis
1636 1958 1840 2001 assignanda,
1858 1963 1959 1997 motu,

1221 2014 1355 2048 scientia
1380 2019 1411 2047 et
1431 2013 1599 2057 potestatis
1623 2012 1824 2057 plenitudine
1844 2011 1960 2045 simili-

1222 2068 1291 2108 hus,
1313 2067 1440 2111 penitus
1458 2066 1653 2100 absolvimus
1674 2071 1704 2099 et
1721 2066 1910 2106 liberamus,
1927 2075 1964 2099 ac

1222 2121 1406 2154 absolutum
1421 2126 1451 2154 et
1463 2120 1602 2153 liberum
1622 2119 1757 2152 existere
1776 2124 1807 2152 et
1824 2119 1892 2152 sore
1910 2118 1964 2152 de-

1222 2175 1400 2211 claramus,
1429 2173 1694 2216 voluntatemque
1712 2171 1871 2216 praedicti
1891 2171 1964 2204 Phi-

1222 2227 1299 2270 lippi
1315 2227 1350 2265 ll,
1361 2227 1468 2270 quoad
1480 2226 1570 2263 haec,
1582 2226 1763 2269 specialiter
1773 2231 1804 2258 et
1815 2234 1963 2268 expresse

1223 2285 1472 2313 rouumitamus.

1267 2334 1283 2374 g
1302 2332 1354 2365 113.
1379 2332 1528 2365 Eiusdem
1547 2337 1654 2365 autem
1673 2330 1812 2374 Philippi
1832 2330 1856 2363 ΙΙ
1877 2329 1962 2372 regis

1222 2385 1375 2426 animam,
1396 2390 1552 2429 quantum
1579 2384 1705 2417 divinae
1729 2382 1863 2416 bonitati
1887 2383 1960 2426 pla-

1224 2438 1336 2479 cuerit,
1347 2448 1365 2471 a
1378 2438 1637 2482 quibuscumque
1651 2436 1794 2470 censuris
1808 2440 1839 2470 ct
1850 2435 1962 2480 poenis

1224 2492 1458 2533 ecclesiasticis,
1483 2502 1539 2536 per
1559 2502 1643 2532 eum,
1665 2490 1833 2525 occasione
1852 2490 1963 2524 vendi-

1226 2546 1347 2579 tionum
1372 2551 1403 2580 et
1428 2546 1660 2580 alienationum
1686 2556 1722 2578 ac
1743 2544 1959 2589 permutatio-

1224 2611 1300 2633 num
1327 2607 1357 2634 et
1377 2600 1675 2645 incorporationum
1700 2599 1961 2643 supradictarum

1224 2654 1332 2697 (ctiam
1355 2665 1391 2689 ex
1419 2664 1457 2688 eo
1478 2654 1576 2698 quod,
1601 2659 1631 2688 ut
1653 2653 1866 2698 praemissum
1892 2657 1960 2692 est,

2192 107 2202 126 Ἰ
2170 0 2210 97 4ζῖᾗέἔὲ

1967 256 2017 283 An.
2032 255 2061 283 c.
2083 250 2151 283 1604

2008 842 2107 863 Clausnla
2123 847 2156 862 su-

1972 869 2034 889 Multi.

2000 1478 2094 1500 Absolvit
2108 1477 2159 1499 Phi·
2192 1476 2205 1502 ’ἰ

1972 1507 2053 1532 lippum
2067 1510 2137 1531 regem
2145 1511 2159 1526 a

1974 1537 2107 1560 quacumque
2127 1532 2157 1552 ul-
2195 1539 2209 1559 »Μ

1974 1558 2047 1580 teriori
2073 1558 2159 1579 restitu-
2196 1567 2206 1579 ⁴„

1974 1586 2038 1607 tione.

2005 2356 2009 2360 .
2036 2327 2160 2354 Philippii!
2187 2337 2202 2359 -5

1976 2361 2067 2378 animam
2081 2361 2094 2376 a
2111 2359 2162 2376 een·
2186 2368 2207 2379 Ἀ,

1976 2383 2031 2404 sui-is
2042 2382 2128 2405 liberat.
