2227 3241
197 267 245 294 Aa.
266 267 295 295 c.
312 265 380 295 1609
425 256 489 292 602

197 334 298 377 rufius
311 356 314 359 Δ
329 315 383 356 petit
398 314 521 349 Christo
546 312 631 346 filius
651 317 760 345 noster
780 310 946 355 Philippus
966 310 1133 355 Hispania-

196 362 236 378 con
251 362 322 378 l'mfll'l.

207 2461 320 2484 confirmat
331 2462 383 2484 Pon·

198 2488 254 2510 tifex.

396 377 467 400 rum
500 376 554 399 rex
586 364 784 405 catholicus,
824 369 887 397 tam
921 374 1001 403 suo,
1038 373 1133 407 quam

395 419 591 464 praesulum,
620 417 854 462 capitulorum,
879 422 1057 457 rectorum,
1081 416 1136 450 be-

394 472 631 512 neficiatorum,
655 470 964 511 administratorum,
988 476 1018 504 et
1042 480 1136 504 oeco-

394 534 568 558 nomorum
593 523 833 568 praedictorum
854 522 1052 564 nominibus,
1078 533 1136 567 per

396 577 550 611 dilectum
576 576 678 610 filium
699 576 850 610 Ioannem
879 576 917 610 de
942 576 1061 610 Mutute
1082 587 1134 610 ec-

395 630 511 664 clesiae
535 629 740 664 Granatensis
765 629 957 663 canonicum
971 629 1064 663 nobis
1077 639 1136 662 nu-

394 695 453 729 per
484 683 599 728 exponi
638 683 729 724 fecit,
764 683 838 717 licet
872 683 931 727 ipsi
968 682 1135 727 Philippus

393 748 447 771 rex
477 748 513 771 ac
537 736 700 782 praesules
729 742 760 770 ct
791 736 863 777 alii,
898 736 1016 780 quibus
1047 736 1133 769 dcci-

395 801 467 825 mae
487 796 518 824 et
537 790 699 835 primitiae
716 790 879 823 fructuum
897 789 1082 823 huiusmodi
1103 789 1134 822 in

395 843 482 878 dicto
505 853 626 887 regno,
649 849 711 877 tam
743 853 778 876 ex
811 842 978 887 privilegio
1005 848 1035 876 et
1060 853 1135 876 con-

396 897 541 932 cessione
555 908 614 942 per
631 897 704 942 piae
721 897 899 931 memoriae
911 896 1133 930 Innocentium

395 951 515 996 Papam
534 951 613 992 VlIl,
643 957 674 985 et
698 950 899 996 praedictum
925 951 1071 991 Paulum,
1100 961 1136 984 ac

397 1014 620 1050 quoscumque
644 1005 723 1038 alios
747 1005 908 1039 Romanos
940 1003 1132 1045 Pontifices,

396 1057 492 1092 etiam
513 1059 776 1103 praedecessores
796 1064 933 1098 nostros,
958 1057 1047 1091 sactis
1062 1064 1092 1092 et
1105 1067 1136 1090 e-

396 1112 544 1154 manatis,
562 1122 658 1157 quam
676 1112 753 1145 alias
771 1111 947 1156 respective
969 1111 1135 1155 debentur,

396 1167 430 1201 in
454 1166 658 1211 possessione
683 1165 828 1210 pacifica,
848 1176 904 1199 seu
925 1166 1027 1209 quasi,
1051 1166 1137 1199 deci-

397 1230 466 1254 mas
492 1225 523 1254 et
547 1219 705 1264 primitias
729 1219 915 1252 huiusmodi
936 1219 1136 1263 percipiendi

398 1273 556 1315 existant,
586 1272 797 1306 nihilominus
830 1272 977 1305 nonnulli
1001 1272 1133 1316 praedi-

397 1332 536 1368 ctorum,
556 1337 612 1360 seu
630 1325 769 1359 aliorum
791 1325 1071 1367 monasteriorum,
1088 1326 1136 1359 vel

397 1380 568 1415 domorum
595 1386 625 1414 et
648 1380 794 1414 locorum
820 1380 1013 1425 superiores,
1038 1386 1068 1415 et
1088 1392 1137 1415 re-

397 1433 516 1478 ligiosi,
535 1434 583 1468 vel
604 1433 656 1467 alii
678 1444 884 1478 quocumque
901 1434 1033 1469 nomine
1053 1445 1136 1469 nun-

398 1488 527 1533 cupati,
554 1485 611 1522 seu
641 1498 753 1522 eorum
786 1488 884 1532 aliqui
915 1499 1027 1522 rursus
1061 1499 1137 1522 suae

398 1541 611 1587 exemptionis
630 1541 797 1587 privilegia
818 1547 848 1575 et
869 1541 1008 1583 indulta,
1032 1542 1077 1576 sic
1097 1543 1137 1577 ad

397 1596 481 1630 viam
502 1595 580 1630 iuris
599 1606 657 1640 per
675 1596 802 1630 easdem
821 1595 1036 1640 praeinsertas
1055 1597 1137 1632 litte-

398 1660 450 1684 ras
481 1649 634 1691 reducta,
663 1650 695 1683 in
727 1660 819 1683 usum
842 1660 1014 1691 revocare,
1039 1661 1137 1695 seque

397 1703 528 1738 illorum
554 1709 719 1748 praetextu
744 1714 761 1737 a
785 1704 947 1738 solutione
977 1709 1008 1737 et
1038 1715 1134 1748 prae-

398 1757 534 1791 statione
555 1757 755 1791 decimarum
782 1763 811 1791 et
838 1757 1054 1802 primitiarum
1080 1768 1138 1802 per

399 1820 452 1844 eos
477 1810 658 1844 debitarum
685 1810 875 1844 subtrahere
901 1816 932 1844 et
962 1821 1134 1852 excusare,

397 1874 434 1898 ac
450 1864 528 1898 alias
544 1864 728 1909 Philippum
746 1874 855 1907 regem
877 1870 908 1897 et
931 1864 1010 1898 alios
1027 1870 1137 1898 contra

398 1918 586 1952 earumdem
619 1918 803 1952 litterarum
840 1918 1072 1952 continentiam
1107 1924 1138 1952 et

396 1979 542 2007 tenorem
567 1972 759 2018 perturbare
785 1972 972 2013 moliantur,
996 1983 1032 2006 ac
1056 1983 1134 2017 per-

398 2026 549 2067 turbent3
578 2031 608 2059 et
632 2031 803 2070 propterea
837 2025 942 2059 dictus
971 2025 1138 2070 Philippus

357 2098 360 2101 ·
398 2090 453 2114 rex
470 2079 655 2113 nominibus
672 2078 845 2123 praedictis
863 2078 956 2113 nobis
972 2078 1139 2113 humiliter

397 2132 571 2179 supplicari
591 2132 712 2174 fecerit,
735 2138 769 2166 ut
789 2132 908 2166 eisdem
930 2132 1138 2176 praeinsertis

397 2187 523 2229 litteris,
550 2197 609 2232 pro
630 2187 756 2221 illarum
779 2186 914 2220 firmiori
935 2186 1139 2221 subsistentia

398 2248 429 2276 et
453 2240 699 2282 observatione,
733 2240 978 2285 approbationis
1010 2245 1137 2275 nostrae

397 2295 500 2330 robur
532 2294 695 2335 adiicere,
723 2304 760 2327 ac
785 2293 861 2327 alias
894 2294 925 2327 in
956 2294 1139 2338 praemissis

399 2353 581 2394 opportune
598 2347 778 2393 providere,
795 2347 835 2381 de
852 2347 1048 2391 benignitate
1066 2358 1140 2392 apo-

399 2402 511 2436 stolica
536 2401 767 2445 dignaremur,

444 2457 460 2499 ς
481 2455 511 2489 3.
540 2455 602 2489 Nos
628 2455 741 2498 igitur,
762 2464 821 2499 pro
846 2453 1015 2498 pastoralis
1040 2453 1137 2487 officii

399 2509 492 2544 nobis
514 2508 728 2542 incumbentis
753 2518 886 2542 munere
906 2518 943 2541 ac
969 2507 1138 2552 aequitatis

400 2569 430 2597 et
443 2562 583 2596 iustitiae
600 2561 719 2602 debito,
732 2561 870 2605 Philippi
889 2561 983 2603 regis,
999 2571 1035 2594 ac
1051 2571 1139 2604 prae-

399 2616 504 2650 sulum
521 2642 529 2657 ,
569 2615 805 2660 capitulorum,
844 2613 1134 2655 beneficiatorum,

400 2669 696 2704 administratorum
718 2673 748 2703 et
766 2677 1018 2703 oeconomorum
1039 2676 1134 2712 prae-

976 262 1158 288 BULLARIUM
1178 262 1332 290 ROMANUM

1169 310 1331 344 dictorum
1363 310 1566 344 indemnitati
1598 312 1767 346 consulere
1795 313 1904 347 volen-

1170 368 1234 404 tes,
1258 373 1316 397 nec
1340 373 1402 397 non
1429 363 1612 398 donationis
1633 370 1663 398 et
1682 365 1905 408 assignationis

1170 416 1369 450 decimarum
1396 422 1426 450 et
1450 417 1681 461 primitiarum,
1709 428 1745 451 ac
1769 425 1906 453 asserto-

1170 480 1240 502 rum
1254 469 1509 513 privilegiorum,
1525 469 1777 514 exemptionum,
1795 470 1907 505 immu-

1169 522 1316 563 nitatum,
1337 528 1367 556 et
1387 522 1585 556 indultorum
1606 522 1794 556 huiusmodi
1814 528 1906 558 teno-

1170 585 1220 609 res
1243 576 1467 620 praesentibus
1487 586 1546 621 pro
1568 575 1766 610 sufficienter
1785 587 1908 621 expres-

1169 628 1210 662 sis
1229 629 1393 671 habentes,
1411 629 1598 664 huiusmodi
1618 629 1907 674 supplicationibus

1170 682 1328 724 inclinati,
1356 683 1570 727 praeinsertas
1590 683 1712 717 litteras
1728 689 1759 717 et
1777 694 1836 728 per
1855 694 1908 719 eas

1169 746 1187 769 a
1212 735 1296 770 dicto
1315 736 1414 770 Paulo
1439 737 1687 780 praedecessore
1715 734 1813 771 saetas
1843 737 1908 781 pri-

1170 789 1372 833 vilegiorum,
1393 790 1644 834 exemptionum,
1668 789 1907 824 immunitatum

1170 848 1200 876 et
1230 842 1430 876 indultorum
1462 843 1648 877 huiusmodi
1684 843 1907 878 reductionem

1169 895 1209 929 ad
1235 895 1317 929 viam
1343 896 1420 930 iuris
1447 907 1483 930 ac
1507 896 1764 938 revocationem,
1791 896 1904 931 restri-

1170 948 1310 982 ctionem
1337 955 1367 983 et
1386 949 1612 984 limitationem
1627 977 1635 992 ,
1659 960 1732 984 cum
1757 948 1908 984 omnibus

1171 1007 1201 1036 et
1224 1002 1357 1046 singulis
1382 1003 1550 1045 clausulis,
1572 1003 1721 1045 cautelis,
1749 1003 1905 1045 decretis,

1170 1056 1265 1089 etiarn
1288 1056 1498 1098 irritantibus,
1522 1057 1796 1101 derogationibus,
1817 1062 1848 1091 et
1865 1057 1908 1091 fa-

1171 1109 1342 1144 cultatibus
1366 1110 1398 1143 in
1425 1110 1544 1144 eisdem
1570 1111 1777 1156 praeinsertis
1795 1111 1908 1145 litteris

1171 1164 1328 1198 contentis
1354 1170 1384 1198 et
1408 1165 1577 1209 appositis,
1602 1165 1778 1210 apostolica
1798 1168 1908 1199 aucto-

1171 1217 1275 1258 ritate,
1301 1224 1412 1251 tenore
1429 1218 1657 1262 praesentium,
1678 1223 1834 1263 perpetuo
1854 1229 1908 1263 ap-

1171 1271 1357 1314 probamus,
1386 1271 1638 1314 confirmamus,
1672 1278 1703 1306 et
1732 1272 1909 1316 praesentis

1171 1326 1278 1370 scripti
1303 1326 1485 1370 patrocinio
1511 1327 1767 1368 communimus,
1791 1337 1828 1361 ac
1846 1327 1909 1361 illis

1172 1386 1345 1425 perpetuae
1371 1387 1401 1414 et
1421 1381 1614 1415 inviolabilis
1631 1381 1790 1416 firmitatis
1810 1381 1910 1416 robur

1171 1434 1350 1476 adiicimus,
1374 1445 1550 1480 omnesque
1568 1440 1598 1469 et
1614 1435 1756 1478 singulos
1782 1440 1844 1469 tam
1865 1436 1910 1471 iu-

1171 1488 1214 1522 ris
1239 1498 1335 1533 quam
1363 1488 1436 1522 sacti
1465 1498 1501 1522 ac
1529 1489 1770 1523 solemnitatum
1802 1499 1907 1534 quan-

1174 1542 1287 1576 tumvis
1321 1541 1581 1576 substantialium
1612 1542 1777 1585 desectus,
1804 1543 1829 1577 si
1854 1543 1909 1589 qui

1172 1595 1403 1630 intervenerint
1433 1595 1465 1628 in
1498 1595 1641 1637 eisdem,
1680 1595 1803 1630 etiamsi
1834 1596 1910 1632 tales

1171 1649 1249 1690 sint,
1278 1649 1326 1682 vel
1350 1648 1488 1688 suerint,
1512 1649 1567 1693 qui
1592 1649 1650 1683 sub
1675 1649 1817 1692 generali
1837 1660 1906 1684 ser-

1173 1712 1267 1736 mone
1292 1712 1356 1735 non
1381 1702 1520 1743 veniant,
1543 1702 1598 1736 sed
1623 1702 1753 1747 speciali
1768 1705 1855 1753 ‚nota
1879 1708 1911 1738 et

1171 1756 1377 1801 expressione
1397 1756 1581 1799 indigeant,
1608 1757 1806 1801 supplemus.

1216 1812 1233 1852 g
1254 1809 1284 1843 4.
1308 1809 1465 1849 Quocirca
1485 1809 1610 1843 dilectis
1642 1809 1716 1844 filiis
1742 1815 1854 1845 nostro
1879 1816 1910 1846 et
1923 1822 2108 1876 desffiffitffutom

1172 1864 1262 1898 Sedis
1280 1864 1464 1908 praedictae
1481 1863 1513 1897 in
1531 1864 1594 1898 illis
1611 1864 1755 1908 partibus
1775 1865 1906 1908 nuncio,

1172 1929 1208 1952 ac
1228 1918 1382 1951 Toletano
1404 1922 1434 1952 et
1453 1917 1624 1952 Giennensi
1642 1917 1833 1952 officialibus
1851 1929 1910 1963 per

1172 1976 1356 2016 praesentes
1381 1971 1612 2005 committimus
1638 1976 1669 2004 et
1694 1971 1907 2014 mandamus,

1172 2030 1330 2069 quatenus
1349 2025 1421 2070 ipsi,
1443 2025 1489 2058 vel
1511 2025 1587 2066 duo,
1608 2030 1662 2059 aut
1681 2035 1764 2059 unus
1783 2035 1907 2067 eorum,

1173 2088 1228 2123 per
1244 2089 1289 2120 se,
1313 2078 1361 2112 vel
1382 2078 1493 2121 alium,
1513 2089 1569 2113 seu
1589 2078 1680 2120 alios,
1702 2083 1766 2112 tarn
1787 2079 1911 2124 praein-

1172 2137 1271 2165 sertas
1292 2141 1386 2176 quam
1408 2137 1593 2176 praesentes
1613 2131 1745 2173 litteras,
1765 2131 1844 2166 etin
1865 2132 1910 2167 eis

1173 2185 1292 2230 pariter
1327 2191 1478 2219 contenta
1513 2196 1736 2230 quaecumque
1751 2213 1758 2227 ‚
1791 2185 1846 2219 ubi
1879 2190 1911 2220 et

1172 2240 1302 2284 quando
1329 2250 1409 2284 opus
1434 2239 1541 2281 fuerit,
1565 2239 1693 2280 faciant,
1721 2239 1910 2274 auctoritate

1172 2292 1312 2334 nostra,¹
1333 2293 1373 2326 ad
1394 2303 1475 2337 quos
1494 2298 1660 2337 spectatet
1683 2302 1743 2337 pro
1766 2298 1910 2338 tempore

1172 2346 1351 2391 spectabit,
1379 2346 1606 2380 inviolabiliter
1637 2345 1817 2380 observari:
1845 2356 1910 2380 non

1173 2399 1394 2444 permittentes
1410 2399 1614 2444 Philippum,
1635 2404 1666 2434 et
1685 2409 1744 2444 pro
1765 2405 1910 2444 ternpore

1172 2452 1399 2497 Hispaniarum
1422 2463 1542 2495 regem,
1566 2463 1603 2486 ac
1622 2453 1796 2497 praesules,
1825 2452 1910 2497 capi-

1173 2506 1248 2546 tula,
1269 2511 1422 2547 rectores,
1452 2505 1671 2547 beneficiatos,
1699 2505 1906 2540 administra-

1174 2564 1256 2593 tores
1285 2564 1316 2592 et
1343 2569 1538 2592 oeconomos
1561 2558 1764 2603 praedictos,
1785 2559 1833 2592 vel
1854 2569 1909 2593 eo-

1173 2622 1244 2645 rum
1271 2612 1473 2657 quempiam,
1501 2612 1639 2656 desuper
1663 2612 1910 2656 quomodolibet

1208 2674 1272 2702 lleic
1288 2675 1386 2702 desunt
1401 2674 1484 2702 verba
1498 2673 1534 2701 ab
1549 2674 1596 2710 iis,
1611 2675 1647 2709 (n.
1665 2674 1713 2709 Τ.).

1917 266 1970 294 An.
1989 266 2017 294 C.
2035 266 2101 298 ¹609
