2227 3241
291 307 339 332 An.
360 304 386 332 C.
409 305 475 332 1606

340 1602 480 1628 Extenditque

295 1633 316 1652 et
340 1632 478 1650 communicat

294 1657 405 1683 privilegia
429 1656 480 1676 alio·

295 1689 340 1704 rum
378 1688 480 1709 quorum-

295 1715 384 1737 cumque
420 1709 480 1729 Onti-

296 1742 369 1757 noruiu
381 1736 469 1755 monasti

295 1769 375 1784 corum.

524 294 586 328 :326

493 353 604 397 quavis
624 351 793 385 occasione
811 351 858 384 vel
888 351 982 384 causa
1004 349 1085 389 latis,
1109 350 1133 383 si
1154 351 1227 393 qui-

494 406 551 439 bus
576 404 820 449 quomodolibet
850 404 1020 438 innodatus
1046 403 1164 444 existit,
1192 403 1230 436 ad

493 458 640 492 ell'ectum
671 457 888 502 praesentium
919 457 1083 491 dumtaxat
1113 466 1231 490 conse—

493 512 681 556 quendum,
713 512 825 545 barum
860 511 942 545 serie
977 511 1177 545 absolventes
1202 516 1228 543 et

493 565 674 598 absolutum
701 565 766 599 sore
787 570 964 604 censentes,
982 564 1122 597 eiusdem
1144 563 1232 596 loan-

492 618 541 651 nis
561 618 669 651 vicarii
691 618 849 661 generalis
866 617 1155 662 supplicationibus
1172 617 1231 649 liu-

492 671 631 705 iusmodi
663 671 694 704 in
731 671 791 705 bac
822 677 914 715 parte
938 670 1033 704 etiam
1064 669 1228 709 inclinati,

492 724 569 759 Sixti
591 731 621 759 et
645 724 816 759 Clementis
836 724 1121 769 praedecessorum
1146 723 1230 757 litte-

493 789 544 812 ras
568 778 752 812 huiusmodi
774 778 877 812 eidem
902 776 1148 820 Congregationi
1172 776 1232 810 Fu-

492 831 595 873 liensi,
616 841 652 865 ac
672 831 757 865 illius
782 830 994 871 monasteriis,
1021 829 1229 875 prioratibus,

492 885 641 918 oratoriis
666 890 696 918 et
720 884 814 925 locis,
842 894 968 918 necnon
994 893 1105 917 eorum
1131 892 1229 926 supc-

493 938 643 979 rioribus,
672 938 854 979 abbatibus,
883 936 1059 977 monacbis,
1084 935 1230 969 moniali-

492 991 552 1026 bus
569 998 599 1026 ct
615 991 784 1034 religiosis,
802 991 832 1024 in
852 1000 969 1033 genere
989 990 1037 1024 vel
1060 990 1090 1022 in
1111 989 1228 1033 specie,

491 1045 550 1078 sub
568 1054 773 1089 quacumque
795 1044 966 1077 verborum
985 1044 1087 1077 forma
1105 1052 1233 1076 conces-

491 1109 551 1140 sas,
578 1109 614 1132 ac
635 1098 744 1131 omnia
764 1103 796 1131 et
815 1097 940 1141 singula
961 1097 992 1129 in
1014 1096 1058 1128 eis
1082 1100 1232 1129 contenta

491 1152 664 1196 (quatenus
674 1151 738 1184 sint
756 1151 787 1183 in
801 1161 872 1192 usu,
887 1156 918 1184 et
931 1150 1006 1183 dicti
1021 1148 1152 1183 Concilii
1166 1148 1232 1181 Tri-

491 1204 613 1239 dentini
628 1204 764 1238 decretis
777 1214 814 1237 ac
831 1204 900 1237 aliis
914 1202 1077 1237 canonicis
1094 1201 1229 1235 sanctio-

491 1259 585 1292 nibus
609 1261 673 1292 non
700 1258 961 1298 contrarientnr,
993 1267 1052 1290 nec
1079 1256 1138 1289 sub
1159 1255 1233 1288 ullis

491 1311 748 1345 revocationibus
762 1310 946 1355 apostolicis
958 1309 1234 1354 comprehendan-

491 1365 555 1408 tur)
571 1364 747 1409 apostolica
772 1363 976 1405 auctoritate,
1004 1369 1117 1397 tenore
1138 1373 1232 1406 prae-

490 1418 645 1459 sentium,
673 1423 830 1462 perpetuo
856 1417 1075 1462 approbamus
1099 1422 1130 1450 et
1150 1426 1229 1449 con-

493 1471 682 1511 firmamus,
714 1480 751 1504 ac
780 1471 834 1504 illa
865 1475 1040 1514 perpetuae
1072 1468 1233 1503 firmitatis

494 1525 594 1558 robur
618 1525 764 1559 obtinere
791 1524 909 1558 debere
934 1523 1148 1557 decernimus.

540 1580 556 1621 ξ
574 1578 604 1611 5.
623 1579 660 1612 Et.
674 1579 804 1621 insuper
818 1579 866 1621 (ut
881 1576 1030 1611 monachi
1045 1582 1075 1610 et
1092 1575 1232 1619 religiosi

495 1631 759 1675 Congregationis
784 1631 968 1664 huiusmodi
995 1636 1082 1664 tanto
1104 1630 1230 1663 serven-

496 1686 557 1719 tius
574 1685 688 1719 divinis
708 1684 916 1728 beneplacitis
936 1684 1092 1724 insistant,
1113 1689 1233 1726 quanto

495 1738 670 1772 maioribus
689 1748 722 1771 se
735 1737 873 1771 viderint
889 1737 1107 1781 spiritualibus
1125 1736 1234 1778 gratiis

494 1792 563 1825 sore
577 1791 731 1834 munitos)
745 1791 854 1824 omnia
871 1797 898 1824 et
915 1790 1039 1833 singula
1057 1789 1233 1834 privilegia,

493 1838 744 1890 praerogativas,
767 1844 1000 1884 concessiones,
1025 1844 1159 1884 favores,
1183 1843 1231 1875 sa-

494 1899 626 1933 cultates
642 1926 648 1940 ,
673 1899 906 1932 declarationes
921 1926 928 1939 ,
956 1896 1211 1931 conservatorias
1224 1923 1231 1937 ,

493 1952 713 1986 immunitates
727 1979 735 1994 ,
769 1952 989 1996 exemptiones
1004 1978 1011 1992 ‚
1046 1951 1208 1984 libertates
1224 1976 1231 1990 ,

494 2012 700 2051 caeterasque
719 2005 847 2049 gratias,
864 2005 1135 2050 praeeminentias
1148 2009 1179 2038 et
1192 2004 1235 2036 in-

494 2060 584 2094 dulta
610 2059 747 2093 cuiusvis
771 2059 897 2102 generis
918 2057 1097 2100 existentia,
1120 2063 1151 2092 et
1171 2057 1235 2101 spi-

495 2113 622 2147 ritualia
639 2119 667 2147 et
690 2113 892 2157 temporalia,
913 2112 1161 2156 qualiacumque
1183 2111 1234 2144 illa

495 2167 577 2209 sint,
596 2177 678 2211 quae
697 2172 760 2199 tam
782 2166 885 2199 eidem
904 2165 1100 2199 Cisterciensi
1124 2164 1234 2198 Ordini

496 2232 533 2254 ac
546 2221 653 2254 abbati
672 2220 856 2254 monasterii
878 2220 1017 2253 Cistercii
1043 2230 1078 2252 ac
1092 2218 1234 2252 ciusdem

496 2273 711 2308 Cisterciensis
732 2272 877 2307 Ordinis¹
906 2273 1045 2316 capitulo
1072 2272 1166 2305 etiam
1188 2282 1237 2313 ge-

496 2328 596 2361 nerali
624 2338 660 2361 ac
687 2327 850 2371 quibusvis
877 2325 1144 2360 monasteriorum
1176 2325 1232 2357 ab·

496 2381 635 2423 batibus,
659 2380 754 2414 etiam
770 2386 909 2424 quatuor
930 2379 1054 2423 primis,
1077 2378 1236 2419 videlicet,

496 2435 535 2467 de
564 2434 739 2475 Firmitate,
772 2433 977 2473 Pontiniaco,
1009 2432 1182 2466 Claravalle
1207 2437 1236 2464 ct

495 2487 710 2528 Morimundo,
734 2497 830 2530 quam
852 2486 946 2519 ctiam
973 2486 1044 2518 aliis
1064 2484 1238 2527 ltcligIOni-

496 2541 556 2574 hus
585 2540 770 2574 monasticis
796 2549 973 2583 corumque
1001 2538 1238 2583 professoribus

497 2604 534 2627 ac
558 2594 726 2638 utriusque
751 2604 843 2627 sexus
868 2603 980 2626 corum
1016 2591 1234 2632 monasteriis,

498 2647 649 2688 ecclesiis,
670 2657 795 2681 necnon
813 2646 937 2680 dilectis
957 2646 1030 2678 liliis
1048 2645 1236 2679 earumdem

537 2711 546 2736 l
565 2709 701 2737 Coniunct.
720 2713 744 2737 ct
762 2709 803 2736 tit-n
820 2709 985 2737 interiectam
998 2708 1119 2736 delemus
1133 2710 1167 2741 (ιι,
1190 2708 1236 2743 T.).

1062 302 1244 327 nttLtiAtttUM
1269 301 1421 326 ncttANttM

1264 350 1465 392 Religionum
1492 347 1712 390 generalibus,
1742 345 1999 391 praesidentibus

1264 409 1295 436 ct
1326 391 1489 446 quffbusvis
1520 401 1764 445 superioribus,
1795 399 1946 444 praetatis
1969 405 2001 434 et

1264 456 1423 500 capitulis,
1438 455 1533 489 etiam
1549 454 1754 498 generalibus
1774 459 1805 487 et
1821 453 2002 497 provincia-

1265 509 1359 548 libus,
1382 518 1436 541 seu
1459 507 1669 548 intermediis,
1691 515 1869 551 eorumque
1889 505 2002 540 defini-

1266 562 1400 603 toribus,
1424 562 1604 603 abbatibus,
1625 561 1798 606 prioribus,
1821 557 1999 601 abbatissis,

1266 615 1442 657 monacffis,
1459 615 1664 654 monialibus,
1681 613 1819 656 novitiis,
1836 611 1999 653 fratribus,

1265 669 1436 710 conversis,
1460 668 1602 709 donatis,
1630 678 1667 701 ac
1694 665 1858 711 quibusvis
1889 675 2003 700 eorum

1265 729 1296 756 et
1307 733 1418 757 earum
1432 714 1600 766 utriusque
1614 731 1705 755 sexus
1716 719 1919 764 regularibus
1931 728 2004 764 per-

1265 776 1362 816 sonis,
1383 781 1447 809 tam
1468 775 1500 808 in
1521 775 1605 808 dicta
1624 774 1717 816 urbe,
1737 783 1833 818 quam
1854 772 1950 807 etiam
1971 771 2004 805 in

1266 829 1525 873 quibuscumque
1543 827 1655 862 mundi
1671 827 1816 872 partibus
1833 825 2006 861 consisten-

1267 882 1361 923 tibus,
1383 888 1414 916 et
1434 883 1563 916 illorum
1585 881 1714 922 intuitu,
1735 885 1789 914 aut
1816 879 1894 914 alias
1917 887 2006 924 quo·
2037 913 2042 919 ,

1268 935 1465 975 modolibet,
1502 945 1560 978 per
1592 942 1813 978 quoscumque
1844 932 2006 966 Romanos

1267 987 1437 1022 Pontifices
1449 988 1714 1032 praedecessores
1727 991 1864 1028 nostros,
1879 995 1934 1019 seu
1948 994 2007 1030 per

1267 1051 1323 1075 nos
1342 1047 1371 1075 et
1391 1051 1594 1076 successores
1618 1046 1755 1082 nostros,
1778 1045 1835 1074 aut
1853 1038 1934 1073 alios
1950 1048 2007 1072 au-

1266 1094 1446 1128 ctoritatem
1461 1095 1626 1136 babentes,
1639 1104 1791 1128 concessa
1804 1097 1879 1127 sunt
1892 1098 1923 1126 et
1934 1101 2008 1126 con-

1266 1148 1431 1190 cedentur,
1452 1149 1569 1192 quibus
1598 1149 1637 1182 de
1667 1148 1754 1189 iure,
1774 1157 1851 1189 usu,
1871 1156 2008 1181 consue-

1268 1201 1396 1243 tudine,
1420 1202 1467 1235 vel
1499 1201 1688 1247 privilegio,
1718 1211 1774 1234 seu
1799 1199 2008 1234 concessione

1266 1255 1455 1298 apostolica,
1471 1255 1520 1288 vel
1538 1254 1710 1299 imperiali,
1730 1252 2008 1298 archiepiscopali,

1267 1308 1464 1352 episcopali,
1489 1308 1521 1341 in
1542 1318 1660 1351 genere
1679 1308 1729 1340 vel
1755 1307 1787 1340 in
1811 1306 1940 1351 specie,
1970 1316 2009 1340 ac

1267 1368 1330 1395 tam
1352 1362 1549 1395 coniunctim
1575 1372 1671 1406 quam
1692 1361 1831 1403 divisim,
1855 1366 1911 1395 aut
1929 1359 2008 1394 anas

1267 1415 1511 1460 quomodolibet
1528 1420 1677 1456 utuntur,
1698 1415 1861 1456 fruuntur,
1883 1413 2010 1458 potiun-

1268 1476 1319 1503 tur
1339 1475 1371 1503 et
1399 1470 1561 1512 gaudent,
1596 1469 1712 1510 acuti,
1742 1469 1824 1510 frui,
1855 1467 1952 1513 potiri
1977 1472 2010 1501 et

1267 1523 1407 1566 gaudere
1427 1529 1561 1567 possunt
1577 1523 1623 1555 vel
1645 1527 1798 1566 poterunt
1815 1521 1845 1554 in
1864 1521 2007 1555 futurum

1267 1576 1443 1620 (quorum¹
1465 1587 1691 1610 concessorum
1713 1581 1841 1610 tenores
1860 1583 2009 1619 praesen-

1269 1630 1353 1663 tibus
1377 1640 1435 1674 pro
1460 1629 1617 1674 expressis
1649 1629 1824 1669 babentes,
1851 1638 1888 1662 ac
1917 1627 1943 1662 si
1967 1627 2009 1662 de

1268 1683 1364 1716 verbo
1389 1683 1428 1716 ad
1455 1683 1586 1716 verbum
1614 1682 1855 1722 insererentur,
1882 1679 2009 1716 etiamsi

1269 1736 1341 1769 talia
1367 1736 1440 1777 sint,
1463 1747 1546 1780 quae
1566 1736 1737 1780 specialem
1759 1741 1790 1769 et
1810 1734 2008 1769 individuam

1269 1789 1472 1834 requirerent
1496 1789 1706 1830 mentionem,
1738 1795 1769 1822 et
1792 1799 1848 1822 seu
1868 1787 2010 1832 particu-

1268 1843 1366 1876 larem
1390 1842 1613 1886 insertionem)
1630 1843 1670 1876 ad
1691 1842 1809 1876 dictam
1829 1842 2009 1885 Congrega-

1270 1896 1388 1930 tionem
1415 1896 1593 1930 Fuliensem
1629 1907 1665 1929 ac
1688 1895 1814 1938 singula
1838 1894 1926 1928 illius
1943 1899 2007 1927 tam

1268 1949 1409 1984 virorum
1431 1960 1527 1994 quam
1558 1949 1730 1983 mulierum
1758 1947 1952 1982 monasteria
1975 1947 2010 1981 it-

1269 2004 1439 2047 lorumque
1463 2002 1657 2047 superiores,
1684 2002 1846 2046 praelatos
1862 2006 1893 2035 et
1911 2010 2009 2046 quas-

1269 2067 1407 2100 cumque
1429 2056 1595 2100 utriusque
1624 2066 1715 2089 sexus
1742 2055 1906 2098 regulares
1929 2063 2010 2099 per-

1269 2120 1377 2151 sonas,
1405 2109 1595 2144 auctoritate
1620 2115 1650 2143 et
1678 2115 1788 2143 tenore
1814 2107 2006 2152 praedictis,

1270 2165 1365 2198 etiam
1391 2169 1547 2208 perpetuo
1573 2163 1792 2203 extendimus,
1816 2162 1935 2206 illaque
1965 2161 2010 2195 eis

1270 2218 1559 2258 communicamus,
1580 2223 1610 2250 et
1630 2217 1668 2250 de
1695 2225 1777 2249 novo
1803 2215 2010 2249 concedimus

1271 2283 1306 2304 ac
1332 2271 1499 2314 suflragari
1525 2271 1683 2303 volumus.
1712 2270 1756 2303 lta
1788 2274 1894 2303 tamen
1923 2268 2010 2312 quod

1271 2326 1354 2358 dit-ta
1379 2324 1591 2367 Congregatio
1611 2323 1777 2366 Fuliensis,
1802 2322 1950 2366 illiusque
1973 2332 2010 2355 tt-

1272 2378 1415 2422 triusque
1447 2387 1539 2410 sexus
1574 2376 1792 2417 monasteria,
1824 2375 2007 2419 prioratus,

1271 2431 1423 2474 grangiae
1439 2458 1446 2472 ,
1475 2431 1589 2464 domus
1604 2457 1611 2471 ,
1643 2429 1818 2470 ecclesiae,
1845 2422 1986 2462 &aleria
2000 2455 2007 2469 ,

1272 2485 1418 2528 collegia,
1447 2484 1501 2528 pia
1524 2490 1555 2518 ct
1579 2483 1767 2517 charitativa
1791 2483 1879 2523 loca,
1906 2492 1957 2516 res
1980 2487 2011 2516 et

1272 2539 1379 2579 bona,
1411 2543 1662 2581 sanctorumque
1696 2536 1900 2577 festivitates,
1927 2545 2008 2569 con-

1272 2597 1383 2625 ventus
1409 2597 1439 2624 ct
1459 2590 1608 2634 capitula,
1629 2589 1723 2622 etiam
1750 2588 1922 2631 generalia,
1943 2597 2011 2632 pat·-

1309 2663 1318 2689 l
1338 2662 1386 2690 Vel
1404 2662 1445 2689 bic.
1462 2662 1520 2698 lege
1534 2662 1635 2689 horum
1655 2660 1692 2688 vel
1711 2659 1789 2696 paulo
1805 2658 2011 2696 posthabemus

1273 2715 1309 2740 tu.
1331 2708 1380 2742 T.).
