2227 3241
60 252 112 284 An.
123 254 152 283 C.
174 253 242 281 1607

915 250 1031 275 PAULUS
1050 251 1071 275 V
1091 251 1137 275 PP-

261 300 339 334 tium
361 300 401 334 ad
429 299 585 333 iudicium
606 309 671 333 non
699 299 880 342 trahatur),
904 309 1000 343 quam
1035 298 1108 331 liter
1133 304 1164 332 et
1184 308 1331 342 expresse
1351 298 1563 340 derogamus:
1590 308 1648 331 seu
1670 297 1697 331 si
1717 297 1778 331 ali-

260 353 331 387 aliis
366 354 625 397 quibuscumque
656 352 939 386 constitutionibus
973 358 1003 384 et

260 406 519 440 ordinationibus
544 406 738 451 apostolicis,
769 411 832 439 tam
854 407 892 439 de
918 405 1003 439 iudi-

260 459 352 493 cibus
366 460 520 502 delegatis
538 466 568 493 et
586 454 877 499 conservatoribus,
894 458 1003 502 quam¹

259 512 407 555 personis
423 513 508 545 ultra
528 517 651 545 certum
671 522 842 544 numerum
864 511 903 544 ad
922 511 1004 544 iudi-

260 565 344 599 cium
378 576 443 599 non
476 566 648 606 vocandis,
682 576 809 598 necnon
839 565 1004 609 quibusvis

259 618 434 663 privilegiis
451 625 482 653 et
501 619 632 653 indultis
652 619 848 663 apostolicis,
872 618 1004 662 quibus-

261 672 306 706 vis
325 673 544 707 saecularibus
564 673 612 707 vel
640 673 842 715 regularibus
868 672 1000 713 militiis,

260 727 558 768 communitatibus,
582 727 855 766 universitatibus,
880 726 1003 771 capitu-

260 780 309 821 lis,
337 780 460 822 castris,
483 780 576 822 villis,
600 780 706 821 terris,
723 786 754 814 et
767 780 932 825 quibusvis
953 790 1003 813 ca-

261 835 459 869 thedralibus
480 841 510 869 et
531 835 804 879 metropolitanis,
824 836 873 868 vel
899 835 1000 869 colle-

260 889 364 932 giatis,
389 894 444 923 aut
469 889 538 923 aliis
559 889 712 930 ecelesiis,
741 889 899 933 capitulis,
929 899 1003 922 con-

261 943 416 985 ventibus,
433 943 647 984 monasteriis,
664 943 877 988 hospitalibus
889 947 921 976 et
934 943 1004 976 aliis

251 996 321 1040 'piis
340 996 430 1037 locis,
455 996 550 1030 etiam
573 1002 662 1030 motu
683 1003 713 1030 et
733 996 866 1030 scientia
891 996 1004 1029 simili-

259 1049 330 1091 bus,
355 1051 514 1085 concessis
524 1050 546 1093 ²,
567 1051 650 1085 etde
675 1062 739 1084 non
763 1051 926 1084 trahendis
951 1061 1004 1084 eo-

260 1115 332 1138 rum
357 1105 494 1139 subditis
514 1105 562 1138 vel
588 1105 735 1149 personis
763 1105 926 1149 (ipsarum
953 1115 1004 1138 ec-

261 1158 444 1199 clesiarum,
464 1158 626 1192 civitatum
641 1186 648 1198 ‚
672 1159 929 1199 universitatum,
954 1169 1004 1191 ca-

260 1217 414 1253 strorum,
434 1212 582 1246 villarum
602 1217 633 1245 et
650 1212 797 1246 locorum
817 1211 1004 1255 respective)

261 1271 350 1299 extra
370 1276 440 1306 eas,
464 1272 518 1299 aut
538 1276 647 1299 coram
680 1265 741 1299 illis
752 1266 762 1279 ³³
791 1265 950 1299 iudicibus
976 1270 1006 1297 et

260 1319 417 1363 personis,
447 1311 565 1363 ([’ῑιαιῖιί
593 1319 689 1352 etiam
711 1319 820 1362 vigore
845 1330 1002 1363 quarum-

262 1385 401 1419 cumque
432 1375 613 1408 litterarum
646 1374 923 1418 apostolicarum,
952 1379 1003 1406 aut

261 1428 339 1461 alias
353 1428 517 1472 quibusvis
536 1428 651 1469 modis,
673 1434 703 1462 et
723 1428 1004 1472 qualitercumque

261 1491 297 1515 ac
322 1481 487 1525 quibusvis
507 1482 680 1515 verborum
706 1481 818 1514 formis
836 1487 867 1514 et
888 1482 1006 1514 tenori-

261 1535 337 1575 bus;
358 1535 397 1568 de
415 1535 551 1580 quibus⁵
568 1535 663 1569 etiam
686 1535 781 1579 plena
798 1540 829 1568 et
847 1545 1004 1578 expressa,

260 1589 424 1633 specialis,
446 1589 597 1633 specifica
622 1594 654 1623 et
685 1589 870 1629 individua,
899 1599 936 1622 ac
967 1589 1006 1622 de

261 1643 358 1676 verbo
379 1643 419 1676 ad
439 1643 584 1683 verbum,
614 1653 678 1676 nou
705 1649 812 1676 autem
841 1653 899 1687 per
919 1642 1002 1676 clau·

260 1696 345 1730 sulas
371 1697 539 1739 generales
556 1697 641 1731 idem
663 1697 887 1741 importantes,
916 1706 1006 1729 men-

262 1749 305 1783 tio
325 1761 381 1784 seu
412 1750 542 1794 quaevis
571 1751 633 1784 alia
660 1750 822 1794 expressio
858 1750 1006 1782 habenda

262 1804 366 1845 foret,
400 1811 527 1838 tenores
558 1804 745 1838 huiusmodi
782 1803 1005 1848 praesentibus

260 1868 320 1902 pro
349 1859 544 1893 sufficienter
564 1858 720 1903 expressis
744 1858 917 1897 habentes,
942 1857 1005 1890 illis

261 1912 338 1946 alias
363 1913 394 1946 in
415 1923 473 1947 suo
494 1913 612 1947 robore
631 1912 863 1956 permansuris,
883 1911 1005 1956 specia-

298 2048 309 2073 t
331 2047 456 2074 Scilicet:
478 2054 567 2081 quam
587 2047 621 2073 de
639 2047 781 2080 personis
795 2049 846 2072 etc.
863 2047 901 2081 (n.
918 2047 967 2079 Τ.).

237 2121 246 2130 ⁶
296 2092 312 2118 2
332 2092 410 2118 Ilanc
429 2099 522 2118 vocem
538 2087 862 2123 concessts‘addidimus,
879 2091 943 2126 quia
959 2099 1005 2117 ne-

261 2136 380 2163 cessaria
398 2135 553 2170 videbatur,
570 2144 620 2163 nec
640 2139 736 2170 postea
751 2136 870 2171 amplius
886 2136 1006 2162 occurrit

262 2181 302 2215 (n.
317 2179 364 2214 Τ.),

296 2224 312 2251 3
334 2224 401 2251 Puto
421 2225 494 2259 quod
514 2225 606 2252 forsan
621 2225 769 2259 legendum
785 2224 855 2251 soret
869 2224 938 2252 aliis
955 2232 1005 2259 pro

261 2269 323 2297 illis
339 2277 378 2301 tu.
392 2271 442 2304 τ.).

295 2315 312 2341 4
332 2315 388 2341 Hac
398 2315 532 2350 particula
548 2322 637 2349 quam
646 2314 786 2340 videretur
797 2314 851 2340 huc
862 2314 960 2340 furtive
971 2316 1004 2340 ir-

261 2360 380 2394 repsisse
391 2363 417 2386 et
427 2363 523 2386 contra
533 2363 674 2385 contextus
686 2359 830 2391 rati0ne1n;
842 2367 905 2384 nam
915 2367 1004 2386 sermo

262 2408 302 2431 cst
317 2404 350 2431 de
365 2412 423 2430 non
439 2403 589 2431 trahendis
604 2403 759 2430 subditis...
776 2405 859 2430 eastra
875 2410 927 2430 sua
944 2404 1003 2429 loca

262 2451 288 2476 el
303 2450 341 2476 ad
355 2449 428 2476 alios
442 2449 562 2483 iudices,
579 2449 666 2475 etiam
684 2448 789 2483 viam-e,
805 2451 856 2474 etc.
874 2451 912 2481 (n.
927 2448 975 2480 r).

297 2495 313 2521 5
333 2494 494 2521 Orationem
513 2494 558 2519 hie
577 2502 636 2519 esse
661 2493 821 2519 defectivam
855 2492 1003 2527 uuusquis-

263 2546 317 2572 que
336 2538 474 2571 intelligit.
490 2538 638 2564 videretur
659 2546 689 2563 ex
715 2544 792 2563 more
817 2537 896 2563 solito
912 2538 1004 2570 legen-

263 2582 330 2609 dum
350 2590 425 2609 esse:
448 2583 569 2617 quibus,
590 2583 707 2610 etiamsi
727 2582 761 2608 de
780 2582 852 2616 ipsis
869 2582 957 2616 plena
978 2584 1004 2609 el

264 2633 429 2661 expressa...
447 2628 591 2655 mentio...
607 2628 740 2655 habenda
760 2628 866 2661 soret...
884 2627 1001 2661 cleroqu-

265 2679 328 2699 mus
342 2672 382 2706 (n.
400 2672 449 2706 τ.).

1037 352 1166 395 quibus,
1191 352 1408 385 communiter
1429 357 1483 384 aut
1508 351 1646 391 divisim,
1670 351 1710 384 ab
1730 353 1783 384 ea-

1038 406 1109 438 dem
1137 406 1177 438 sit
1207 406 1288 439 Sede
1313 406 1486 445 indultum,
1507 405 1594 449 quod
1621 404 1780 445 interdici,

1038 459 1190 503 suspendi
1208 460 1257 492 vel
1278 459 1550 492 excommunicari
1571 468 1635 491 non
1661 457 1784 502 possint

1038 523 1096 556 per
1113 513 1234 546 litteras
1248 513 1440 556 apostolicas
1460 523 1524 546 non
1546 512 1696 545 facientes
1717 512 1784 555 ple-

1039 576 1112 598 nam
1127 573 1157 599 et
1170 577 1350 610 expressam
1367 578 1402 599 ac
1416 567 1455 600 de
1474 567 1571 599 verbo
1590 566 1629 599 ad
1647 565 1781 599 verbum

1039 621 1078 653 de
1100 620 1224 653 indulto
1246 619 1431 653 huiusmodi
1452 620 1662 661 mentionem,
1679 625 1784 653 caete-

1038 674 1146 718 risque
1163 674 1332 707 contrariis
1352 674 1623 718 quibuscumque.

1083 729 1099 770 g
1117 727 1148 760 3.
1172 727 1342 762 Caeterum
1361 728 1509 761 volumus
1527 734 1558 761 et
1575 728 1660 761 dicta
1677 733 1784 761 aucto-

1039 782 1133 815 ritate
1151 782 1365 822 decernimus,
1383 782 1469 826 quod
1484 782 1671 815 earumdem
1693 791 1784 825 prae-

1038 835 1176 868 sentium
1193 834 1637 879 transumptis,etiam¹manu
1647 834 1783 868 alicuius

1038 890 1154 923 notarii
1175 889 1362 934 subscriptis
1383 895 1413 923 et
1433 889 1538 932 sigillo
1559 889 1694 922 alicuius
1715 899 1785 933 per-

1038 954 1135 977 sonae
1157 944 1188 977 in
1210 944 1365 986 dignitate
1383 943 1601 977 ecclesiastica
1622 943 1781 977 constitu-

1040 1004 1088 1032 tae
1116 1004 1171 1031 aut
1196 1009 1293 1031 manu
1315 997 1491 1041 praepositi
1513 998 1672 1039 generalis
1690 1004 1721 1030 et
1741 997 1784 1030 si-

1039 1052 1115 1095 gillo
1141 1052 1285 1086 eiusdem
1308 1051 1572 1105 Congregafionis
1592 1051 1785 1085 Somaschae

1040 1106 1183 1147 munitis,
1205 1107 1317 1140 eadem
1336 1116 1470 1150 prorsus
1491 1105 1570 1139 fides
1590 1105 1786 1139 adhibeatur

1040 1160 1072 1193 in
1090 1160 1209 1194 iudicio
1228 1166 1258 1194 ct
1278 1160 1365 1201 alibi,
1394 1160 1449 1193 ubi
1470 1170 1551 1204 opus
1571 1159 1678 1201 suerit,
1701 1169 1785 1203 quae

1041 1214 1249 1247 adhiberetur
1270 1214 1391 1247 eisdem
1417 1213 1658 1258 praesentibus,
1686 1212 1711 1246 si
1740 1213 1785 1246 fo-

1042 1273 1112 1301 rent
1130 1268 1290 1301 exhibitae
1308 1268 1356 1301 vel
1377 1274 1536 1301 ostensae.

1084 1322 1198 1356 Datum
1220 1322 1341 1355 Romae
1362 1321 1447 1365 apud
1467 1325 1613 1355 sanctum
1639 1321 1781 1361 Petrum,

1041 1375 1099 1408 sub
1125 1376 1245 1409 annulo
1269 1375 1440 1408 Piscatoris
1470 1374 1521 1408 die
1548 1385 1580 1408 1x
1599 1373 1785 1408 novembris

1041 1438 1162 1470 mocvu,
1190 1428 1399 1472 pontificatus
1419 1428 1521 1461 nostri
1539 1438 1624 1461 anno
1642 1437 1689 1462 111.

1077 1490 1134 1518 Dat.
1158 1490 1201 1518 die
1221 1492 1238 1518 9
1259 1489 1414 1518 novembris
1438 1489 1515 1523 1607,
1529 1489 1625 1526 pontif.
1643 1496 1713 1516 anuo
1730 1495 1766 1516 111.

1328 1678 1495 1712 LXXXIX.

1039 1803 1224 1847 Amplialio
1249 1803 1490 1837 iurisdictionis
1514 1803 1546 1838 S.
1574 1803 1612 1837 R.
1641 1803 1678 1837 E.
1706 1813 1780 1836 car-

1084 1857 1252 1890 dinalium
1274 1857 1539 1901 Conqreqationis
1558 1857 1632 1890 boni
1651 1857 1785 1901 reqimi-

1083 1911 1136 1944 nis
1150 1911 1425 1944 communitatum
1439 1911 1552 1944 Status
1565 1910 1786 1945 Ecclesiastici

1084 1965 1184 1997 ctiam
1209 1964 1350 1998 mediate
1369 1964 1401 1998 S.
1422 1965 1460 1998 R.
1486 1964 1523 1998 E.
1551 1964 1781 2005 subiectarmn,

1083 2018 1191 2062 quoad
1215 2019 1433 2062 coqnitioncm
1453 2028 1630 2052 causarum
1656 2017 1784 2051 easdem

1085 2073 1303 2116 tanqcmz'um,
1324 2083 1390 2106 non
1408 2077 1517 2106 tamen
1537 2072 1646 2117 quoad
1663 2082 1784 2116 poenas

1083 2125 1321 2168 maleficiorum
1333 2125 1354 2159 ².

1276 2216 1388 2244 Paulus
1409 2213 1488 2251 Papa
1507 2217 1546 2249 V,

1187 2271 1222 2296 ad
1243 2269 1375 2297 futuram
1395 2272 1440 2298 rei
1460 2270 1638 2297 memoriam.

1083 2341 1098 2384 ξ
1116 2341 1145 2374 sl.
1167 2340 1339 2385 Cupientes
1357 2342 1631 2381 constitutionem,
1649 2352 1666 2374 a
1681 2341 1781 2375 felicis

1039 2395 1273 2429 recordationis
1293 2396 1456 2429 Clemente
1483 2397 1568 2439 Papa
1588 2396 1663 2436 Vlll,
1687 2405 1780 2439 prae-

1039 2449 1207 2483 decessore
1232 2456 1361 2491 nostro,
1381 2460 1477 2494 super
1507 2450 1592 2483 bono
1624 2449 1780 2492 regimine

1076 2538 1084 2564 1
1110 2537 1210 2564 Forsan
1227 2537 1269 2566 hte
1285 2539 1360 2565 deest
1379 2546 1427 2565 vox
1442 2538 1592 2573 ¹impressis
1609 2539 1646 2572 (n.
1660 2539 1707 2567 Τ.).

1073 2582 1089 2608 2
1101 2581 1182 2608 istam
1195 2582 1441 2617 Congregationem
1452 2582 1570 2609 instituit
1582 2582 1710 2609 Clemens
1721 2581 1779 2609 Vlll

1038 2627 1065 2652 in
1076 2624 1169 2653 Const.
1183 2635 1244 2653 xxix
1256 2627 1314 2655 Pro
1330 2627 1494 2659 commis-sm
1510 2627 1538 2653 iu
1548 2627 1581 2653 -h.
1599 2634 1625 2653 n.
1638 2626 1704 2653 edit.
1717 2632 1781 2653 xxxi

1038 2674 1104 2698 tom.
1121 2677 1146 2697 lx
1161 2679 1222 2706 pag.
1238 2672 1300 2699 594.

1669 237 1731 273 451
1781 247 1834 276 An.
1848 232 1878 277 e.
1912 249 1981 278 1607

1833 738 1983 765 'transumpto-

1797 770 1843 786 rnm
1858 765 1917 786 fides.

1836 2358 1906 2380 Causa
1920 2358 1982 2380 huius

1795 2387 1960 2407 constitutionis.
