2227 3241
39 280 86 313 An.
107 283 137 311 C.
157 281 224 311 1606

71 2011 182 2040 collegiata
204 2015 223 2035 in

46 2039 224 2070 “beneficiisque

45 2071 166 2093 numuressr.

862 279 984 304 PAULUS
1004 282 1021 304 V
1042 281 1092 305 Pr.

234 330 399 365 licitudine
416 340 540 371 vacare,
557 336 588 363 et
609 330 693 374 ipsos
711 328 926 374 parochianos
944 328 975 362 in
992 337 994 342 ’

234 384 410 418 catholicae
434 383 509 418 fidei
541 383 684 417 articulis
709 388 740 417 et
768 383 820 428 pie
850 382 975 416 vivendi

233 438 424 483 praeceptis,
448 449 507 472 nec
535 448 600 471 non
622 437 709 479 aliis,
728 447 811 482 quae
837 437 876 471 ad
901 436 972 470 ani-

235 502 360 526 marum
386 492 522 526 salutem
554 491 735 526 necessaria
759 496 853 531 sunt,
882 501 973 524 com-

235 546 330 580 mode
361 546 519 579 instruere
551 545 680 585 valeat;
715 549 745 578 et
778 544 886 577 dilecti
919 543 976 576 filii

234 599 376 642 religiosi
415 597 679 641 Congregationis
716 597 908 631 clericorum
947 603 977 630 et

233 652 496 698 presbyterorum
507 651 715 695 Regularium
727 651 884 685 Minorum
899 661 978 684 nun-

235 711 426 751 cupatorum
441 706 481 739 ad
500 705 689 739 huiusmodi
707 704 857 738 exercitia
875 711 905 738 et
918 704 977 738 mi-

234 758 368 793 nisteria
384 759 535 793 obeunda
552 759 644 792 valde
664 758 773 792 idonei
791 763 977 799 noscantur,

235 819 276 854 et,
300 812 326 846 si
350 812 382 846 in
405 812 489 846 dicta
513 811 645 846 ecelesia
678 811 974 853 introducerentur,

235 866 361 912 aliaque
381 866 584 911 infrascripta
604 866 721 900 fierent
741 872 771 900 et
788 866 979 900 ordinaren-

234 926 296 962 tur,
313 920 427 966 procul
444 919 556 962 dubio,
579 920 639 965 ipsi
658 919 800 963 religiosi
817 919 978 954 dictorum

234 974 507 1020 parochianorum
522 980 553 1008 et
566 974 704 1008 aliorum
719 973 977 1008 christifidelium

235 1029 276 1063 ad
296 1029 441 1063 eamdem
465 1029 634 1063 ecclesiam
655 1039 715 1073 pro
737 1034 882 1074 tempore
901 1038 978 1061 con·
995 1051 997 1073 ;

235 1082 405 1117 fluentium
437 1082 693 1116 confessionibus
723 1082 892 1116 audiendis
923 1092 975 1115 sa-

237 1136 411 1172 cramentis
429 1136 650 1171 ministrandis
669 1142 697 1170 et
718 1136 806 1170 verbi
827 1136 881 1170 Dei
907 1146 997 1169 οοιι-Ἰ

236 1190 383 1225 clonibus
400 1190 556 1224 habendis
576 1190 688 1224 sedulo
706 1190 922 1231 intenderent,
944 1200 980 1223 ac
995 1192 998 1248 l

237 1255 350 1279 corum
376 1244 551 1289 exemplari
582 1243 645 1277 rita
675 1249 705 1277 ct
727 1245 805 1277 sana
833 1243 980 1277 doctrina

236 1299 450 1344 parochianos
476 1304 505 1333 et
531 1298 610 1332 alios
635 1298 860 1332 christifideles
885 1291 998 1342 prae-²

237 1353 339 1387 dictos
366 1353 406 1387 ad
435 1352 652 1393 devotionem,
680 1352 833 1396 pietatem
860 1358 889 1385 et
911 1351 981 1385 reli-

237 1408 366 1452 gionem
395 1407 570 1441 excitarent
593 1405 830 1449 salubriterque
862 1405 998 1447 dirige-1

238 1467 330 1502 rent,
359 1467 389 1495 et
419 1461 532 1495 exinde
553 1460 638 1494 dicta
664 1459 797 1493 ecclesia
821 1459 981 1493 celebrior

238 1515 449 1556 redderetur,
478 1524 514 1548 ac
543 1524 618 1548 cura
645 1513 827 1548 animarum
854 1514 981 1558 aliaque

237 1569 343 1604 officia
362 1568 560 1613 parochialia
587 1578 659 1601 cum
680 1567 794 1601 maiori
816 1567 981 1601 charitatis

237 1623 304 1658 zel'o
319 1627 557 1668 exercerentur,
574 1626 603 1654 ct
624 1622 743 1656 nedum
758 1621 856 1655 divini
878 1622 981 1654 cultus

238 1689 273 1711 uc
303 1677 463 1710 bonorum
492 1686 625 1720 operum
653 1686 688 1708 ac
718 1675 851 1708 instituti
878 1665 999 1708 ‹lictaffl

237 1729 501 1774 Congregationis
515 1729 726 1770 incrementO,
740 1729 794 1762 sed
809 1728 905 1762 etiam
927 1740 999 1773 [ta-1,

238 1783 467 1818 rochiauorum
495 1788 526 1816 et
562 1783 699 1816 aliorum
722 1782 979 1816 christifidelium

238 1837 479 1882 praedictorum
501 1836 658 1881 profectui
678 1842 708 1870 et
729 1836 886 1880 spirituali
906 1838 999 1870 con-t

238 1891 388 1926 solationi
418 1891 666 1934 animarumque
698 1890 790 1923 saluti
818 1901 876 1934 per
908 1899 999 1932 aui-J

238 1945 321 1989 plius
346 1945 585 1981 consuleretur:
998 1935 999 1946 ¹

284 2000 300 2041 S
321 1998 350 2032 Ξ).
375 1999 448 2040 Nos,
472 1998 526 2043 qui
545 1998 667 2032 dudum
687 1998 770 2031 iri-ter
789 1998 851 2031 alia
872 1998 1000 2039 decre}

239 2052 342 2085 vimus
356 2057 386 2085 ct
399 2051 632 2085 declaravimus
646 2056 773 2084 nostrae
795 2051 982 2085 intentionis
998 2045 1000 2094 ζ

240 2107 328 2147 sore,
353 2106 440 2150 quod
471 2106 623 2150 deinceps
654 2116 711 2150 per
742 2105 1000 2154 quamcumqueJ

240 2160 480 2195 concessionem
492 2171 547 2193 seu
557 2159 693 2202 gratiam
711 2160 755 2192 vel
775 2159 895 2192 litteras
910 2170 983 2203 apo.

1011 328 1104 369 latis,
1137 330 1161 363 si
1194 330 1312 374 quibus
1337 329 1584 374 quomodolibet
1608 330 1754 364 innodati

1011 382 1161 423 existunt,
1185 384 1225 417 ad
1246 384 1395 417 effectum
1417 384 1634 429 praesentium
1661 385 1755 419 dum-

1012 441 1097 469 taxat
1117 438 1394 481 consequendum,
1416 438 1530 472 harum
1549 439 1632 473 serie
1653 440 1755 473 absol-

1011 495 1118 523 ventes
1143 496 1175 523 et
1194 490 1358 525 absolutos
1382 492 1451 526 sore
1472 498 1652 534 censentes,
1681 504 1755 527 nec-

1011 553 1075 576 non
1102 543 1256 577 eeclesiae
1284 545 1386 578 sancti
1422 545 1596 587 Laurentii,
1620 547 1755 591 eiusque

1011 596 1352 642 archipresbyteratus,
1373 599 1634 641 canonicatuum,
1661 611 1755 645 prae-

1012 650 1192 684 bendarum
1229 657 1259 684 et
1297 652 1530 686 beneficiorum
1568 654 1754 688 huiusmodi

1012 703 1218 738 fundationes
1243 710 1275 738 et
1299 706 1489 748 erectiones,
1514 719 1550 741 ac
1570 708 1754 750 domorum,

1011 758 1234 802 praediorum,
1261 760 1517 804 possessionum,
1546 773 1700 796 censuum
1727 769 1758 797 et

1013 822 1296 857 quorumcumque
1309 813 1447 847 aliorum
1466 814 1628 849 bonorum
1649 817 1688 850 ad
1703 816 1756 850 illa

1013 876 1193 911 eorumque
1208 877 1352 901 mensam
1372 868 1582 912 capitularem
1600 881 1656 904 seu
1675 881 1757 904 mas·-

1013 930 1080 953 sam
1095 930 1266 954 comunem
1282 922 1529 966 quomodolibet
1542 924 1755 968 spectantium

995 979 1045 1012 ¹et
1073 974 1305 1018 pertinentium
1337 975 1528 1019 qualitates,
1564 977 1757 1021 quantitates

1013 1027 1304 1070 denominationes,
1333 1029 1533 1071 sanationes,
1562 1031 1705 1066 confines
1728 1038 1759 1066 et

996 1081 1283 1123 ,circumstantias
1308 1084 1548 1128 fructuumque,
1572 1085 1757 1119 reddituum

1015 1141 1045 1169 ct
1075 1142 1291 1180 proventuum
1319 1147 1410 1171 veros
1436 1138 1530 1171 etiam
1558 1149 1682 1173 annuos
1707 1151 1758 1174 va-

1015 1189 1109 1230 leres,
1134 1201 1169 1224 ac
1191 1196 1317 1238 caetera
1342 1191 1452 1225 omnia
1477 1192 1528 1225 liic
1554 1193 1592 1227 de
1614 1193 1755 1227 necessi-

1014 1248 1076 1277 tate
1102 1254 1157 1278 seu
1183 1244 1261 1278 alias
1286 1245 1506 1290 exprimenda,
1534 1247 1759 1291 praesentibus

1014 1307 1073 1341 pro
1091 1297 1290 1332 sufficienter
1310 1299 1467 1343 expressis
1485 1300 1651 1342 habentes,
1668 1308 1758 1335 motu

1015 1351 1123 1391 simili,
1142 1362 1206 1385 non
1227 1353 1266 1386 ad
1285 1353 1445 1387 dictorum
1469 1354 1695 1397 religiosorum
1711 1356 1757 1389 ve}

1015 1405 1151 1438 alicuius
1171 1416 1230 1450 pro
1252 1406 1296 1440 eis
1313 1407 1406 1441 nobis
1427 1418 1523 1452 super
1550 1408 1611 1442 hoc
1632 1409 1758 1443 oblatae

1015 1459 1178 1502 petitionis
1201 1459 1397 1502 instantiam,
1426 1462 1481 1495 sed
1508 1472 1544 1495 ex
1567 1465 1654 1496 mera
1674 1463 1756 1497 deli-

1015 1512 1181 1546 beratione
1207 1519 1235 1546 ct
1261 1516 1348 1547 certa
1366 1514 1499 1547 seientia
1516 1516 1646 1557 nostris,
1667 1527 1702 1550 ac
1720 1517 1759 1550 de

1015 1566 1211 1610 apostolicae
1227 1567 1395 1611 potestatis
1413 1569 1614 1612 plenitudine
1632 1576 1760 1614 aposto-

1016 1619 1077 1653 lica
1105 1620 1307 1661 auctoritate,
1334 1627 1444 1655 tenore
1468 1623 1699 1666 praesentium,
1728 1623 1758 1657 in

1017 1672 1101 1706 dicta
1134 1673 1268 1708 ecclesia
1293 1675 1656 1720 archipresbyteratum,
1686 1688 1759 1710 nec-

1015 1737 1079 1759 non
1098 1727 1306 1761 canonicatus
1324 1734 1351 1762 et
1374 1729 1586 1773 praebendas,
1611 1741 1646 1763 ac
1668 1731 1760 1764 benc-

1016 1780 1087 1814 ficia
1112 1781 1288 1825 praedicta,
1314 1794 1349 1815 cx
1376 1794 1461 1816 nunc
1487 1790 1582 1827 prout
1610 1796 1644 1817 ex
1671 1790 1756 1824 tunc,

1016 1841 1046 1868 et
1071 1845 1086 1867 e
1112 1842 1235 1875 contra,
1268 1847 1339 1869 cum
1374 1836 1516 1881 primum
1542 1849 1600 1882 per
1620 1849 1756 1875 cessum.

1017 1888 1111 1921 etiam
1131 1899 1166 1922 ex
1186 1892 1278 1939 caus-{1
1301 1891 1559 1934 permutationis,
1578 1891 1608 1924 in
1624 1893 1759 1926 Romani

998 1942 1180 1990 {Pontificis
1205 1954 1259 1976 seu
1283 1944 1357 1977 dicti
1387 1945 1468 1977 tituli
1490 1946 1671 1990 presbyteri
1692 1957 1761 1980 car-

1016 1996 1132 2030 dinalis
1158 2008 1217 2040 pro
1244 2003 1387 2042 tempore
1414 1999 1576 2033 existentis
1598 2000 1757 2038 manibus.

1016 2062 1072 2084 seu
1087 2052 1265 2093 decessum,
1283 2056 1336 2086 aut
1354 2053 1566 2096 privationem
1583 2055 1630 2087 vel
1648 2065 1761 2098 quam-

1017 2106 1061 2138 vis
1088 2106 1183 2139 aliam
1213 2106 1433 2140 dimissionem
1467 2118 1522 2140 scu
1554 2107 1759 2142 amissionem

1017 2160 1071 2193 illa
1099 2161 1137 2193 ad
1167 2170 1318 2203 praesens
1346 2161 1581 2199 obtinentium,
1612 2162 1657 2195 vel
1684 2162 1760 2195 alias

1651 272 1715 306 303
1761 282 1812 309 An.
1834 281 1862 310 c.
1885 282 1954 309 1606

240 2215 378 2256 stolicas,
395 2214 517 2248 etiamsi
534 2219 621 2248 motu
636 2214 767 2258 proprio
790 2220 819 2247 ct
846 2225 881 2247 cx
896 2217 983 2248 certa
998 2212 1000 2254 ξ
1017 2213 1263 2257 quomodolibet
1281 2219 1311 2247 et
1334 2214 1542 2258 ubicumque,
1560 2214 1655 2248 ctiam
1675 2216 1760 2259 apud

241 2269 373 2303 scientia
395 2273 600 2308 emanarent,
625 2267 704 2300 nulli
728 2268 774 2301 ius
795 2267 875 2301 sibi¹
903 2279 982 2312 quo·
998 2265 1131 2301 Sedent
1153 2268 1382 2312 Apostolicam,
1407 2280 1462 2302 scu
1484 2269 1515 2302 in
1537 2270 1680 2303 Romana
1700 2269 1758 2304 Cu-

243 2323 419 2356 modolibet
445 2322 619 2362 tolleretur,
640 2321 812 2366 praedictis
848 2328 878 2355 ct
913 2322 982 2355 aliis
999 2320 1001 2363 ζ
1018 2321 1074 2360 ria,
1101 2322 1148 2354 rel
1170 2328 1259 2355 extra
1280 2332 1362 2361 eam,
1386 2323 1481 2355 simul
1506 2323 1551 2356 rel
1570 2323 1756 2363 successive,

242 2375 452 2409 rationalibus
473 2375 576 2408 causis
597 2374 736 2414 adducti,
761 2386 797 2408 ac
815 2374 982 2418 religiosos
999 2366 1001 2410 i
1017 2376 1175 2408 vacabunt
1194 2376 1334 2418 (etiamsi
1357 2376 1461 2417 actu¹⁷
1491 2377 1674 2421 praemissis
1695 2377 1760 2411 sire

242 2429 504 2474 Coqgregationis
518 2428 703 2462 huiusmodi
725 2438 902 2473 eorumque
923 2429 983 2462 sin·
1018 2428 1087 2462 aliis
1109 2429 1273 2473 quibusvis
1299 2429 1404 2462 modis
1425 2436 1452 2463 et
1475 2441 1510 2463 cx
1529 2440 1760 2473 quorumcum-

243 2483 364 2525 gulosa
378 2482 541 2527 quibusvis
555 2481 907 2524 exconnuunicatiouis,
920 2493 983 2516 sus·
998 2458 1001 2503 i
1017 2492 1079 2526 quc
1100 2482 1257 2526 personis,
1283 2489 1406 2521 vacent,
1428 2483 1551 2515 etiamsi
1573 2488 1660 2515 tanto
1682 2488 1761 2516 tem-

244 2536 405 2580 pensionis
425 2542 455 2570 et
476 2535 654 2580 interdictu,
684 2535 818 2580 aliisque
836 2536 983 2569 ecclesia·
999 2566 1001 2587 ι
1018 2546 1095 2579 pore
1130 2536 1333 2576 vacaverint,
1368 2537 1456 2579 quod
1486 2546 1598 2569 eorum
1632 2536 1760 2570 collatio

244 2588 328 2622 sticis
346 2589 522 2629 sententiis,
539 2588 682 2622 censuris
696 2594 725 2621 et
743 2588 866 2632 poenis,
882 2598 898 2621 a
915 2588 982 2622 iure
998 2590 1000 2625 i
1018 2589 1104 2621 iuxta
1124 2589 1345 2622 Lateranensis
1363 2595 1479 2622 statuta
1497 2589 1629 2622 Concilii
1651 2590 1690 2623 ad
1711 2589 1761 2623 Se<

244 2642 290 2674 ΥΒ,
306 2642 344 2675 ab
362 2642 504 2682 homine⁷
519 2642 629 2687 quaViS
643 2642 811 2675 oceaSione
827 2642 873 2675 vel
889 2644 983 2675 causa
998 2632 1001 2681 i
1055 2661 1064 2685 l
1088 2660 1168 2687 Totas
1188 2664 1332 2696 soquentes
1359 2660 1488 2687 formulas
1509 2660 1617 2696 require
1638 2660 1762 2696 superius

282 2705 290 2730 1
315 2704 438 2732 Fortasse
455 2704 603 2741 supplenda
620 2713 666 2733 vox
683 2705 846 2740 quaesitum
866 2709 901 2739 gn.
919 2704 969 2738 r).
998 2708 1001 2740 1
1017 2712 1078 2740 pag.
1095 2704 1128 2732 85
1144 2708 1170 2732 et
1184 2704 1217 2732 93
1229 2704 1308 2732 huius
1324 2704 1375 2732 vol.
1388 2707 1426 2739 (a.
1445 2705 1493 2735 m.
