<?xml version="1.0" encoding="UTF-8"?>
<!DOCTYPE html PUBLIC "-//W3C//DTD XHTML 1.0 Transitional//EN"
    "http://www.w3.org/TR/xhtml1/DTD/xhtml1-transitional.dtd">
<html xmlns="http://www.w3.org/1999/xhtml" xml:lang="en" lang="en">
 <head>
  <title>
</title>
<meta http-equiv="Content-Type" content="text/html;charset=utf-8" />
  <meta name='ocr-system' content='tesseract 3.04.00' />
  <meta name='ocr-capabilities' content='ocr_page ocr_carea ocr_par ocr_line ocrx_word'/>
</head>
<body>
  <div class='ocr_page' id='page_1' title='image "./bullarumdiplomat11cath_0248.png"; bbox 0 0 2227 3241; ppageno 0'>
   <div class='ocr_carea' id='block_1_1' title="bbox 246 245 541 283">
    <p class='ocr_par' dir='ltr' id='par_1_1' title="bbox 246 245 541 283">
     <span class='ocr_line' id='line_1_1' title="bbox 246 245 541 283; baseline -0.007 0"><span class='ocrx_word' id='word_1_1' title='bbox 246 257 294 283; x_wconf 65' lang='lat' dir='ltr'>An.</span> <span class='ocrx_word' id='word_1_2' title='bbox 317 256 344 283; x_wconf 86' lang='lat' dir='ltr'>c.</span> <span class='ocrx_word' id='word_1_3' title='bbox 366 255 431 283; x_wconf 76' lang='lat'>1605</span> <span class='ocrx_word' id='word_1_4' title='bbox 477 245 541 278; x_wconf 65' lang='grc'>910</span> 
     </span>
    </p>
   </div>
   <div class='ocr_carea' id='block_1_2' title="bbox 273 2482 435 2507">
    <p class='ocr_par' dir='ltr' id='par_1_2' title="bbox 273 2482 435 2507">
     <span class='ocr_line' id='line_1_2' title="bbox 273 2482 435 2507; baseline 0.019 -9"><span class='ocrx_word' id='word_1_5' title='bbox 273 2482 314 2500; x_wconf 78' lang='lat' dir='ltr'>tem</span> <span class='ocrx_word' id='word_1_6' title='bbox 329 2487 341 2501; x_wconf 78' lang='lat' dir='ltr'>a</span> <span class='ocrx_word' id='word_1_7' title='bbox 356 2483 435 2507; x_wconf 67' lang='lat' dir='ltr'>spoliis.</span> 
     </span>
    </p>
   </div>
   <div class='ocr_carea' id='block_1_3' title="bbox 445 299 1186 505">
    <p class='ocr_par' dir='ltr' id='par_1_3' title="bbox 445 299 1186 505">
     <span class='ocr_line' id='line_1_3' title="bbox 445 299 1182 344; baseline -0.004 -9"><span class='ocrx_word' id='word_1_8' title='bbox 445 303 619 337; x_wconf 78' lang='lat' dir='ltr'>rlesiastira</span> <span class='ocrx_word' id='word_1_9' title='bbox 640 300 858 335; x_wconf 69' lang='lat' dir='ltr'>obtinentibus</span> <span class='ocrx_word' id='word_1_10' title='bbox 873 306 904 333; x_wconf 88' lang='lat' dir='ltr'>et</span> <span class='ocrx_word' id='word_1_11' title='bbox 916 299 1182 344; x_wconf 76' lang='lat' dir='ltr'>expectantibus),</span> 
     </span>
     <span class='ocr_line' id='line_1_4' title="bbox 445 352 1184 398; baseline -0.004 -10"><span class='ocrx_word' id='word_1_12' title='bbox 445 356 592 389; x_wconf 85' lang='lat' dir='ltr'>similiter</span> <span class='ocrx_word' id='word_1_13' title='bbox 615 355 660 388; x_wconf 84' lang='lat' dir='ltr'>eis</span> <span class='ocrx_word' id='word_1_14' title='bbox 685 354 792 398; x_wconf 80' lang='lat' dir='ltr'>quoad</span> <span class='ocrx_word' id='word_1_15' title='bbox 814 353 970 394; x_wconf 77' lang='lat' dir='ltr'>vixerint,</span> <span class='ocrx_word' id='word_1_16' title='bbox 998 352 1047 386; x_wconf 88' lang='lat' dir='ltr'>vel</span> <span class='ocrx_word' id='word_1_17' title='bbox 1073 363 1184 386; x_wconf 87' lang='lat' dir='ltr'>eorum</span> 
     </span>
     <span class='ocr_line' id='line_1_5' title="bbox 446 406 1186 453; baseline -0.005 -11"><span class='ocrx_word' id='word_1_18' title='bbox 446 408 709 453; x_wconf 87' lang='lat' dir='ltr'>procuratoribus</span> <span class='ocrx_word' id='word_1_19' title='bbox 722 406 884 450; x_wconf 73' lang='lat' dir='ltr'>legitimis,</span> <span class='ocrx_word' id='word_1_20' title='bbox 902 406 1021 439; x_wconf 83' lang='lat' dir='ltr'>eisdem</span> <span class='ocrx_word' id='word_1_21' title='bbox 1041 406 1138 442; x_wconf 84' lang='lat' dir='ltr'>modo</span> <span class='ocrx_word' id='word_1_22' title='bbox 1156 411 1186 438; x_wconf 91' lang='lat' dir='ltr'>et</span> 
     </span>
     <span class='ocr_line' id='line_1_6' title="bbox 448 459 1186 505; baseline -0.005 -10"><span class='ocrx_word' id='word_1_23' title='bbox 448 464 559 502; x_wconf 70' lang='lat' dir='ltr'>forma,</span> <span class='ocrx_word' id='word_1_24' title='bbox 583 461 699 505; x_wconf 87' lang='lat' dir='ltr'>quibus</span> <span class='ocrx_word' id='word_1_25' title='bbox 720 460 840 493; x_wconf 86' lang='lat' dir='ltr'>eisdem</span> <span class='ocrx_word' id='word_1_26' title='bbox 862 459 1062 493; x_wconf 90' lang='lat' dir='ltr'>conclavistis</span> <span class='ocrx_word' id='word_1_27' title='bbox 1084 469 1186 492; x_wconf 88' lang='lat' dir='ltr'>reser-</span> 
     </span>
    </p>
   </div>
   <div class='ocr_carea' id='block_1_4' title="bbox 448 512 1194 557">
    <p class='ocr_par' dir='ltr' id='par_1_4' title="bbox 448 512 1194 557">
     <span class='ocr_line' id='line_1_7' title="bbox 448 512 1194 557; baseline -0.003 -10"><span class='ocrx_word' id='word_1_28' title='bbox 448 516 508 549; x_wconf 89' lang='lat' dir='ltr'>vati</span> <span class='ocrx_word' id='word_1_29' title='bbox 529 515 657 555; x_wconf 83' lang='lat' dir='ltr'>suerint,</span> <span class='ocrx_word' id='word_1_30' title='bbox 679 514 774 546; x_wconf 87' lang='lat' dir='ltr'>etiam</span> <span class='ocrx_word' id='word_1_31' title='bbox 794 513 915 557; x_wconf 88' lang='lat' dir='ltr'>absque</span> <span class='ocrx_word' id='word_1_32' title='bbox 931 512 1090 546; x_wconf 78' lang='lat' dir='ltr'>beneficia</span> <span class='ocrx_word' id='word_1_33' title='bbox 1119 513 1194 556; x_wconf 85' lang='lat' dir='ltr'>ipsa-</span> 
     </span>
    </p>
   </div>
   <div class='ocr_carea' id='block_1_5' title="bbox 448 567 1203 1627">
    <p class='ocr_par' dir='ltr' id='par_1_5' title="bbox 448 567 1203 1627">
     <span class='ocr_line' id='line_1_8' title="bbox 448 567 1188 610; baseline -0.005 -8"><span class='ocrx_word' id='word_1_34' title='bbox 448 568 662 602; x_wconf 89' lang='lat' dir='ltr'>obtinentium</span> <span class='ocrx_word' id='word_1_35' title='bbox 682 577 850 607; x_wconf 83' lang='lat' dir='ltr'>consensu,</span> <span class='ocrx_word' id='word_1_36' title='bbox 868 567 990 609; x_wconf 82' lang='lat' dir='ltr'>integre</span> <span class='ocrx_word' id='word_1_37' title='bbox 1004 567 1188 610; x_wconf 86' lang='lat' dir='ltr'>persolven-</span> 
     </span>
     <span class='ocr_line' id='line_1_9' title="bbox 450 619 1189 664; baseline -0.004 -10"><span class='ocrx_word' id='word_1_38' title='bbox 450 623 517 662; x_wconf 84' lang='lat' dir='ltr'>das,</span> <span class='ocrx_word' id='word_1_39' title='bbox 541 626 592 654; x_wconf 88' lang='lat' dir='ltr'>aut</span> <span class='ocrx_word' id='word_1_40' title='bbox 612 631 669 664; x_wconf 89' lang='lat' dir='ltr'>per</span> <span class='ocrx_word' id='word_1_41' title='bbox 687 630 740 653; x_wconf 84' lang='lat' dir='ltr'>eos</span> <span class='ocrx_word' id='word_1_42' title='bbox 761 619 893 664; x_wconf 73' lang='lat' dir='ltr'>propria</span> <span class='ocrx_word' id='word_1_43' title='bbox 910 619 1100 652; x_wconf 85' lang='lat' dir='ltr'>auctoritate</span> <span class='ocrx_word' id='word_1_44' title='bbox 1117 629 1189 663; x_wconf 89' lang='lat' dir='ltr'>per-</span> 
     </span>
     <span class='ocr_line' id='line_1_10' title="bbox 450 673 1189 719; baseline -0.001 -13"><span class='ocrx_word' id='word_1_45' title='bbox 450 675 615 719; x_wconf 64' lang='lat' dir='ltr'>cipiendos</span> <span class='ocrx_word' id='word_1_46' title='bbox 630 701 637 714; x_wconf 89' lang='lat'>‚</span> <span class='ocrx_word' id='word_1_47' title='bbox 661 673 833 716; x_wconf 71' lang='lat' dir='ltr'>exigendos</span> <span class='ocrx_word' id='word_1_48' title='bbox 853 678 884 706; x_wconf 90' lang='lat' dir='ltr'>et</span> <span class='ocrx_word' id='word_1_49' title='bbox 902 673 1065 714; x_wconf 81' lang='lat' dir='ltr'>levandos,</span> <span class='ocrx_word' id='word_1_50' title='bbox 1088 683 1189 706; x_wconf 89' lang='lat' dir='ltr'>reser-</span> 
     </span>
     <span class='ocr_line' id='line_1_11' title="bbox 451 727 1191 769; baseline -0.004 -8"><span class='ocrx_word' id='word_1_51' title='bbox 451 739 535 769; x_wconf 87' lang='lat' dir='ltr'>vare,</span> <span class='ocrx_word' id='word_1_52' title='bbox 552 727 759 763; x_wconf 78' lang='lat' dir='ltr'>constituere,</span> <span class='ocrx_word' id='word_1_53' title='bbox 781 727 960 761; x_wconf 81' lang='lat' dir='ltr'>concedere</span> <span class='ocrx_word' id='word_1_54' title='bbox 979 732 1011 760; x_wconf 89' lang='lat' dir='ltr'>et</span> <span class='ocrx_word' id='word_1_55' title='bbox 1028 727 1191 769; x_wconf 81' lang='lat' dir='ltr'>assignare</span> 
     </span>
     <span class='ocr_line' id='line_1_12' title="bbox 452 781 1191 823; baseline -0.003 -8"><span class='ocrx_word' id='word_1_56' title='bbox 452 783 599 822; x_wconf 84' lang='lat' dir='ltr'>valcant,</span> <span class='ocrx_word' id='word_1_57' title='bbox 624 781 719 814; x_wconf 87' lang='lat' dir='ltr'>etiam</span> <span class='ocrx_word' id='word_1_58' title='bbox 742 781 951 815; x_wconf 82' lang='lat' dir='ltr'>concedimus</span> <span class='ocrx_word' id='word_1_59' title='bbox 982 786 1014 814; x_wconf 90' lang='lat' dir='ltr'>et</span> <span class='ocrx_word' id='word_1_60' title='bbox 1044 781 1191 823; x_wconf 79' lang='lat' dir='ltr'>indulge-</span> 
     </span>
     <span class='ocr_line' id='line_1_13' title="bbox 453 834 1193 878; baseline -0.001 -10"><span class='ocrx_word' id='word_1_61' title='bbox 453 846 536 869; x_wconf 86' lang='lat' dir='ltr'>mus.</span> <span class='ocrx_word' id='word_1_62' title='bbox 563 836 777 869; x_wconf 87' lang='lat' dir='ltr'>Decernentes</span> <span class='ocrx_word' id='word_1_63' title='bbox 803 834 887 878; x_wconf 88' lang='lat' dir='ltr'>ipsas</span> <span class='ocrx_word' id='word_1_64' title='bbox 913 834 1139 868; x_wconf 78' lang='lat' dir='ltr'>translationes</span> <span class='ocrx_word' id='word_1_65' title='bbox 1164 839 1193 867; x_wconf 87' lang='lat' dir='ltr'>et</span> 
     </span>
     <span class='ocr_line' id='line_1_14' title="bbox 452 887 1194 928; baseline -0.004 -5"><span class='ocrx_word' id='word_1_66' title='bbox 452 900 550 923; x_wconf 89' lang='lat' dir='ltr'>novas</span> <span class='ocrx_word' id='word_1_67' title='bbox 569 888 813 928; x_wconf 77' lang='lat' dir='ltr'>reservationeS,</span> <span class='ocrx_word' id='word_1_68' title='bbox 834 887 1080 921; x_wconf 84' lang='lat' dir='ltr'>constitutiones</span> <span class='ocrx_word' id='word_1_69' title='bbox 1101 892 1131 920; x_wconf 92' lang='lat' dir='ltr'>et</span> <span class='ocrx_word' id='word_1_70' title='bbox 1147 897 1194 919; x_wconf 89' lang='lat' dir='ltr'>as-</span> 
     </span>
     <span class='ocr_line' id='line_1_15' title="bbox 453 941 1195 986; baseline -0.004 -10"><span class='ocrx_word' id='word_1_71' title='bbox 453 942 649 986; x_wconf 78' lang='lat' dir='ltr'>signationes</span> <span class='ocrx_word' id='word_1_72' title='bbox 662 941 851 986; x_wconf 79' lang='lat' dir='ltr'>pensionum</span> <span class='ocrx_word' id='word_1_73' title='bbox 866 951 922 974; x_wconf 88' lang='lat' dir='ltr'>seu</span> <span class='ocrx_word' id='word_1_74' title='bbox 934 941 1107 982; x_wconf 81' lang='lat' dir='ltr'>fructuum,</span> <span class='ocrx_word' id='word_1_75' title='bbox 1125 941 1195 973; x_wconf 91' lang='lat' dir='ltr'>red-</span> 
     </span>
     <span class='ocr_line' id='line_1_16' title="bbox 455 994 1196 1040; baseline -0.004 -10"><span class='ocrx_word' id='word_1_76' title='bbox 455 997 579 1030; x_wconf 89' lang='lat' dir='ltr'>dituum</span> <span class='ocrx_word' id='word_1_77' title='bbox 615 1002 645 1030; x_wconf 91' lang='lat' dir='ltr'>et</span> <span class='ocrx_word' id='word_1_78' title='bbox 676 1000 891 1040; x_wconf 80' lang='lat' dir='ltr'>proventuum</span> <span class='ocrx_word' id='word_1_79' title='bbox 918 994 1104 1028; x_wconf 88' lang='lat' dir='ltr'>huiusmodi</span> <span class='ocrx_word' id='word_1_80' title='bbox 1129 995 1196 1038; x_wconf 88' lang='lat' dir='ltr'>ple-</span> 
     </span>
     <span class='ocr_line' id='line_1_17' title="bbox 455 1048 1196 1092; baseline -0.003 -9"><span class='ocrx_word' id='word_1_81' title='bbox 455 1061 530 1084; x_wconf 89' lang='lat' dir='ltr'>nam</span> <span class='ocrx_word' id='word_1_82' title='bbox 555 1050 682 1083; x_wconf 86' lang='lat' dir='ltr'>roboris</span> <span class='ocrx_word' id='word_1_83' title='bbox 707 1049 892 1082; x_wconf 75' lang='lat' dir='ltr'>firmitatem</span> <span class='ocrx_word' id='word_1_84' title='bbox 913 1048 1073 1089; x_wconf 83' lang='lat' dir='ltr'>obtinere,</span> <span class='ocrx_word' id='word_1_85' title='bbox 1097 1048 1196 1092; x_wconf 89' lang='lat' dir='ltr'>ipsos-</span> 
     </span>
     <span class='ocr_line' id='line_1_18' title="bbox 456 1101 1194 1149; baseline -0.005 -12"><span class='ocrx_word' id='word_1_86' title='bbox 456 1115 519 1149; x_wconf 87' lang='lat' dir='ltr'>que</span> <span class='ocrx_word' id='word_1_87' title='bbox 542 1103 711 1143; x_wconf 86' lang='lat' dir='ltr'>beneficia,</span> <span class='ocrx_word' id='word_1_88' title='bbox 736 1113 833 1146; x_wconf 88' lang='lat' dir='ltr'>super</span> <span class='ocrx_word' id='word_1_89' title='bbox 858 1113 998 1146; x_wconf 89' lang='lat' dir='ltr'>quorum</span> <span class='ocrx_word' id='word_1_90' title='bbox 1028 1101 1194 1142; x_wconf 82' lang='lat' dir='ltr'>fructibus,</span> 
     </span>
     <span class='ocr_line' id='line_1_19' title="bbox 457 1156 1199 1200; baseline -0.004 -10"><span class='ocrx_word' id='word_1_91' title='bbox 457 1157 638 1191; x_wconf 77' lang='lat' dir='ltr'>redditibus</span> <span class='ocrx_word' id='word_1_92' title='bbox 656 1162 687 1190; x_wconf 89' lang='lat' dir='ltr'>ct</span> <span class='ocrx_word' id='word_1_93' title='bbox 703 1156 913 1200; x_wconf 76' lang='lat' dir='ltr'>proventibus</span> <span class='ocrx_word' id='word_1_94' title='bbox 932 1161 1111 1189; x_wconf 79' lang='lat' dir='ltr'>reservatae</span> <span class='ocrx_word' id='word_1_95' title='bbox 1132 1156 1199 1188; x_wconf 88' lang='lat' dir='ltr'>sue-</span> 
     </span>
     <span class='ocr_line' id='line_1_20' title="bbox 458 1208 1201 1253; baseline -0.004 -10"><span class='ocrx_word' id='word_1_96' title='bbox 458 1210 534 1251; x_wconf 83' lang='lat' dir='ltr'>rint,</span> <span class='ocrx_word' id='word_1_97' title='bbox 562 1209 744 1243; x_wconf 81' lang='lat' dir='ltr'>obtinentes</span> <span class='ocrx_word' id='word_1_98' title='bbox 763 1210 803 1242; x_wconf 89' lang='lat' dir='ltr'>ad</span> <span class='ocrx_word' id='word_1_99' title='bbox 820 1209 890 1242; x_wconf 86' lang='lat' dir='ltr'>illas</span> <span class='ocrx_word' id='word_1_100' title='bbox 910 1208 1138 1253; x_wconf 88' lang='lat' dir='ltr'>persolvendas</span> <span class='ocrx_word' id='word_1_101' title='bbox 1159 1208 1201 1240; x_wconf 80' lang='lat' dir='ltr'>ef-</span> 
     </span>
     <span class='ocr_line' id='line_1_21' title="bbox 459 1261 1200 1306; baseline -0.004 -9"><span class='ocrx_word' id='word_1_102' title='bbox 459 1263 603 1297; x_wconf 85' lang='lat' dir='ltr'>ficaciter</span> <span class='ocrx_word' id='word_1_103' title='bbox 623 1264 782 1306; x_wconf 80' lang='lat' dir='ltr'>obligatos</span> <span class='ocrx_word' id='word_1_104' title='bbox 799 1264 877 1296; x_wconf 81' lang='lat' dir='ltr'>sore.</span> <span class='ocrx_word' id='word_1_105' title='bbox 894 1263 1026 1296; x_wconf 89' lang='lat' dir='ltr'>Necnon</span> <span class='ocrx_word' id='word_1_106' title='bbox 1048 1273 1120 1295; x_wconf 89' lang='lat' dir='ltr'>cum</span> <span class='ocrx_word' id='word_1_107' title='bbox 1140 1261 1200 1295; x_wconf 88' lang='lat' dir='ltr'>eis-</span> 
     </span>
     <span class='ocr_line' id='line_1_22' title="bbox 460 1317 1200 1361; baseline -0.003 -11"><span class='ocrx_word' id='word_1_108' title='bbox 460 1318 533 1350; x_wconf 86' lang='lat' dir='ltr'>‹lem</span> <span class='ocrx_word' id='word_1_109' title='bbox 555 1317 768 1357; x_wconf 82' lang='lat' dir='ltr'>conclavistis,</span> <span class='ocrx_word' id='word_1_110' title='bbox 792 1317 880 1361; x_wconf 89' lang='lat' dir='ltr'>quod</span> <span class='ocrx_word' id='word_1_111' title='bbox 900 1317 1024 1349; x_wconf 88' lang='lat' dir='ltr'>ratione</span> <span class='ocrx_word' id='word_1_112' title='bbox 1046 1326 1200 1360; x_wconf 87' lang='lat' dir='ltr'>quarum-</span> 
     </span>
     <span class='ocr_line' id='line_1_23' title="bbox 461 1369 1202 1415; baseline -0.001 -13"><span class='ocrx_word' id='word_1_113' title='bbox 461 1381 600 1415; x_wconf 68' lang='lat' dir='ltr'>cumque</span> <span class='ocrx_word' id='word_1_114' title='bbox 615 1371 820 1415; x_wconf 84' lang='lat' dir='ltr'>pensionum,</span> <span class='ocrx_word' id='word_1_115' title='bbox 837 1370 882 1404; x_wconf 88' lang='lat' dir='ltr'>eis</span> <span class='ocrx_word' id='word_1_116' title='bbox 896 1376 1052 1404; x_wconf 90' lang='lat' dir='ltr'>eteorum</span> <span class='ocrx_word' id='word_1_117' title='bbox 1069 1369 1202 1402; x_wconf 84' lang='lat' dir='ltr'>cuilibet</span> 
     </span>
     <span class='ocr_line' id='line_1_24' title="bbox 462 1422 1198 1468; baseline -0.004 -11"><span class='ocrx_word' id='word_1_118' title='bbox 462 1435 558 1468; x_wconf 83' lang='lat' dir='ltr'>super</span> <span class='ocrx_word' id='word_1_119' title='bbox 579 1424 839 1468; x_wconf 87' lang='lat' dir='ltr'>quibuscumque</span> <span class='ocrx_word' id='word_1_120' title='bbox 859 1423 1026 1457; x_wconf 85' lang='lat' dir='ltr'>beneficiis</span> <span class='ocrx_word' id='word_1_121' title='bbox 1046 1422 1198 1456; x_wconf 82' lang='lat' dir='ltr'>ecclcsia-</span> 
     </span>
     <span class='ocr_line' id='line_1_25' title="bbox 462 1476 1203 1521; baseline -0.003 -11"><span class='ocrx_word' id='word_1_122' title='bbox 462 1478 559 1516; x_wconf 86' lang='lat' dir='ltr'>sticis,</span> <span class='ocrx_word' id='word_1_123' title='bbox 580 1483 614 1510; x_wconf 88' lang='lat' dir='ltr'>ut</span> <span class='ocrx_word' id='word_1_124' title='bbox 635 1478 826 1521; x_wconf 82' lang='lat' dir='ltr'>praefertur,</span> <span class='ocrx_word' id='word_1_125' title='bbox 851 1477 898 1510; x_wconf 88' lang='lat' dir='ltr'>vel</span> <span class='ocrx_word' id='word_1_126' title='bbox 920 1477 997 1510; x_wconf 80' lang='lat' dir='ltr'>alias</span> <span class='ocrx_word' id='word_1_127' title='bbox 1022 1476 1203 1520; x_wconf 89' lang='lat' dir='ltr'>quomodo-</span> 
     </span>
     <span class='ocr_line' id='line_1_26' title="bbox 462 1531 1199 1575; baseline -0.003 -11"><span class='ocrx_word' id='word_1_128' title='bbox 462 1531 541 1564; x_wconf 88' lang='lat' dir='ltr'>libet</span> <span class='ocrx_word' id='word_1_129' title='bbox 561 1531 753 1575; x_wconf 84' lang='lat' dir='ltr'>qualilicatis</span> <span class='ocrx_word' id='word_1_130' title='bbox 774 1532 852 1575; x_wconf 85' lang='lat' dir='ltr'>&lt;non</span> <span class='ocrx_word' id='word_1_131' title='bbox 879 1537 984 1564; x_wconf 86' lang='lat' dir='ltr'>tamen</span> <span class='ocrx_word' id='word_1_132' title='bbox 1005 1531 1089 1563; x_wconf 87' lang='lat' dir='ltr'>ultra</span> <span class='ocrx_word' id='word_1_133' title='bbox 1110 1540 1199 1563; x_wconf 87' lang='lat' dir='ltr'>sum-</span> 
     </span>
     <span class='ocr_line' id='line_1_27' title="bbox 464 1583 1203 1627; baseline -0.003 -10"><span class='ocrx_word' id='word_1_134' title='bbox 464 1595 548 1618; x_wconf 85' lang='lat' dir='ltr'>mam</span> <span class='ocrx_word' id='word_1_135' title='bbox 587 1585 801 1618; x_wconf 89' lang='lat' dir='ltr'>ducentorum</span> <span class='ocrx_word' id='word_1_136' title='bbox 836 1585 1028 1617; x_wconf 86' lang='lat' dir='ltr'>ducatorum</span> <span class='ocrx_word' id='word_1_137' title='bbox 1064 1583 1203 1627; x_wconf 88' lang='lat' dir='ltr'>partium</span> 
     </span>
    </p>
   </div>
   <div class='ocr_carea' id='block_1_6' title="bbox 463 1638 1222 1682">
    <p class='ocr_par' dir='ltr' id='par_1_6' title="bbox 463 1638 1222 1682">
     <span class='ocr_line' id='line_1_28' title="bbox 463 1638 1222 1682; baseline -0.001 -12"><span class='ocrx_word' id='word_1_138' title='bbox 463 1649 522 1682; x_wconf 88' lang='lat' dir='ltr'>pro</span> <span class='ocrx_word' id='word_1_139' title='bbox 543 1638 700 1682; x_wconf 85' lang='lat' dir='ltr'>quolibet)</span> <span class='ocrx_word' id='word_1_140' title='bbox 722 1648 807 1670; x_wconf 88' lang='lat' dir='ltr'>nunc</span> <span class='ocrx_word' id='word_1_141' title='bbox 821 1643 851 1671; x_wconf 90' lang='lat' dir='ltr'>et</span> <span class='ocrx_word' id='word_1_142' title='bbox 864 1648 924 1681; x_wconf 90' lang='lat' dir='ltr'>pro</span> <span class='ocrx_word' id='word_1_143' title='bbox 942 1643 1086 1681; x_wconf 86' lang='lat' dir='ltr'>tempore</span> <span class='ocrx_word' id='word_1_144' title='bbox 1104 1647 1204 1670; x_wconf 87' lang='lat' dir='ltr'>reser-</span> <span class='ocrx_word' id='word_1_145' title='bbox 1220 1653 1222 1664; x_wconf 62' lang='lat' dir='ltr'>v</span> 
     </span>
    </p>
   </div>
   <div class='ocr_carea' id='block_1_7' title="bbox 463 1690 1215 2699">
    <p class='ocr_par' dir='ltr' id='par_1_7' title="bbox 463 1690 1212 2430">
     <span class='ocr_line' id='line_1_29' title="bbox 463 1690 1205 1731; baseline -0.003 -7"><span class='ocrx_word' id='word_1_146' title='bbox 463 1696 608 1724; x_wconf 85' lang='lat' dir='ltr'>vatarum</span> <span class='ocrx_word' id='word_1_147' title='bbox 634 1696 664 1724; x_wconf 92' lang='lat' dir='ltr'>ct</span> <span class='ocrx_word' id='word_1_148' title='bbox 690 1692 977 1731; x_wconf 87' lang='lat' dir='ltr'>reservandarum,</span> <span class='ocrx_word' id='word_1_149' title='bbox 1006 1690 1150 1723; x_wconf 82' lang='lat' dir='ltr'>habitum</span> <span class='ocrx_word' id='word_1_150' title='bbox 1174 1694 1205 1723; x_wconf 88' lang='lat' dir='ltr'>et</span> 
     </span>
     <span class='ocr_line' id='line_1_30' title="bbox 465 1743 1205 1788; baseline -0.003 -10"><span class='ocrx_word' id='word_1_151' title='bbox 465 1751 627 1779; x_wconf 84' lang='lat' dir='ltr'>tonsuram</span> <span class='ocrx_word' id='word_1_152' title='bbox 664 1745 826 1778; x_wconf 78' lang='lat' dir='ltr'>clericales</span> <span class='ocrx_word' id='word_1_153' title='bbox 857 1751 980 1788; x_wconf 76' lang='lat' dir='ltr'>gestare</span> <span class='ocrx_word' id='word_1_154' title='bbox 1012 1751 1042 1778; x_wconf 88' lang='lat' dir='ltr'>et</span> <span class='ocrx_word' id='word_1_155' title='bbox 1080 1744 1111 1776; x_wconf 90' lang='lat' dir='ltr'>in</span> <span class='ocrx_word' id='word_1_156' title='bbox 1144 1743 1205 1776; x_wconf 90' lang='lat' dir='ltr'>illis</span> 
     </span>
     <span class='ocr_line' id='line_1_31' title="bbox 464 1797 1203 1842; baseline -0.004 -10"><span class='ocrx_word' id='word_1_157' title='bbox 464 1799 654 1841; x_wconf 89' lang='lat' dir='ltr'>(dummodo</span> <span class='ocrx_word' id='word_1_158' title='bbox 675 1798 752 1832; x_wconf 75' lang='lat' dir='ltr'>alias</span> <span class='ocrx_word' id='word_1_159' title='bbox 778 1798 837 1842; x_wconf 89' lang='lat' dir='ltr'>ipsi</span> <span class='ocrx_word' id='word_1_160' title='bbox 862 1798 1006 1831; x_wconf 90' lang='lat' dir='ltr'>habitum</span> <span class='ocrx_word' id='word_1_161' title='bbox 1039 1797 1203 1830; x_wconf 90' lang='lat' dir='ltr'>decentem</span> 
     </span>
     <span class='ocr_line' id='line_1_32' title="bbox 465 1851 1206 1895; baseline -0.004 -9"><span class='ocrx_word' id='word_1_162' title='bbox 465 1858 495 1886; x_wconf 91' lang='lat' dir='ltr'>et</span> <span class='ocrx_word' id='word_1_163' title='bbox 520 1853 690 1886; x_wconf 87' lang='lat' dir='ltr'>honestum</span> <span class='ocrx_word' id='word_1_164' title='bbox 717 1853 877 1895; x_wconf 86' lang='lat' dir='ltr'>deserant)</span> <span class='ocrx_word' id='word_1_165' title='bbox 902 1852 1051 1886; x_wconf 86' lang='lat' dir='ltr'>incedere</span> <span class='ocrx_word' id='word_1_166' title='bbox 1072 1851 1206 1885; x_wconf 88' lang='lat' dir='ltr'>minime</span> 
     </span>
     <span class='ocr_line' id='line_1_33' title="bbox 466 1906 1207 1949; baseline -0.003 -10"><span class='ocrx_word' id='word_1_167' title='bbox 466 1906 614 1948; x_wconf 82' lang='lat' dir='ltr'>debcant,</span> <span class='ocrx_word' id='word_1_168' title='bbox 636 1917 693 1939; x_wconf 79' lang='lat' dir='ltr'>nec</span> <span class='ocrx_word' id='word_1_169' title='bbox 725 1907 764 1939; x_wconf 82' lang='lat' dir='ltr'>ad</span> <span class='ocrx_word' id='word_1_170' title='bbox 794 1906 825 1939; x_wconf 87' lang='lat' dir='ltr'>id</span> <span class='ocrx_word' id='word_1_171' title='bbox 846 1917 863 1938; x_wconf 91' lang='lat' dir='ltr'>a</span> <span class='ocrx_word' id='word_1_172' title='bbox 884 1916 1047 1949; x_wconf 86' lang='lat' dir='ltr'>quoquam</span> <span class='ocrx_word' id='word_1_173' title='bbox 1070 1906 1207 1948; x_wconf 75' lang='lat' dir='ltr'>desuper</span> 
     </span>
     <span class='ocr_line' id='line_1_34' title="bbox 466 1959 1208 2002; baseline -0.003 -9"><span class='ocrx_word' id='word_1_174' title='bbox 466 1960 536 2002; x_wconf 76' lang='lat' dir='ltr'>cogi</span> <span class='ocrx_word' id='word_1_175' title='bbox 558 1970 612 1993; x_wconf 87' lang='lat' dir='ltr'>seu</span> <span class='ocrx_word' id='word_1_176' title='bbox 628 1959 790 2002; x_wconf 85' lang='lat' dir='ltr'>compelli,</span> <span class='ocrx_word' id='word_1_177' title='bbox 813 1959 983 2002; x_wconf 88' lang='lat' dir='ltr'>minusque</span> <span class='ocrx_word' id='word_1_178' title='bbox 1001 1959 1124 2002; x_wconf 85' lang='lat' dir='ltr'>aliquas</span> <span class='ocrx_word' id='word_1_179' title='bbox 1137 1969 1208 1991; x_wconf 89' lang='lat' dir='ltr'>sen-</span> 
     </span>
     <span class='ocr_line' id='line_1_35' title="bbox 466 2013 1208 2056; baseline -0.003 -9"><span class='ocrx_word' id='word_1_180' title='bbox 466 2013 592 2054; x_wconf 89' lang='lat' dir='ltr'>tentias,</span> <span class='ocrx_word' id='word_1_181' title='bbox 611 2024 761 2047; x_wconf 80' lang='lat' dir='ltr'>censuras</span> <span class='ocrx_word' id='word_1_182' title='bbox 779 2018 812 2046; x_wconf 87' lang='lat' dir='ltr'>et</span> <span class='ocrx_word' id='word_1_183' title='bbox 830 2013 926 2046; x_wconf 85' lang='lat' dir='ltr'>etiam</span> <span class='ocrx_word' id='word_1_184' title='bbox 943 2013 1131 2056; x_wconf 84' lang='lat' dir='ltr'>privationis</span> <span class='ocrx_word' id='word_1_185' title='bbox 1152 2023 1208 2046; x_wconf 90' lang='lat' dir='ltr'>seu</span> 
     </span>
     <span class='ocr_line' id='line_1_36' title="bbox 468 2066 1208 2110; baseline -0.001 -9"><span class='ocrx_word' id='word_1_186' title='bbox 468 2067 656 2101; x_wconf 84' lang='lat' dir='ltr'>cessationis</span> <span class='ocrx_word' id='word_1_187' title='bbox 690 2067 830 2110; x_wconf 85' lang='lat' dir='ltr'>ipsarum</span> <span class='ocrx_word' id='word_1_188' title='bbox 864 2066 1057 2110; x_wconf 81' lang='lat' dir='ltr'>pensionum</span> <span class='ocrx_word' id='word_1_189' title='bbox 1088 2077 1208 2110; x_wconf 86' lang='lat' dir='ltr'>poenas</span> 
     </span>
     <span class='ocr_line' id='line_1_37' title="bbox 469 2120 1205 2164; baseline -0.001 -10"><span class='ocrx_word' id='word_1_190' title='bbox 469 2121 639 2155; x_wconf 85' lang='lat' dir='ltr'>occasione</span> <span class='ocrx_word' id='word_1_191' title='bbox 664 2120 916 2164; x_wconf 85' lang='lat' dir='ltr'>praemissorum</span> <span class='ocrx_word' id='word_1_192' title='bbox 942 2120 1109 2153; x_wconf 89' lang='lat' dir='ltr'>incurrere</span> <span class='ocrx_word' id='word_1_193' title='bbox 1129 2130 1205 2164; x_wconf 92' lang='lat' dir='ltr'>pos-</span> 
     </span>
     <span class='ocr_line' id='line_1_38' title="bbox 469 2173 1208 2217; baseline -0.003 -10"><span class='ocrx_word' id='word_1_194' title='bbox 469 2174 542 2214; x_wconf 87' lang='lat' dir='ltr'>sint,</span> <span class='ocrx_word' id='word_1_195' title='bbox 560 2174 615 2208; x_wconf 89' lang='lat' dir='ltr'>sed</span> <span class='ocrx_word' id='word_1_196' title='bbox 630 2175 757 2207; x_wconf 88' lang='lat' dir='ltr'>easdem</span> <span class='ocrx_word' id='word_1_197' title='bbox 772 2174 943 2217; x_wconf 88' lang='lat' dir='ltr'>pensiones</span> <span class='ocrx_word' id='word_1_198' title='bbox 957 2174 996 2207; x_wconf 90' lang='lat' dir='ltr'>ad</span> <span class='ocrx_word' id='word_1_199' title='bbox 1010 2173 1208 2217; x_wconf 82' lang='lat' dir='ltr'>praedictam</span> 
     </span>
     <span class='ocr_line' id='line_1_39' title="bbox 470 2228 1211 2261; baseline -0.001 -1"><span class='ocrx_word' id='word_1_200' title='bbox 470 2238 629 2261; x_wconf 88' lang='lat' dir='ltr'>summam</span> <span class='ocrx_word' id='word_1_201' title='bbox 652 2228 865 2260; x_wconf 89' lang='lat' dir='ltr'>ducentorum</span> <span class='ocrx_word' id='word_1_202' title='bbox 887 2228 1077 2261; x_wconf 85' lang='lat' dir='ltr'>ducatorum</span> <span class='ocrx_word' id='word_1_203' title='bbox 1100 2237 1211 2260; x_wconf 90' lang='lat' dir='ltr'>ascen-</span> 
     </span>
     <span class='ocr_line' id='line_1_40' title="bbox 470 2282 1212 2324; baseline -0.003 -9"><span class='ocrx_word' id='word_1_204' title='bbox 470 2282 582 2315; x_wconf 86' lang='lat' dir='ltr'>dentes</span> <span class='ocrx_word' id='word_1_205' title='bbox 622 2287 652 2315; x_wconf 88' lang='lat' dir='ltr'>et</span> <span class='ocrx_word' id='word_1_206' title='bbox 694 2286 891 2321; x_wconf 82' lang='lat' dir='ltr'>reservatas,</span> <span class='ocrx_word' id='word_1_207' title='bbox 936 2287 968 2314; x_wconf 86' lang='lat' dir='ltr'>ut</span> <span class='ocrx_word' id='word_1_208' title='bbox 1012 2282 1212 2324; x_wconf 77' lang='lat' dir='ltr'>praefertur,</span> 
     </span>
     <span class='ocr_line' id='line_1_41' title="bbox 471 2334 1212 2368; baseline -0.001 -1"><span class='ocrx_word' id='word_1_209' title='bbox 471 2334 593 2368; x_wconf 82' lang='lat' dir='ltr'>etiamsi</span> <span class='ocrx_word' id='word_1_210' title='bbox 628 2334 870 2368; x_wconf 86' lang='lat' dir='ltr'>matrimonium</span> <span class='ocrx_word' id='word_1_211' title='bbox 896 2334 1112 2367; x_wconf 84' lang='lat' dir='ltr'>contraxerint</span> <span class='ocrx_word' id='word_1_212' title='bbox 1140 2344 1212 2366; x_wconf 88' lang='lat' dir='ltr'>cum</span> 
     </span>
     <span class='ocr_line' id='line_1_42' title="bbox 470 2387 1076 2430; baseline -0.002 -9"><span class='ocrx_word' id='word_1_213' title='bbox 470 2388 564 2421; x_wconf 72' lang='lat' dir='ltr'>unica</span> <span class='ocrx_word' id='word_1_214' title='bbox 590 2393 696 2421; x_wconf 87' lang='lat' dir='ltr'>tamen</span> <span class='ocrx_word' id='word_1_215' title='bbox 722 2393 751 2420; x_wconf 81' lang='lat' dir='ltr'>et</span> <span class='ocrx_word' id='word_1_216' title='bbox 772 2387 904 2430; x_wconf 74' lang='lat' dir='ltr'>virgine,</span> <span class='ocrx_word' id='word_1_217' title='bbox 926 2387 1076 2420; x_wconf 87' lang='lat' dir='ltr'>retinere.</span> 
     </span>
    </p>

    <p class='ocr_par' dir='ltr' id='par_1_8' title="bbox 473 2440 1215 2699">
     <span class='ocr_line' id='line_1_43' title="bbox 518 2440 1214 2484; baseline -0.003 -9"><span class='ocrx_word' id='word_1_218' title='bbox 518 2444 533 2484; x_wconf 66' lang='grc' dir='ltr'>ξ</span> <span class='ocrx_word' id='word_1_219' title='bbox 553 2442 604 2475; x_wconf 79' lang='lat'>10.</span> <span class='ocrx_word' id='word_1_220' title='bbox 628 2442 805 2481; x_wconf 86' lang='lat' dir='ltr'>Postremo,</span> <span class='ocrx_word' id='word_1_221' title='bbox 827 2441 914 2484; x_wconf 89' lang='lat' dir='ltr'>quod</span> <span class='ocrx_word' id='word_1_222' title='bbox 935 2440 1019 2474; x_wconf 86' lang='lat' dir='ltr'>bona</span> <span class='ocrx_word' id='word_1_223' title='bbox 1041 2450 1214 2484; x_wconf 84' lang='lat' dir='ltr'>quaecum-</span> 
     </span>
     <span class='ocr_line' id='line_1_44' title="bbox 473 2494 1215 2540; baseline -0.001 -11"><span class='ocrx_word' id='word_1_224' title='bbox 473 2506 535 2540; x_wconf 89' lang='lat' dir='ltr'>que</span> <span class='ocrx_word' id='word_1_225' title='bbox 546 2496 585 2528; x_wconf 87' lang='lat' dir='ltr'>ad</span> <span class='ocrx_word' id='word_1_226' title='bbox 600 2495 702 2529; x_wconf 88' lang='lat' dir='ltr'>dictos</span> <span class='ocrx_word' id='word_1_227' title='bbox 716 2494 925 2528; x_wconf 82' lang='lat' dir='ltr'>conclavistas</span> <span class='ocrx_word' id='word_1_228' title='bbox 938 2500 1092 2528; x_wconf 87' lang='lat' dir='ltr'>eteorum</span> <span class='ocrx_word' id='word_1_229' title='bbox 1107 2505 1215 2538; x_wconf 86' lang='lat' dir='ltr'>quem-</span> 
     </span>
     <span class='ocr_line' id='line_1_45' title="bbox 473 2547 1214 2592; baseline -0.001 -10"><span class='ocrx_word' id='word_1_230' title='bbox 473 2550 552 2582; x_wconf 83' lang='lat' dir='ltr'>libet</span> <span class='ocrx_word' id='word_1_231' title='bbox 571 2548 759 2592; x_wconf 82' lang='lat' dir='ltr'>spectantia,</span> <span class='ocrx_word' id='word_1_232' title='bbox 773 2553 804 2581; x_wconf 89' lang='lat' dir='ltr'>et</span> <span class='ocrx_word' id='word_1_233' title='bbox 821 2558 878 2591; x_wconf 89' lang='lat' dir='ltr'>per</span> <span class='ocrx_word' id='word_1_234' title='bbox 891 2558 956 2588; x_wconf 87' lang='lat' dir='ltr'>eos,</span> <span class='ocrx_word' id='word_1_235' title='bbox 974 2548 1069 2580; x_wconf 88' lang='lat' dir='ltr'>etiam</span> <span class='ocrx_word' id='word_1_236' title='bbox 1090 2547 1214 2581; x_wconf 84' lang='lat' dir='ltr'>ratione</span> 
     </span>
     <span class='ocr_line' id='line_1_46' title="bbox 475 2600 1211 2646; baseline -0.001 -12"><span class='ocrx_word' id='word_1_237' title='bbox 475 2612 757 2646; x_wconf 84' lang='lat' dir='ltr'>quorumcumque</span> <span class='ocrx_word' id='word_1_238' title='bbox 770 2600 1002 2634; x_wconf 78' lang='lat' dir='ltr'>beneficiorum</span> <span class='ocrx_word' id='word_1_239' title='bbox 1017 2600 1211 2634; x_wconf 85' lang='lat' dir='ltr'>ecelesiasti-</span> 
     </span>
     <span class='ocr_line' id='line_1_47' title="bbox 476 2654 1213 2699; baseline 0 -12"><span class='ocrx_word' id='word_1_240' title='bbox 476 2665 586 2688; x_wconf 88' lang='lat' dir='ltr'>corum</span> <span class='ocrx_word' id='word_1_241' title='bbox 607 2665 665 2699; x_wconf 91' lang='lat' dir='ltr'>per</span> <span class='ocrx_word' id='word_1_242' title='bbox 679 2665 733 2688; x_wconf 88' lang='lat' dir='ltr'>eos</span> <span class='ocrx_word' id='word_1_243' title='bbox 750 2654 828 2688; x_wconf 78' lang='lat' dir='ltr'>alias</span> <span class='ocrx_word' id='word_1_244' title='bbox 846 2654 1053 2688; x_wconf 80' lang='lat' dir='ltr'>obtentorum</span> <span class='ocrx_word' id='word_1_245' title='bbox 1072 2659 1100 2687; x_wconf 86' lang='lat' dir='ltr'>et</span> <span class='ocrx_word' id='word_1_246' title='bbox 1122 2654 1213 2687; x_wconf 84' lang='lat' dir='ltr'>obte-</span> 
     </span>
    </p>
   </div>
   <div class='ocr_carea' id='block_1_8' title="bbox 1025 249 1375 275">
    <p class='ocr_par' dir='ltr' id='par_1_9' title="bbox 1025 249 1375 275">
     <span class='ocr_line' id='line_1_48' title="bbox 1025 249 1375 275; baseline 0.003 -1"><span class='ocrx_word' id='word_1_247' title='bbox 1025 250 1207 275; x_wconf 74' lang='lat' dir='ltr'>nULLAmUM</span> <span class='ocrx_word' id='word_1_248' title='bbox 1224 249 1375 275; x_wconf 74' lang='lat' dir='ltr'>ROMANUM</span> 
     </span>
    </p>
   </div>
   <div class='ocr_carea' id='block_1_9' title="bbox 1203 301 1237 2673">
    <p class='ocr_par' dir='ltr' id='par_1_10' title="bbox 1203 301 1237 2673">
     <span class='ocr_line' id='line_1_49' title="bbox 1203 301 1237 2673; baseline 0 0"><span class='ocrx_word' id='word_1_249' title='bbox 1203 301 1237 2673; x_wconf 95' lang='lat' dir='ltr'> </span> 
     </span>
    </p>
   </div>
   <div class='ocr_carea' id='block_1_10' title="bbox 2180 0 2227 2830">
    <p class='ocr_par' dir='ltr' id='par_1_11' title="bbox 2180 0 2227 2830">
     <span class='ocr_line' id='line_1_50' title="bbox 2180 0 2227 2830; baseline 0 0"><span class='ocrx_word' id='word_1_250' title='bbox 2180 0 2227 2830; x_wconf 95' lang='lat' dir='ltr'> </span> 
     </span>
    </p>
   </div>
   <div class='ocr_carea' id='block_1_11' title="bbox 2171 111 2191 258">
    <p class='ocr_par' dir='ltr' id='par_1_12' title="bbox 2171 111 2191 258">
     <span class='ocr_line' id='line_1_51' title="bbox 2171 111 2191 258; textangle 90"><span class='ocrx_word' id='word_1_251' title='bbox 2171 199 2189 258; x_wconf 54' lang='lat'>4⁸·-</span> <span class='ocrx_word' id='word_1_252' title='bbox 2179 186 2185 187; x_wconf 58' lang='lat'>¹</span> <span class='ocrx_word' id='word_1_253' title='bbox 2174 111 2191 170; x_wconf 44' lang='lat' dir='ltr'>*zi-,⁵2</span> 
     </span>
    </p>
   </div>
   <div class='ocr_carea' id='block_1_12' title="bbox 1974 248 2201 278">
    <p class='ocr_par' dir='ltr' id='par_1_13' title="bbox 1974 248 2201 278">
     <span class='ocr_line' id='line_1_52' title="bbox 1974 248 2201 278; baseline 0.009 -2"><span class='ocrx_word' id='word_1_254' title='bbox 1974 249 2022 276; x_wconf 78' lang='lat' dir='ltr'>An.</span> <span class='ocrx_word' id='word_1_255' title='bbox 2043 248 2160 278; x_wconf 60' lang='lat'><strong>&amp;1605</strong></span> <span class='ocrx_word' id='word_1_256' title='bbox 2184 256 2201 278; x_wconf 74' lang='grc'>’-,</span> 
     </span>
    </p>
   </div>
   <div class='ocr_carea' id='block_1_13' title="bbox 1218 298 1958 342">
    <p class='ocr_par' dir='ltr' id='par_1_14' title="bbox 1218 298 1958 342">
     <span class='ocr_line' id='line_1_53' title="bbox 1218 298 1958 342; baseline -0.001 -9"><span class='ocrx_word' id='word_1_257' title='bbox 1218 299 1422 340; x_wconf 88' lang='lat' dir='ltr'>nendorum,</span> <span class='ocrx_word' id='word_1_258' title='bbox 1454 304 1510 332; x_wconf 87' lang='lat' dir='ltr'>aut</span> <span class='ocrx_word' id='word_1_259' title='bbox 1539 298 1617 332; x_wconf 75' lang='lat' dir='ltr'>alias</span> <span class='ocrx_word' id='word_1_260' title='bbox 1649 298 1895 342; x_wconf 86' lang='lat' dir='ltr'>quomodolibet</span> <span class='ocrx_word' id='word_1_261' title='bbox 1926 304 1958 332; x_wconf 85' lang='lat' dir='ltr'>et</span> 
     </span>
    </p>
   </div>
   <div class='ocr_carea' id='block_1_14' title="bbox 1219 307 2201 775">
    <p class='ocr_par' dir='ltr' id='par_1_15' title="bbox 1219 307 2201 775">
     <span class='ocr_line' id='line_1_54' title="bbox 1219 307 2201 405; baseline 0.002 -19"><span class='ocrx_word' id='word_1_262' title='bbox 1219 352 1332 397; x_wconf 88' lang='lat' dir='ltr'>quovis</span> <span class='ocrx_word' id='word_1_263' title='bbox 1352 351 1496 396; x_wconf 85' lang='lat' dir='ltr'>quaesito</span> <span class='ocrx_word' id='word_1_264' title='bbox 1526 352 1634 385; x_wconf 90' lang='lat' dir='ltr'>colore</span> <span class='ocrx_word' id='word_1_265' title='bbox 1662 352 1710 386; x_wconf 90' lang='lat' dir='ltr'>vel</span> <span class='ocrx_word' id='word_1_266' title='bbox 1744 351 1874 395; x_wconf 81' lang='lat' dir='ltr'>ingenio</span> <span class='ocrx_word' id='word_1_267' title='bbox 1903 362 1960 387; x_wconf 88' lang='lat' dir='ltr'>seu</span> <span class='ocrx_word' id='word_1_268' title='bbox 2169 307 2201 405; x_wconf 22' lang='grc' dir='ltr'>ἐξ(</span> 
     </span>
     <span class='ocr_line' id='line_1_55' title="bbox 1221 405 2201 449; baseline 0 -10"><span class='ocrx_word' id='word_1_269' title='bbox 1221 416 1333 439; x_wconf 91' lang='lat' dir='ltr'>eorum</span> <span class='ocrx_word' id='word_1_270' title='bbox 1352 405 1509 439; x_wconf 73' lang='lat' dir='ltr'>industria</span> <span class='ocrx_word' id='word_1_271' title='bbox 1530 405 1616 438; x_wconf 88' lang='lat' dir='ltr'>licite</span> <span class='ocrx_word' id='word_1_272' title='bbox 1629 410 1746 446; x_wconf 89' lang='lat' dir='ltr'>tamen,</span> <span class='ocrx_word' id='word_1_273' title='bbox 1760 405 1917 449; x_wconf 85' lang='lat' dir='ltr'>aequisita</span> <span class='ocrx_word' id='word_1_274' title='bbox 1930 410 1962 439; x_wconf 90' lang='lat' dir='ltr'>et</span> <span class='ocrx_word' id='word_1_275' title='bbox 2169 406 2201 441; x_wconf 64' lang='grc' dir='ltr'>’ἱ</span> 
     </span>
     <span class='ocr_line' id='line_1_56' title="bbox 1221 449 2201 502; baseline -0.004 -11"><span class='ocrx_word' id='word_1_276' title='bbox 1221 459 1429 502; x_wconf 82' lang='lat' dir='ltr'>acquirenda,</span> <span class='ocrx_word' id='word_1_277' title='bbox 1458 463 1489 490; x_wconf 91' lang='lat' dir='ltr'>et</span> <span class='ocrx_word' id='word_1_278' title='bbox 1515 457 1546 490; x_wconf 91' lang='lat' dir='ltr'>in</span> <span class='ocrx_word' id='word_1_279' title='bbox 1575 457 1660 491; x_wconf 91' lang='lat' dir='ltr'>Urbe</span> <span class='ocrx_word' id='word_1_280' title='bbox 1691 457 1824 501; x_wconf 88' lang='lat' dir='ltr'>eiusque</span> <span class='ocrx_word' id='word_1_281' title='bbox 1848 457 1959 491; x_wconf 87' lang='lat' dir='ltr'>distri-</span> <span class='ocrx_word' id='word_1_282' title='bbox 2171 449 2201 495; x_wconf 68' lang='grc' dir='ltr'>ξι</span> 
     </span>
     <span class='ocr_line' id='line_1_57' title="bbox 1220 494 2201 555; baseline -0.001 -10"><span class='ocrx_word' id='word_1_283' title='bbox 1220 518 1272 554; x_wconf 66' lang='lat' dir='ltr'>ctu</span> <span class='ocrx_word' id='word_1_284' title='bbox 1297 523 1333 545; x_wconf 87' lang='lat' dir='ltr'>ac</span> <span class='ocrx_word' id='word_1_285' title='bbox 1357 512 1478 555; x_wconf 90' lang='lat' dir='ltr'>ubique</span> <span class='ocrx_word' id='word_1_286' title='bbox 1498 511 1675 551; x_wconf 83' lang='lat' dir='ltr'>existentia,</span> <span class='ocrx_word' id='word_1_287' title='bbox 1703 511 1814 554; x_wconf 88' lang='lat' dir='ltr'>spoliis</span> <span class='ocrx_word' id='word_1_288' title='bbox 1831 511 1964 545; x_wconf 88' lang='lat' dir='ltr'>minime</span> <span class='ocrx_word' id='word_1_289' title='bbox 2170 494 2201 540; x_wconf 62' lang='grc' dir='ltr'><em>ἕ</em></span> 
     </span>
     <span class='ocr_line' id='line_1_58' title="bbox 1223 564 1959 608; baseline -0.002 -11"><span class='ocrx_word' id='word_1_290' title='bbox 1223 565 1431 605; x_wconf 80' lang='lat' dir='ltr'>subiaceant,</span> <span class='ocrx_word' id='word_1_291' title='bbox 1459 565 1516 598; x_wconf 88' lang='lat' dir='ltr'>sed</span> <span class='ocrx_word' id='word_1_292' title='bbox 1540 564 1753 598; x_wconf 87' lang='lat' dir='ltr'>conclavistae</span> <span class='ocrx_word' id='word_1_293' title='bbox 1777 564 1959 608; x_wconf 85' lang='lat' dir='ltr'>praedicti,</span> 
     </span>
     <span class='ocr_line' id='line_1_59' title="bbox 1224 610 2201 661; baseline -0.002 -10"><span class='ocrx_word' id='word_1_294' title='bbox 1224 618 1348 652; x_wconf 86' lang='lat' dir='ltr'>etiamsi</span> <span class='ocrx_word' id='word_1_295' title='bbox 1369 618 1518 661; x_wconf 76' lang='lat' dir='ltr'>religioni</span> <span class='ocrx_word' id='word_1_296' title='bbox 1543 617 1679 651; x_wconf 85' lang='lat' dir='ltr'>alicuius</span> <span class='ocrx_word' id='word_1_297' title='bbox 1700 617 1844 657; x_wconf 89' lang='lat' dir='ltr'>militiae,</span> <span class='ocrx_word' id='word_1_298' title='bbox 1867 616 1963 651; x_wconf 89' lang='lat' dir='ltr'>etiam</span> <span class='ocrx_word' id='word_1_299' title='bbox 2172 610 2201 654; x_wconf 94' lang='lat'><strong>-⁷·.</strong></span> 
     </span>
     <span class='ocr_line' id='line_1_60' title="bbox 1225 666 2201 716; baseline -0.002 -11"><span class='ocrx_word' id='word_1_300' title='bbox 1225 672 1324 705; x_wconf 85' lang='lat' dir='ltr'>sancti</span> <span class='ocrx_word' id='word_1_301' title='bbox 1345 671 1472 705; x_wconf 88' lang='lat' dir='ltr'>loannis</span> <span class='ocrx_word' id='word_1_302' title='bbox 1495 671 1789 716; x_wconf 77' lang='lat' dir='ltr'>llicrosolymitani,</span> <span class='ocrx_word' id='word_1_303' title='bbox 1811 670 1965 715; x_wconf 87' lang='lat' dir='ltr'>adscripti</span> <span class='ocrx_word' id='word_1_304' title='bbox 2179 666 2201 713; x_wconf 64' lang='lat' dir='ltr'>f(</span> 
     </span>
     <span class='ocr_line' id='line_1_61' title="bbox 1227 719 2201 775; baseline -0.002 -17"><span class='ocrx_word' id='word_1_305' title='bbox 1227 725 1356 766; x_wconf 90' lang='lat' dir='ltr'>suerint,</span> <span class='ocrx_word' id='word_1_306' title='bbox 1381 725 1419 758; x_wconf 85' lang='lat' dir='ltr'>de</span> <span class='ocrx_word' id='word_1_307' title='bbox 1440 725 1502 758; x_wconf 89' lang='lat' dir='ltr'>illis</span> <span class='ocrx_word' id='word_1_308' title='bbox 1523 724 1553 757; x_wconf 92' lang='lat' dir='ltr'>in</span> <span class='ocrx_word' id='word_1_309' title='bbox 1575 725 1714 758; x_wconf 82' lang='lat' dir='ltr'>favorem</span> <span class='ocrx_word' id='word_1_310' title='bbox 1736 735 1967 769; x_wconf 83' lang='lat' dir='ltr'>quarumcum·</span> <span class='ocrx_word' id='word_1_311' title='bbox 2179 719 2201 775; x_wconf 53' lang='grc' dir='ltr'>ἓ·</span> 
     </span>
    </p>
   </div>
   <div class='ocr_carea' id='block_1_15' title="bbox 1227 777 2007 1734">
    <p class='ocr_par' dir='ltr' id='par_1_16' title="bbox 1227 777 1972 1197">
     <span class='ocr_line' id='line_1_62' title="bbox 1227 777 1968 823; baseline 0 -12"><span class='ocrx_word' id='word_1_312' title='bbox 1227 789 1289 823; x_wconf 86' lang='lat' dir='ltr'>que</span> <span class='ocrx_word' id='word_1_313' title='bbox 1315 789 1525 823; x_wconf 87' lang='lat' dir='ltr'>personarum</span> <span class='ocrx_word' id='word_1_314' title='bbox 1542 805 1549 819; x_wconf 92' lang='lat'>‚</span> <span class='ocrx_word' id='word_1_315' title='bbox 1578 778 1702 812; x_wconf 81' lang='lat' dir='ltr'>etiamsi</span> <span class='ocrx_word' id='word_1_316' title='bbox 1732 777 1869 812; x_wconf 87' lang='lat' dir='ltr'>curiales</span> <span class='ocrx_word' id='word_1_317' title='bbox 1899 788 1968 812; x_wconf 89' lang='lat' dir='ltr'>esse</span> 
     </span>
     <span class='ocr_line' id='line_1_63' title="bbox 1229 832 1964 877; baseline -0.001 -10"><span class='ocrx_word' id='word_1_318' title='bbox 1229 833 1393 873; x_wconf 89' lang='lat' dir='ltr'>desierint,</span> <span class='ocrx_word' id='word_1_319' title='bbox 1418 838 1459 874; x_wconf 90' lang='lat' dir='ltr'>et,</span> <span class='ocrx_word' id='word_1_320' title='bbox 1488 832 1519 866; x_wconf 92' lang='lat' dir='ltr'>in</span> <span class='ocrx_word' id='word_1_321' title='bbox 1540 843 1747 877; x_wconf 88' lang='lat' dir='ltr'>quocumque</span> <span class='ocrx_word' id='word_1_322' title='bbox 1766 833 1839 876; x_wconf 79' lang='lat' dir='ltr'>loco</span> <span class='ocrx_word' id='word_1_323' title='bbox 1859 843 1964 877; x_wconf 88' lang='lat' dir='ltr'>quan-</span> 
     </span>
     <span class='ocr_line' id='line_1_64' title="bbox 1230 887 1965 930; baseline 0.001 -11"><span class='ocrx_word' id='word_1_324' title='bbox 1230 887 1345 920; x_wconf 70' lang='lat' dir='ltr'>tumvis</span> <span class='ocrx_word' id='word_1_325' title='bbox 1374 893 1497 920; x_wconf 86' lang='lat' dir='ltr'>remoto</span> <span class='ocrx_word' id='word_1_326' title='bbox 1522 897 1576 920; x_wconf 88' lang='lat' dir='ltr'>eos</span> <span class='ocrx_word' id='word_1_327' title='bbox 1596 887 1752 921; x_wconf 87' lang='lat' dir='ltr'>decedere</span> <span class='ocrx_word' id='word_1_328' title='bbox 1778 887 1965 930; x_wconf 85' lang='lat' dir='ltr'>eontigerit,</span> 
     </span>
     <span class='ocr_line' id='line_1_65' title="bbox 1231 940 1970 985; baseline 0.001 -12"><span class='ocrx_word' id='word_1_329' title='bbox 1231 941 1337 974; x_wconf 79' lang='lat' dir='ltr'>testari</span> <span class='ocrx_word' id='word_1_330' title='bbox 1358 947 1388 974; x_wconf 88' lang='lat' dir='ltr'>ct</span> <span class='ocrx_word' id='word_1_331' title='bbox 1408 941 1485 975; x_wconf 75' lang='lat' dir='ltr'>alias</span> <span class='ocrx_word' id='word_1_332' title='bbox 1505 941 1688 985; x_wconf 88' lang='lat' dir='ltr'>disponere,</span> <span class='ocrx_word' id='word_1_333' title='bbox 1709 940 1812 984; x_wconf 86' lang='lat' dir='ltr'>iisque</span> <span class='ocrx_word' id='word_1_334' title='bbox 1832 940 1871 974; x_wconf 87' lang='lat' dir='ltr'>ab</span> <span class='ocrx_word' id='word_1_335' title='bbox 1889 941 1970 974; x_wconf 81' lang='lat' dir='ltr'>inte-</span> 
     </span>
     <span class='ocr_line' id='line_1_66' title="bbox 1230 993 1970 1037; baseline 0 -9"><span class='ocrx_word' id='word_1_336' title='bbox 1230 1000 1311 1028; x_wconf 86' lang='lat' dir='ltr'>stato</span> <span class='ocrx_word' id='word_1_337' title='bbox 1334 994 1563 1028; x_wconf 85' lang='lat' dir='ltr'>decedentibus</span> <span class='ocrx_word' id='word_1_338' title='bbox 1589 993 1731 1037; x_wconf 82' lang='lat' dir='ltr'>legitime</span> <span class='ocrx_word' id='word_1_339' title='bbox 1755 1004 1868 1027; x_wconf 90' lang='lat' dir='ltr'>eorum</span> <span class='ocrx_word' id='word_1_340' title='bbox 1887 994 1970 1028; x_wconf 86' lang='lat' dir='ltr'>hae-</span> 
     </span>
     <span class='ocr_line' id='line_1_67' title="bbox 1231 1046 1968 1092; baseline -0.001 -11"><span class='ocrx_word' id='word_1_341' title='bbox 1231 1048 1323 1081; x_wconf 85' lang='lat' dir='ltr'>redes</span> <span class='ocrx_word' id='word_1_342' title='bbox 1344 1047 1541 1092; x_wconf 81' lang='lat' dir='ltr'>quicumque</span> <span class='ocrx_word' id='word_1_343' title='bbox 1558 1047 1733 1081; x_wconf 85' lang='lat' dir='ltr'>succedere</span> <span class='ocrx_word' id='word_1_344' title='bbox 1758 1047 1859 1080; x_wconf 85' lang='lat' dir='ltr'>libere</span> <span class='ocrx_word' id='word_1_345' title='bbox 1876 1052 1907 1080; x_wconf 90' lang='lat' dir='ltr'>et</span> <span class='ocrx_word' id='word_1_346' title='bbox 1926 1046 1968 1080; x_wconf 91' lang='lat' dir='ltr'>li-</span> 
     </span>
     <span class='ocr_line' id='line_1_68' title="bbox 1232 1100 1972 1142; baseline 0.001 -9"><span class='ocrx_word' id='word_1_347' title='bbox 1232 1101 1293 1134; x_wconf 85' lang='lat' dir='ltr'>cite</span> <span class='ocrx_word' id='word_1_348' title='bbox 1313 1101 1449 1142; x_wconf 80' lang='lat' dir='ltr'>valeant,</span> <span class='ocrx_word' id='word_1_349' title='bbox 1473 1100 1567 1134; x_wconf 85' lang='lat' dir='ltr'>simili</span> <span class='ocrx_word' id='word_1_350' title='bbox 1595 1101 1692 1134; x_wconf 89' lang='lat' dir='ltr'>modo</span> <span class='ocrx_word' id='word_1_351' title='bbox 1712 1100 1921 1134; x_wconf 90' lang='lat' dir='ltr'>concedimus</span> <span class='ocrx_word' id='word_1_352' title='bbox 1941 1106 1972 1134; x_wconf 88' lang='lat' dir='ltr'>et</span> 
     </span>
     <span class='ocr_line' id='line_1_69' title="bbox 1233 1154 1449 1197; baseline 0.005 -11"><span class='ocrx_word' id='word_1_353' title='bbox 1233 1154 1449 1197; x_wconf 82' lang='lat' dir='ltr'>indulgemus.</span> 
     </span>
    </p>

    <p class='ocr_par' dir='ltr' id='par_1_17' title="bbox 1235 1207 2007 1734">
     <span class='ocr_line' id='line_1_70' title="bbox 1279 1207 1972 1252; baseline 0 -12"><span class='ocrx_word' id='word_1_354' title='bbox 1279 1210 1294 1250; x_wconf 66' lang='lat' dir='ltr'>g</span> <span class='ocrx_word' id='word_1_355' title='bbox 1314 1207 1365 1241; x_wconf 79' lang='lat' dir='ltr'>tt.</span> <span class='ocrx_word' id='word_1_356' title='bbox 1389 1207 1627 1252; x_wconf 87' lang='lat' dir='ltr'>Praecipientes</span> <span class='ocrx_word' id='word_1_357' title='bbox 1652 1218 1689 1241; x_wconf 89' lang='lat' dir='ltr'>ac</span> <span class='ocrx_word' id='word_1_358' title='bbox 1710 1207 1899 1242; x_wconf 86' lang='lat' dir='ltr'>mandantes</span> <span class='ocrx_word' id='word_1_359' title='bbox 1924 1207 1972 1242; x_wconf 91' lang='lat' dir='ltr'>di-</span> 
     </span>
     <span class='ocr_line' id='line_1_71' title="bbox 1235 1261 1974 1305; baseline 0 -11"><span class='ocrx_word' id='word_1_360' title='bbox 1235 1261 1323 1294; x_wconf 83' lang='lat' dir='ltr'>lectis</span> <span class='ocrx_word' id='word_1_361' title='bbox 1345 1261 1418 1294; x_wconf 84' lang='lat' dir='ltr'>filiis</span> <span class='ocrx_word' id='word_1_362' title='bbox 1438 1271 1524 1294; x_wconf 90' lang='lat' dir='ltr'>nunc</span> <span class='ocrx_word' id='word_1_363' title='bbox 1541 1267 1572 1294; x_wconf 89' lang='lat' dir='ltr'>et</span> <span class='ocrx_word' id='word_1_364' title='bbox 1591 1271 1651 1305; x_wconf 90' lang='lat' dir='ltr'>pro</span> <span class='ocrx_word' id='word_1_365' title='bbox 1670 1266 1816 1305; x_wconf 91' lang='lat' dir='ltr'>tempore</span> <span class='ocrx_word' id='word_1_366' title='bbox 1836 1261 1974 1296; x_wconf 85' lang='lat' dir='ltr'>existen-</span> 
     </span>
     <span class='ocr_line' id='line_1_72' title="bbox 1237 1315 1975 1357; baseline 0.001 -10"><span class='ocrx_word' id='word_1_367' title='bbox 1237 1315 1321 1348; x_wconf 88' lang='lat' dir='ltr'>tibus</span> <span class='ocrx_word' id='word_1_368' title='bbox 1341 1315 1370 1349; x_wconf 82' lang='lat' dir='ltr'>S.</span> <span class='ocrx_word' id='word_1_369' title='bbox 1391 1316 1426 1349; x_wconf 77' lang='lat' dir='ltr'>ll.</span> <span class='ocrx_word' id='word_1_370' title='bbox 1448 1316 1481 1348; x_wconf 85' lang='grc' dir='ltr'>Ε.</span> <span class='ocrx_word' id='word_1_371' title='bbox 1506 1315 1695 1355; x_wconf 83' lang='lat' dir='ltr'>camerario,</span> <span class='ocrx_word' id='word_1_372' title='bbox 1712 1321 1743 1348; x_wconf 89' lang='lat' dir='ltr'>et</span> <span class='ocrx_word' id='word_1_373' title='bbox 1763 1315 1975 1357; x_wconf 86' lang='lat' dir='ltr'>thesaurario,</span> 
     </span>
     <span class='ocr_line' id='line_1_73' title="bbox 1236 1368 1976 1413; baseline 0.003 -13"><span class='ocrx_word' id='word_1_374' title='bbox 1236 1369 1504 1413; x_wconf 80' lang='lat' dir='ltr'>praesidentibus,</span> <span class='ocrx_word' id='word_1_375' title='bbox 1529 1368 1654 1402; x_wconf 81' lang='lat' dir='ltr'>clericis</span> <span class='ocrx_word' id='word_1_376' title='bbox 1678 1368 1829 1402; x_wconf 82' lang='lat' dir='ltr'>Gamerae</span> <span class='ocrx_word' id='word_1_377' title='bbox 1846 1373 1976 1403; x_wconf 87' lang='lat' dir='ltr'>nostrae</span> 
     </span>
     <span class='ocr_line' id='line_1_74' title="bbox 1237 1414 1976 1467; baseline -0.001 -11"><span class='ocrx_word' id='word_1_378' title='bbox 1237 1423 1450 1467; x_wconf 79' lang='lat' dir='ltr'>Apostolieac,</span> <span class='ocrx_word' id='word_1_379' title='bbox 1474 1414 1507 1455; x_wconf 44' lang='lat' dir='ltr'>et*</span> <span class='ocrx_word' id='word_1_380' title='bbox 1524 1422 1689 1466; x_wconf 88' lang='lat' dir='ltr'>quibusvis</span> <span class='ocrx_word' id='word_1_381' title='bbox 1709 1421 1778 1455; x_wconf 87' lang='lat' dir='ltr'>aliis</span> <span class='ocrx_word' id='word_1_382' title='bbox 1798 1422 1976 1466; x_wconf 85' lang='lat' dir='ltr'>spoliorum</span> 
     </span>
     <span class='ocr_line' id='line_1_75' title="bbox 1237 1475 1978 1509; baseline 0 -1"><span class='ocrx_word' id='word_1_383' title='bbox 1237 1475 1423 1509; x_wconf 84' lang='lat' dir='ltr'>huiusmodi</span> <span class='ocrx_word' id='word_1_384' title='bbox 1442 1475 1669 1508; x_wconf 88' lang='lat' dir='ltr'>collectoribus</span> <span class='ocrx_word' id='word_1_385' title='bbox 1686 1481 1716 1509; x_wconf 88' lang='lat' dir='ltr'>et</span> <span class='ocrx_word' id='word_1_386' title='bbox 1735 1475 1978 1509; x_wconf 84' lang='lat' dir='ltr'>subcollectori-</span> 
     </span>
     <span class='ocr_line' id='line_1_76' title="bbox 1238 1528 2007 1575; baseline 0 -14"><span class='ocrx_word' id='word_1_387' title='bbox 1238 1529 1307 1570; x_wconf 86' lang='lat' dir='ltr'>bus,</span> <span class='ocrx_word' id='word_1_388' title='bbox 1340 1540 1399 1562; x_wconf 88' lang='lat' dir='ltr'>nee</span> <span class='ocrx_word' id='word_1_389' title='bbox 1431 1539 1495 1562; x_wconf 88' lang='lat' dir='ltr'>non</span> <span class='ocrx_word' id='word_1_390' title='bbox 1521 1528 1709 1562; x_wconf 85' lang='lat' dir='ltr'>militiarum</span> <span class='ocrx_word' id='word_1_391' title='bbox 1740 1528 1978 1572; x_wconf 86' lang='lat' dir='ltr'>praedictarum</span> <span class='ocrx_word' id='word_1_392' title='bbox 2004 1568 2007 1575; x_wconf 91' lang='lat'>.</span> 
     </span>
     <span class='ocr_line' id='line_1_77' title="bbox 1239 1583 1980 1628; baseline 0 -12"><span class='ocrx_word' id='word_1_393' title='bbox 1239 1583 1431 1617; x_wconf 84' lang='lat' dir='ltr'>officialibus</span> <span class='ocrx_word' id='word_1_394' title='bbox 1445 1589 1497 1617; x_wconf 89' lang='lat' dir='ltr'>aut</span> <span class='ocrx_word' id='word_1_395' title='bbox 1519 1583 1796 1628; x_wconf 87' lang='lat' dir='ltr'>procuratoribus,</span> <span class='ocrx_word' id='word_1_396' title='bbox 1813 1593 1853 1617; x_wconf 90' lang='lat' dir='ltr'>ne</span> <span class='ocrx_word' id='word_1_397' title='bbox 1871 1583 1903 1616; x_wconf 90' lang='lat' dir='ltr'>in</span> <span class='ocrx_word' id='word_1_398' title='bbox 1921 1583 1980 1617; x_wconf 91' lang='lat' dir='ltr'>hu-</span> 
     </span>
     <span class='ocr_line' id='line_1_78' title="bbox 1239 1638 1979 1682; baseline 0.001 -12"><span class='ocrx_word' id='word_1_399' title='bbox 1239 1638 1378 1671; x_wconf 87' lang='lat' dir='ltr'>iusmodi</span> <span class='ocrx_word' id='word_1_400' title='bbox 1407 1638 1492 1671; x_wconf 86' lang='lat' dir='ltr'>bona</span> <span class='ocrx_word' id='word_1_401' title='bbox 1525 1648 1638 1671; x_wconf 88' lang='lat' dir='ltr'>manus</span> <span class='ocrx_word' id='word_1_402' title='bbox 1670 1643 1849 1682; x_wconf 87' lang='lat' dir='ltr'>apponant,</span> <span class='ocrx_word' id='word_1_403' title='bbox 1873 1647 1979 1682; x_wconf 88' lang='lat' dir='ltr'>neque</span> 
     </span>
     <span class='ocr_line' id='line_1_79' title="bbox 1240 1689 1978 1734; baseline -0.003 -10"><span class='ocrx_word' id='word_1_404' title='bbox 1240 1691 1394 1724; x_wconf 85' lang='lat' dir='ltr'>haeredes</span> <span class='ocrx_word' id='word_1_405' title='bbox 1433 1690 1675 1734; x_wconf 88' lang='lat' dir='ltr'>praedictorum</span> <span class='ocrx_word' id='word_1_406' title='bbox 1712 1689 1978 1724; x_wconf 80' lang='lat' dir='ltr'>conclavistaruni</span> 
     </span>
    </p>
   </div>
   <div class='ocr_carea' id='block_1_16' title="bbox 1988 1210 2173 1264">
    <p class='ocr_par' dir='ltr' id='par_1_18' title="bbox 1988 1210 2173 1264">
     <span class='ocr_line' id='line_1_80' title="bbox 2016 1210 2173 1237; baseline -0.006 -5"><span class='ocrx_word' id='word_1_407' title='bbox 2016 1210 2173 1237; x_wconf 71' lang='lat' dir='ltr'>Exequuiorum</span> 
     </span>
     <span class='ocr_line' id='line_1_81' title="bbox 1988 1237 2106 1264; baseline -0.008 -5"><span class='ocrx_word' id='word_1_408' title='bbox 1988 1237 2106 1264; x_wconf 74' lang='lat' dir='ltr'>deputatio.</span> 
     </span>
    </p>
   </div>
   <div class='ocr_carea' id='block_1_17' title="bbox 2173 788 2202 1634">
    <p class='ocr_par' dir='ltr' id='par_1_19' title="bbox 2173 788 2202 1634">
     <span class='ocr_line' id='line_1_82' title="bbox 2173 788 2202 1634; textangle 90"><span class='ocrx_word' id='word_1_409' title='bbox 2175 1169 2201 1634; x_wconf 43' lang='grc' dir='ltr'>;.ν..ω.ψνε«νν;-ε&lt;ῑιμ«ψιενεω«.</span> <span class='ocrx_word' id='word_1_410' title='bbox 2197 1188 2199 1200; x_wconf 25' lang='grc' dir='ltr'><em>μ</em></span> <span class='ocrx_word' id='word_1_411' title='bbox 2173 788 2202 1167; x_wconf 32' lang='lat' dir='ltr'>mmai-*Ata**ets-..⁴52</span> 
     </span>
    </p>
   </div>
   <div class='ocr_carea' id='block_1_18' title="bbox 2177 1661 2194 1706">
    <p class='ocr_par' dir='ltr' id='par_1_20' title="bbox 2177 1661 2194 1706">
     <span class='ocr_line' id='line_1_83' title="bbox 2177 1661 2194 1706; textangle 90"><span class='ocrx_word' id='word_1_412' title='bbox 2177 1661 2194 1706; x_wconf 53' lang='lat' dir='ltr'>&#39;ft</span> 
     </span>
    </p>
   </div>
   <div class='ocr_carea' id='block_1_19' title="bbox 1240 1741 2199 2055">
    <p class='ocr_par' dir='ltr' id='par_1_21' title="bbox 1240 1741 2199 2055">
     <span class='ocr_line' id='line_1_84' title="bbox 1240 1741 2193 1788; baseline 0.001 -11"><span class='ocrx_word' id='word_1_413' title='bbox 1240 1745 1378 1788; x_wconf 87' lang='lat' dir='ltr'>desuper</span> <span class='ocrx_word' id='word_1_414' title='bbox 1403 1745 1576 1777; x_wconf 85' lang='lat' dir='ltr'>molestare</span> <span class='ocrx_word' id='word_1_415' title='bbox 1600 1744 1741 1777; x_wconf 88' lang='lat' dir='ltr'>audeant</span> <span class='ocrx_word' id='word_1_416' title='bbox 1765 1754 1822 1777; x_wconf 88' lang='lat' dir='ltr'>seu</span> <span class='ocrx_word' id='word_1_417' title='bbox 1846 1754 1980 1788; x_wconf 84' lang='lat' dir='ltr'>praesu·</span> <span class='ocrx_word' id='word_1_418' title='bbox 2179 1741 2193 1781; x_wconf 67' lang='grc' dir='ltr'>,ἶ</span> 
     </span>
     <span class='ocr_line' id='line_1_85' title="bbox 1242 1797 1981 1837; baseline 0.001 -8"><span class='ocrx_word' id='word_1_419' title='bbox 1242 1804 1345 1837; x_wconf 85' lang='lat' dir='ltr'>mant,</span> <span class='ocrx_word' id='word_1_420' title='bbox 1374 1808 1410 1830; x_wconf 86' lang='lat' dir='ltr'>ac</span> <span class='ocrx_word' id='word_1_421' title='bbox 1431 1797 1527 1830; x_wconf 83' lang='lat' dir='ltr'>etiam</span> <span class='ocrx_word' id='word_1_422' title='bbox 1557 1797 1766 1831; x_wconf 87' lang='lat' dir='ltr'>decernentes</span> <span class='ocrx_word' id='word_1_423' title='bbox 1791 1797 1981 1830; x_wconf 87' lang='lat' dir='ltr'>donationes</span> 
     </span>
     <span class='ocr_line' id='line_1_86' title="bbox 1241 1835 2199 1905; baseline 0.003 -23"><span class='ocrx_word' id='word_1_424' title='bbox 1241 1850 1336 1883; x_wconf 87' lang='lat' dir='ltr'>etiam</span> <span class='ocrx_word' id='word_1_425' title='bbox 1368 1861 1425 1894; x_wconf 90' lang='lat' dir='ltr'>per</span> <span class='ocrx_word' id='word_1_426' title='bbox 1445 1850 1527 1883; x_wconf 88' lang='lat' dir='ltr'>viam</span> <span class='ocrx_word' id='word_1_427' title='bbox 1550 1850 1730 1884; x_wconf 81' lang='lat' dir='ltr'>testamenti</span> <span class='ocrx_word' id='word_1_428' title='bbox 1757 1856 1788 1884; x_wconf 86' lang='lat' dir='ltr'>et</span> <span class='ocrx_word' id='word_1_429' title='bbox 1808 1850 1978 1884; x_wconf 80' lang='lat' dir='ltr'>codicillo·</span> <span class='ocrx_word' id='word_1_430' title='bbox 2175 1835 2199 1905; x_wconf 41' lang='lat' dir='ltr'>{F</span> 
     </span>
     <span class='ocr_line' id='line_1_87' title="bbox 1242 1903 1980 1947; baseline 0.003 -12"><span class='ocrx_word' id='word_1_431' title='bbox 1242 1913 1312 1936; x_wconf 90' lang='lat' dir='ltr'>rum</span> <span class='ocrx_word' id='word_1_432' title='bbox 1346 1914 1403 1947; x_wconf 85' lang='lat' dir='ltr'>per</span> <span class='ocrx_word' id='word_1_433' title='bbox 1438 1903 1523 1947; x_wconf 88' lang='lat' dir='ltr'>ipsos</span> <span class='ocrx_word' id='word_1_434' title='bbox 1555 1903 1765 1937; x_wconf 82' lang='lat' dir='ltr'>conclavistas</span> <span class='ocrx_word' id='word_1_435' title='bbox 1797 1904 1836 1937; x_wconf 87' lang='lat' dir='ltr'>de</span> <span class='ocrx_word' id='word_1_436' title='bbox 1868 1914 1980 1938; x_wconf 86' lang='lat' dir='ltr'>eorum</span> 
     </span>
     <span class='ocr_line' id='line_1_88' title="bbox 1242 1955 2195 2007; baseline 0.002 -18"><span class='ocrx_word' id='word_1_437' title='bbox 1242 1957 1334 1990; x_wconf 93' lang='lat' dir='ltr'>bonis</span> <span class='ocrx_word' id='word_1_438' title='bbox 1359 1957 1545 1990; x_wconf 86' lang='lat' dir='ltr'>huiusmodi</span> <span class='ocrx_word' id='word_1_439' title='bbox 1570 1956 1677 1990; x_wconf 83' lang='lat' dir='ltr'>factas¹</span> <span class='ocrx_word' id='word_1_440' title='bbox 1703 1968 1832 2001; x_wconf 89' lang='lat' dir='ltr'>semper</span> <span class='ocrx_word' id='word_1_441' title='bbox 1856 1963 1888 1992; x_wconf 86' lang='lat' dir='ltr'>et</span> <span class='ocrx_word' id='word_1_442' title='bbox 1910 1968 1982 2002; x_wconf 86' lang='lat' dir='ltr'>per·</span> <span class='ocrx_word' id='word_1_443' title='bbox 2174 1955 2195 2007; x_wconf 55' lang='grc' dir='ltr'><em>ἑ</em></span> 
     </span>
     <span class='ocr_line' id='line_1_89' title="bbox 1242 2010 2194 2055; baseline 0.002 -12"><span class='ocrx_word' id='word_1_444' title='bbox 1242 2017 1339 2055; x_wconf 87' lang='lat' dir='ltr'>petuo</span> <span class='ocrx_word' id='word_1_445' title='bbox 1360 2011 1479 2044; x_wconf 79' lang='lat' dir='ltr'>validas</span> <span class='ocrx_word' id='word_1_446' title='bbox 1505 2017 1535 2044; x_wconf 83' lang='lat' dir='ltr'>et</span> <span class='ocrx_word' id='word_1_447' title='bbox 1560 2010 1704 2044; x_wconf 81' lang='lat' dir='ltr'>efficaces</span> <span class='ocrx_word' id='word_1_448' title='bbox 1725 2011 1871 2045; x_wconf 83' lang='lat' dir='ltr'>existere.</span> <span class='ocrx_word' id='word_1_449' title='bbox 2189 2021 2194 2031; x_wconf 62' lang='lat'>⁸</span> 
     </span>
    </p>
   </div>
   <div class='ocr_carea' id='block_1_20' title="bbox 1243 2026 2192 2642">
    <p class='ocr_par' dir='ltr' id='par_1_22' title="bbox 1243 2026 2192 2642">
     <span class='ocr_line' id='line_1_90' title="bbox 2175 2026 2190 2057; baseline 0 0"><span class='ocrx_word' id='word_1_450' title='bbox 2175 2026 2190 2057; x_wconf 61' lang='grc' dir='ltr'>ἰ</span> 
     </span>
     <span class='ocr_line' id='line_1_91' title="bbox 1288 2060 2192 2112; baseline 0.002 -15"><span class='ocrx_word' id='word_1_451' title='bbox 1288 2067 1304 2107; x_wconf 66' lang='grc' dir='ltr'>ξ</span> <span class='ocrx_word' id='word_1_452' title='bbox 1342 2065 1388 2097; x_wconf 72' lang='lat'>12.</span> <span class='ocrx_word' id='word_1_453' title='bbox 1428 2065 1490 2098; x_wconf 83' lang='lat' dir='ltr'>Nee</span> <span class='ocrx_word' id='word_1_454' title='bbox 1523 2065 1653 2098; x_wconf 86' lang='lat' dir='ltr'>eosdem</span> <span class='ocrx_word' id='word_1_455' title='bbox 1682 2065 1891 2099; x_wconf 86' lang='lat' dir='ltr'>conclavistas</span> <span class='ocrx_word' id='word_1_456' title='bbox 1922 2075 1979 2099; x_wconf 90' lang='lat' dir='ltr'>eo·</span> <span class='ocrx_word' id='word_1_457' title='bbox 1998 2060 2192 2112; x_wconf 49' lang='lat' dir='ltr'>caffifegffi&#39;ssssi’ssff</span> 
     </span>
     <span class='ocr_line' id='line_1_92' title="bbox 1243 2109 2190 2163; baseline 0.001 -11"><span class='ocrx_word' id='word_1_458' title='bbox 1243 2130 1354 2153; x_wconf 76' lang='lat' dir='ltr'>rumve</span> <span class='ocrx_word' id='word_1_459' title='bbox 1381 2118 1520 2163; x_wconf 86' lang='lat' dir='ltr'>aliquem</span> <span class='ocrx_word' id='word_1_460' title='bbox 1540 2119 1578 2152; x_wconf 89' lang='lat' dir='ltr'>ad</span> <span class='ocrx_word' id='word_1_461' title='bbox 1599 2123 1785 2163; x_wconf 85' lang='lat' dir='ltr'>praesentes</span> <span class='ocrx_word' id='word_1_462' title='bbox 1809 2119 1930 2154; x_wconf 80' lang='lat' dir='ltr'>litteras</span> <span class='ocrx_word' id='word_1_463' title='bbox 1950 2119 1985 2153; x_wconf 89' lang='lat' dir='ltr'>in</span> <span class='ocrx_word' id='word_1_464' title='bbox 1998 2119 2038 2138; x_wconf 74' lang='lat'><strong>¹¹¹¹·</strong></span> <span class='ocrx_word' id='word_1_465' title='bbox 2172 2109 2190 2128; x_wconf 51' lang='lat'>&#39;³</span> 
     </span>
     <span class='ocr_line' id='line_1_93' title="bbox 1246 2172 2186 2207; baseline 0 0"><span class='ocrx_word' id='word_1_466' title='bbox 1246 2173 1330 2207; x_wconf 71' lang='lat' dir='ltr'>dieta</span> <span class='ocrx_word' id='word_1_467' title='bbox 1355 2173 1489 2207; x_wconf 80' lang='lat' dir='ltr'>Camera</span> <span class='ocrx_word' id='word_1_468' title='bbox 1514 2172 1742 2206; x_wconf 88' lang='lat' dir='ltr'>insinuandum</span> <span class='ocrx_word' id='word_1_469' title='bbox 1775 2178 1830 2206; x_wconf 89' lang='lat' dir='ltr'>aut</span> <span class='ocrx_word' id='word_1_470' title='bbox 1857 2173 1984 2207; x_wconf 88' lang='lat' dir='ltr'>admitti</span> <span class='ocrx_word' id='word_1_471' title='bbox 2183 2202 2186 2207; x_wconf 94' lang='lat'>.</span> 
     </span>
     <span class='ocr_line' id='line_1_94' title="bbox 1247 2226 2186 2271; baseline 0.002 -12"><span class='ocrx_word' id='word_1_472' title='bbox 1247 2233 1275 2260; x_wconf 87' lang='lat' dir='ltr'>et</span> <span class='ocrx_word' id='word_1_473' title='bbox 1294 2227 1456 2269; x_wconf 67' lang='lat' dir='ltr'>registrari</span> <span class='ocrx_word' id='word_1_474' title='bbox 1477 2227 1652 2271; x_wconf 87' lang='lat' dir='ltr'>petendum</span> <span class='ocrx_word' id='word_1_475' title='bbox 1676 2226 1794 2267; x_wconf 88' lang='lat' dir='ltr'>teneri,</span> <span class='ocrx_word' id='word_1_476' title='bbox 1817 2237 1877 2261; x_wconf 89' lang='lat' dir='ltr'>nec</span> <span class='ocrx_word' id='word_1_477' title='bbox 1901 2227 1983 2267; x_wconf 88' lang='lat' dir='ltr'>illas,</span> <span class='ocrx_word' id='word_1_478' title='bbox 2164 2226 2186 2269; x_wconf 41' lang='grc' dir='ltr'><strong>ᾗ</strong></span> 
     </span>
     <span class='ocr_line' id='line_1_95' title="bbox 1248 2278 2180 2323; baseline 0.002 -10"><span class='ocrx_word' id='word_1_479' title='bbox 1248 2281 1371 2314; x_wconf 84' lang='lat' dir='ltr'>etiamsi</span> <span class='ocrx_word' id='word_1_480' title='bbox 1394 2280 1476 2313; x_wconf 87' lang='lat' dir='ltr'>intra</span> <span class='ocrx_word' id='word_1_481' title='bbox 1497 2284 1624 2323; x_wconf 87' lang='lat' dir='ltr'>tempus</span> <span class='ocrx_word' id='word_1_482' title='bbox 1641 2280 1820 2323; x_wconf 83' lang='lat' dir='ltr'>legitimum</span> <span class='ocrx_word' id='word_1_483' title='bbox 1842 2280 1987 2314; x_wconf 87' lang='lat' dir='ltr'>insinua·</span> <span class='ocrx_word' id='word_1_484' title='bbox 2176 2278 2180 2282; x_wconf 71' lang='grc'><strong>”</strong></span> 
     </span>
     <span class='ocr_line' id='line_1_96' title="bbox 1249 2333 1985 2375; baseline 0 -8"><span class='ocrx_word' id='word_1_485' title='bbox 1249 2339 1308 2373; x_wconf 89' lang='lat' dir='ltr'>tae,</span> <span class='ocrx_word' id='word_1_486' title='bbox 1324 2334 1493 2373; x_wconf 84' lang='lat' dir='ltr'>admissae,</span> <span class='ocrx_word' id='word_1_487' title='bbox 1512 2343 1567 2366; x_wconf 89' lang='lat' dir='ltr'>seu</span> <span class='ocrx_word' id='word_1_488' title='bbox 1582 2333 1769 2375; x_wconf 75' lang='lat' dir='ltr'>registi-atae</span> <span class='ocrx_word' id='word_1_489' title='bbox 1781 2343 1843 2366; x_wconf 90' lang='lat' dir='ltr'>non</span> <span class='ocrx_word' id='word_1_490' title='bbox 1856 2333 1985 2374; x_wconf 84' lang='lat' dir='ltr'>suerint,</span> 
     </span>
     <span class='ocr_line' id='line_1_97' title="bbox 1248 2386 1988 2432; baseline 0 -12"><span class='ocrx_word' id='word_1_491' title='bbox 1248 2392 1420 2432; x_wconf 85' lang='lat' dir='ltr'>propterea</span> <span class='ocrx_word' id='word_1_492' title='bbox 1435 2386 1540 2420; x_wconf 90' lang='lat' dir='ltr'>minus</span> <span class='ocrx_word' id='word_1_493' title='bbox 1555 2387 1673 2420; x_wconf 88' lang='lat' dir='ltr'>validas</span> <span class='ocrx_word' id='word_1_494' title='bbox 1687 2386 1823 2427; x_wconf 91' lang='lat' dir='ltr'>censeri,</span> <span class='ocrx_word' id='word_1_495' title='bbox 1844 2387 1900 2420; x_wconf 89' lang='lat' dir='ltr'>scd</span> <span class='ocrx_word' id='word_1_496' title='bbox 1913 2397 1988 2421; x_wconf 88' lang='lat' dir='ltr'>suos</span> 
     </span>
     <span class='ocr_line' id='line_1_98' title="bbox 1249 2439 2188 2485; baseline -0.001 -12"><span class='ocrx_word' id='word_1_497' title='bbox 1249 2440 1411 2485; x_wconf 88' lang='lat' dir='ltr'>plenarios</span> <span class='ocrx_word' id='word_1_498' title='bbox 1432 2440 1562 2473; x_wconf 76' lang='lat' dir='ltr'>effectus</span> <span class='ocrx_word' id='word_1_499' title='bbox 1582 2439 1690 2473; x_wconf 88' lang='lat' dir='ltr'>sortiri</span> <span class='ocrx_word' id='word_1_500' title='bbox 1712 2439 1840 2473; x_wconf 90' lang='lat' dir='ltr'>debere.</span> <span class='ocrx_word' id='word_1_501' title='bbox 2053 2464 2059 2468; x_wconf 86' lang='lat'>.</span> <span class='ocrx_word' id='word_1_502' title='bbox 2174 2468 2188 2481; x_wconf 32' lang='grc'>,-</span> 
     </span>
     <span class='ocr_line' id='line_1_99' title="bbox 1294 2479 2188 2539; baseline -0.003 -13"><span class='ocrx_word' id='word_1_503' title='bbox 1294 2495 1310 2536; x_wconf 64' lang='lat' dir='ltr'>g</span> <span class='ocrx_word' id='word_1_504' title='bbox 1340 2493 1391 2527; x_wconf 76' lang='lat'>13.</span> <span class='ocrx_word' id='word_1_505' title='bbox 1416 2495 1459 2527; x_wconf 78' lang='lat' dir='ltr'>Ac</span> <span class='ocrx_word' id='word_1_506' title='bbox 1479 2493 1608 2526; x_wconf 85' lang='lat' dir='ltr'>easdem</span> <span class='ocrx_word' id='word_1_507' title='bbox 1628 2498 1813 2536; x_wconf 86' lang='lat' dir='ltr'>praesentes</span> <span class='ocrx_word' id='word_1_508' title='bbox 1833 2498 1863 2526; x_wconf 93' lang='lat' dir='ltr'>et</span> <span class='ocrx_word' id='word_1_509' title='bbox 1887 2493 1918 2526; x_wconf 92' lang='lat' dir='ltr'>in</span> <span class='ocrx_word' id='word_1_510' title='bbox 1943 2493 1989 2527; x_wconf 88' lang='lat' dir='ltr'>eis</span> <span class='ocrx_word' id='word_1_511' title='bbox 2029 2479 2188 2539; x_wconf 46' lang='lat' dir='ltr'>altaspata}</span> 
     </span>
     <span class='ocr_line' id='line_1_100' title="bbox 1249 2532 2117 2590; baseline -0.003 -9"><span class='ocrx_word' id='word_1_512' title='bbox 1249 2552 1400 2581; x_wconf 85' lang='lat' dir='ltr'>contenta</span> <span class='ocrx_word' id='word_1_513' title='bbox 1425 2556 1649 2590; x_wconf 86' lang='lat' dir='ltr'>quaecumque</span> <span class='ocrx_word' id='word_1_514' title='bbox 1668 2545 1728 2578; x_wconf 88' lang='lat' dir='ltr'>sub</span> <span class='ocrx_word' id='word_1_515' title='bbox 1748 2545 1913 2589; x_wconf 89' lang='lat' dir='ltr'>quibusvis</span> <span class='ocrx_word' id='word_1_516' title='bbox 1937 2556 1988 2579; x_wconf 84' lang='lat' dir='ltr'>re-</span> <span class='ocrx_word' id='word_1_517' title='bbox 2003 2532 2117 2551; x_wconf 43' lang='lat' dir='ltr'>Qum*</span> 
     </span>
     <span class='ocr_line' id='line_1_101' title="bbox 1249 2597 1990 2642; baseline 0 -10"><span class='ocrx_word' id='word_1_518' title='bbox 1249 2599 1484 2640; x_wconf 84' lang='lat' dir='ltr'>vocationibus,</span> <span class='ocrx_word' id='word_1_519' title='bbox 1511 2597 1797 2642; x_wconf 86' lang='lat' dir='ltr'>suspensionibus,</span> <span class='ocrx_word' id='word_1_520' title='bbox 1825 2598 1990 2632; x_wconf 90' lang='lat' dir='ltr'>limitatio-</span> 
     </span>
    </p>
   </div>
   <div class='ocr_carea' id='block_1_21' title="bbox 1283 2660 1952 2697">
    <p class='ocr_par' dir='ltr' id='par_1_23' title="bbox 1283 2660 1952 2697">
     <span class='ocr_line' id='line_1_102' title="bbox 1283 2660 1952 2697; baseline 0 -8"><span class='ocrx_word' id='word_1_521' title='bbox 1283 2662 1322 2697; x_wconf 83' lang='grc'>(1)</span> <span class='ocrx_word' id='word_1_522' title='bbox 1341 2662 1395 2690; x_wconf 88' lang='lat' dir='ltr'>Vox</span> <span class='ocrx_word' id='word_1_523' title='bbox 1413 2663 1506 2696; x_wconf 72' lang='lat' dir='ltr'>factas</span> <span class='ocrx_word' id='word_1_524' title='bbox 1525 2660 1696 2697; x_wconf 83' lang='lat' dir='ltr'>adiungenda</span> <span class='ocrx_word' id='word_1_525' title='bbox 1711 2660 1770 2688; x_wconf 80' lang='lat' dir='ltr'>visa</span> <span class='ocrx_word' id='word_1_526' title='bbox 1783 2660 1832 2689; x_wconf 84' lang='lat' dir='ltr'>fuit</span> <span class='ocrx_word' id='word_1_527' title='bbox 1844 2660 1886 2697; x_wconf 76' lang='lat' dir='ltr'>(n.</span> <span class='ocrx_word' id='word_1_528' title='bbox 1902 2662 1952 2695; x_wconf 60' lang='lat'>¹12).</span> 
     </span>
    </p>
   </div>
   <div class='ocr_carea' id='block_1_22' title="bbox 2196 2854 2200 2961">
    <p class='ocr_par' dir='ltr' id='par_1_24' title="bbox 2196 2854 2200 2961">
     <span class='ocr_line' id='line_1_103' title="bbox 2196 2854 2200 2961; baseline 0 280"><span class='ocrx_word' id='word_1_529' title='bbox 2196 2854 2200 2961; x_wconf 95' lang='lat' dir='ltr'> </span> 
     </span>
    </p>
   </div>
  </div>
 </body>
</html>
