2227 3241
860 267 953 290 INDEX
982 266 1110 290 RI'BIIICA
1118 265 1180 290 Rt'u

353 313 392 348 ad
421 314 505 359 piam
536 322 711 357 egenorum
736 313 939 356 scholarium,
965 314 1004 348 ad

352 376 514 402 sacrarum
531 366 707 401 litterarum
723 371 753 401 et
767 366 844 401 iuris
861 368 1005 401 canonici

352 420 490 456 studium
503 419 764 462 incumbentium,
774 420 1006 463 educationem,

355 485 426 509 cum
445 476 619 519 gratiarum
636 478 665 508 et
680 474 919 519 privilegiorum
937 484 1007 508 con-

352 529 508 570 cessione,
534 528 607 561 ⁵239.

265 581 348 616 XIX.
381 581 550 626 Deputatio
583 583 691 616 vicarii
728 582 832 625 Papae
869 583 898 615 in
924 581 1007 616 iudi-

350 645 423 669 cem
458 644 624 670 causarum
661 635 737 670 dicti
773 634 899 679 collegii
935 634 1008 668 Mat-

353 689 448 730 thaei,
476 689 584 723 238‘21'S.

266 741 333 776 XX.
356 742 402 776 De
428 746 514 777 certo
539 742 762 786 religiosorum
789 751 922 776 numero
946 743 1009 776 eui-

354 807 491 842 cumque
531 798 738 837 monasterio‚
764 798 933 830 conventui
971 805 1008 830 ac

355 851 462 885 domui
488 850 625 894 regulari
651 850 875 895 praefigendo,
902 851 974 884 219.

265 901 346 935 XXI.
372 901 465 943 Quod
491 902 601 936 fratres
621 901 752 937 Ordinis
769 901 1008 936 Carmelitarum

355 954 623 989 Discalceatorum
664 957 784 999 possint
824 954 943 1000 ubique
968 955 1008 988 de

354 1007 421 1041 sola
456 1007 584 1042 licentia
620 1007 783 1043 Ordinarii
817 1018 898 1042 nova
934 1017 1008 1042 con-

355 1065 479 1095 struere
500 1064 699 1103 monasteria,
728 1063 800 1096 0250.

268 1114 364 1149 XXII.
390 1115 514 1149 Erectio
532 1115 647 1150 banchi
665 1117 880 1161 depositorum
904 1117 1010 1151 Sancti

357 1168 494 1212 SpIritus
520 1171 550 1204 in
576 1170 669 1204 Saxia
693 1170 732 1204 de
758 1169 851 1213 Urbe,
879 1170 951 1204 251.

268 1220 382 1255 XXIII.
407 1221 579 1257 Revocatio
604 1225 841 1268 exemptionum
870 1225 1009 1257 omnium

357 1284 374 1309 a
400 1275 555 1310 solutione
581 1286 712 1311 onerum
738 1277 934 1311 reverendae
959 1277 1013 1311 Ca-

358 1339 465 1364 merae
514 1330 707 1375 apostolicae
755 1331 1012 1376 quibuscumque

358 1393 592 1426 concessarum,
617 1395 689 1419 cum
715 1386 918 1419 innovatione
943 1394 1014 1419 con-

356 1439 555 1472 stitutionum
580 1438 722 1482 desuper
746 1448 763 1472 a
789 1438 1014 1483 praedecesso-

353 1489 446 1560 'Ubus
463 1490 629 1533 editarum,
658 1492 730 1525 ⁵255.

271 1543 382 1577 xxlt.
408 1544 572 1579 Innovatio
597 1549 626 1579 et
648 1547 792 1579 extensio
818 1547 1015 1580 constitutio·

359 1604 434 1628 num
459 1595 505 1629 Pii
530 1595 583 1635 IV,
610 1596 656 1630 Pii
674 1595 708 1637 V,
726 1596 873 1640 Gregorii
891 1597 962 1630 XIII
985 1601 1015 1632 et

358 1648 530 1684 Clementis
561 1649 633 1683 VIII
665 1653 774 1684 contra
807 1650 1014 1685 extrahentes

359 1702 399 1736 de
432 1703 520 1738 Statu
552 1703 777 1738 Ecclesiastico
803 1705 961 1749 terrisque
985 1706 1014 1738 ei

360 1758 455 1790 etiam
487 1757 626 1791 mediate
657 1756 812 1791 subiectis
845 1758 1014 1801 frumenta,

360 1808 472 1852 blada,
512 1809 687 1854 legumina,
726 1810 875 1845 animalia
900 1814 930 1844 et
955 1810 1016 1845 alia

359 1871 517 1897 annonam
542 1867 573 1898 et
596 1866 755 1906 grasciam
779 1866 1015 1908 concernentia,

361 1925 433 1951 oum
451 1919 652 1952 revocatione
670 1917 863 1952 indultorum
876 1919 1014 1952 omnium

360 1974 391 2004 et
415 1970 615 2005 licentiarum
640 1971 881 2017 quomodolibet
899 1971 1016 2006 similia

362 2024 552 2059 extrahendi
577 2034 811 2067 concessarum,
839 2026 911 2060 160.

274 2077 373 2112 XXV.
406 2078 550 2113 Facultas
582 2081 733 2124 episcopo
758 2079 1017 2113 Wratislaviensi

363 2132 499 2175 cogendi
520 2142 584 2175 eos,
609 2134 665 2178 qui
686 2142 725 2166 ex
740 2132 870 2167 decreto
884 2132 1016 2167 Concilii

363 2185 540 2219 TridentIni
580 2190 726 2220 tenentur
760 2190 790 2221 at
828 2186 1016 2220 solutionem

364 2238 581 2273 subsidiorum
599 2250 656 2284 pro
674 2241 835 2274 erectione
854 2242 1018 2275 seminarii

366 2292 560 2335 dioecesani,
588 2293 661 2326 266.

278 2343 390 2379 XXVI.
422 2345 625 2380 Confirmatio
657 2348 890 2382 constitutionis
923 2348 969 2382 Pii
995 2347 1019 2380 V

366 2399 406 2433 de
430 2400 622 2443 civitatibus,
641 2403 733 2435 terris
751 2405 781 2435 et
799 2401 874 2435 locis
892 2405 1020 2435 sanctae

368 2453 528 2487 Romanae
545 2450 707 2488 Ecclesiae
731 2463 792 2487 non
807 2454 1020 2495 infeudandiS,

368 2510 399 2541 et
429 2507 653 2542 declarationis
684 2507 861 2542 Innocentii
894 2507 936 2540 lX
963 2507 1021 2541 hac

368 2572 466 2606 super
489 2572 523 2596 rc
548 2562 663 2605 editae,
690 2563 764 2595 266.

280 2615 409 2649 XXVII.
434 2616 480 2650 De
505 2616 661 2650 vocalium
687 2616 821 2649 eletione
839 2619 869 2649 et
895 2617 974 2650 votis
990 2617 1020 2649 In

371 2669 560 2704 [listinitoriis
600 2674 629 2703 et
665 2669 778 2703 diaetis
817 2668 1022 2712 generalibus

1670 253 1734 287 709

1125 312 1387 356 congregationis
1419 311 1652 346 Canonicorum
1677 310 1779 355 Regu-

1128 365 1241 400 larium
1254 365 1524 407 Lateranensium,
1534 364 1639 409 deque
1656 363 1780 398 abbatis

1127 419 1287 463 generalis
1312 429 1348 454 ac
1374 420 1588 463 procuratoris
1613 417 1780 459 electione,

1129 475 1385 518 novitiorumque
1400 474 1591 516 receptione,
1618 467 1692 506 ⁶268.

1040 525 1181 561 XXVIII.
1215 526 1416 561 ConfirmatIO
1449 527 1574 560 unionis
1606 525 1782 569 Congrega-

1130 580 1223 614 tionis
1262 580 1394 614 fratrum
1433 580 1534 614 saneti
1569 578 1727 613 Ambrosii
1751 582 1783 613 et

1128 630 1392 675 Congregationis
1423 630 1553 664 fratrum
1585 629 1687 664 sancti
1711 629 1783 664 Bar-

1130 683 1230 718 nabae
1260 684 1320 718 sub
1345 682 1455 728 regula
1479 686 1580 718 sancti
1606 684 1778 727 Augustini

1129 739 1321 780 strennum,
1353 741 1384 771 et
1415 737 1601 782 approbatio
1631 738 1784 771 constitu-

1131 793 1251 825 li0num
1288 802 1343 835 pro
1369 800 1478 825 earum
1509 790 1590 825 bono
1627 792 1784 834 regimine

1131 844 1297 887 editarum,
1323 846 1528 889 omniumque
1544 843 1785 887 privilegiorum

1130 897 1251 931 eisdem
1277 907 1515 939 concessorum,
1536 897 1611 931 270.

1043 951 1158 985 XXIX.
1185 951 1276 993 Quod
1304 951 1416 986 fratres
1442 951 1705 994 congregationis
1730 949 1782 984 Ie-

1132 1009 1295 1039 suatorum
1318 1007 1422 1039 sancti
1439 1005 1626 1048 Hieronymi
1642 1003 1786 1038 ordinem

1132 1058 1361 1093 sacerdotalem
1379 1068 1397 1092 a
1414 1068 1616 1104 quocumque
1633 1060 1785 1103 episeopo

1133 1112 1267 1151 idoneo,
1294 1114 1430 1146 servatis
1454 1111 1631 1154 servandis,
1656 1113 1786 1156 assequi

1133 1167 1310 1210 generatim
1335 1165 1462 1200 valeant
1479 1169 1510 1200 et
1531 1170 1697 1202 exercere.
1716 1174 1783 1209 pro-

1135 1219 1343 1255 hibitionibus
1375 1219 1632 1266 quibuscumque
1657 1218 1787 1263 abroga-

1135 1275 1191 1308 tis:
1224 1273 1391 1309 nonnullas
1428 1277 1532 1308 tamen
1572 1273 1787 1308 ordinationes

1135 1327 1306 1361 observare
1330 1331 1508 1370 teneantur,
1534 1327 1607 1361 ⁶271.

1047 1382 1146 1414 XXX.
1157 1379 1342 1415 Commissio
1356 1381 1475 1415 vicario
1484 1380 1627 1424 generali
1641 1379 1786 1423 Vigleva-

1137 1435 1227 1468 nensi
1243 1434 1450 1469 confirmandi
1461 1436 1653 1468 erectionem
1663 1433 1790 1468 scholae

1137 1491 1168 1522 et
1192 1487 1405 1522 bibliothecae
1430 1487 1669 1530 Ambrosianae,
1687 1487 1790 1531 leges-

1136 1551 1198 1586 que
1233 1551 1290 1585 pro
1336 1550 1444 1575 earum
1476 1542 1631 1584 regimine
1664 1541 1741 1574 latas
1774 1549 1791 1574 a

1137 1595 1298 1628 Friderico
1311 1594 1463 1629 cardinali
1479 1595 1679 1635 Borromaeo,
1697 1595 1790 1638 eique

1137 1648 1278 1683 redditus
1303 1648 1469 1682 nonnullos
1495 1648 1636 1689 uniendi,
1657 1648 1732 1681 0279.

1049 1702 1163 1735 XXXI.
1185 1701 1360 1736 Renovatio
1376 1701 1551 1736 litterarum
1569 1701 1701 1745 Gregori
1717 1700 1790 1734 XIII

1138 1765 1236 1801 super
1275 1757 1512 1790 confirmatione
1552 1759 1643 1790 taxae
1683 1753 1722 1788 ab
1746 1763 1793 1788 ar-

1138 1810 1342 1854 chiepiscopo
1358 1809 1523 1843 Valentino
1538 1809 1719 1842 efformatae
1734 1818 1792 1852 pro

1139 1865 1300 1899 dotatione
1325 1864 1533 1898 ecclesiarum
1565 1861 1792 1906 parochialium

1139 1920 1170 1952 in
1196 1928 1294 1962 regno
1321 1917 1481 1952 Valentiae
1506 1927 1563 1961 pro
1584 1917 1792 1950 instructione

1139 1972 1318 2006 Maurorum
1336 1973 1459 2006 noviter
1484 1980 1713 2005 conversorum
1729 1978 1794 2003 ere-

1140 2030 1273 2063 ctarum,
1301 2035 1361 2059 non
1379 2024 1579 2059 obstantibus
1596 2023 1709 2058 litteris
1727 2022 1793 2057 Cle-

1141 2082 1254 2114 mentis
1266 2078 1344 2120 Vlll,
1362 2078 1478 2123 quibus
1497 2076 1711 2112 diversimodo
1726 2086 1792 2120 pro-

1142 2132 1245 2164 visum
1263 2130 1364 2164 suerat
1378 2139 1476 2173 snper
1493 2127 1604 2162 eadem
1621 2126 1692 2162 taxa
1710 2129 1795 2161 cius-

1141 2194 1202 2228 quo
1229 2185 1406 2225 exactione,
1432 2183 1506 2216 284.

1053 2238 1184 2272 XXXII.
1221 2237 1421 2272 Confirmatio
1461 2236 1654 2270 reductionis
1691 2243 1795 2268 mona-

1143 2291 1272 2325 chorum
1301 2292 1401 2325 sancti
1427 2289 1532 2323 Basilii
1553 2291 1583 2323 in
1602 2297 1694 2323 unam
1721 2288 1796 2321 Con-

1142 2347 1377 2390 gregationcm,
1410 2347 1439 2377 et
1471 2342 1656 2387 approbatio
1680 2343 1795 2385 gratia·

1145 2409 1211 2433 rum
1238 2402 1268 2432 et
1293 2397 1533 2441 privilegiorum
1560 2395 1663 2430 eidem
1681 2393 1795 2429 Ordini

1145 2461 1379 2491 concessorum,
1417 2451 1490 2483 ⁶294.

1055 2507 1198 2539 XXthl.
1225 2504 1340 2548 Legato
1366 2503 1582 2537 Avcnionensi
1599 2503 1733 2546 eiusque
1750 2501 1796 2533 vi-

1146 2558 1288 2602 celegato
1320 2557 1505 2591 conceditur
1530 2555 1660 2589 facultas
1684 2555 1796 2588 contir-

1146 2612 1251 2646 mandi
1291 2612 1534 2645 transactionem
1574 2618 1671 2653 snper
1710 2607 1795 2641 bullo

1146 2667 1233 2710 regie
1260 2667 1289 2699 in
1316 2666 1427 2707 pannis
1453 2664 1571 2705 sericis.
1592 2663 1646 2707 qni
1667 2662 1696 2695 in
1723 2661 1796 2693 rivi-
