2227 3241
203 263 291 307 Ans.
316 263 382 291 1609

227 1176 302 1196 Postea
312 1174 337 1195 ml
351 1174 392 1194 ele-

206 1203 297 1222 ctionem
318 1202 390 1221 tit-arii

207 1228 311 1253 generatis
329 1228 392 1247 ‹teve-

207 1256 247 1275 niri
275 1256 392 1280 praecipu,

207 1282 242 1307 qui
259 1281 323 1301 tutius
343 1287 391 1300 cuu-

208 1307 335 1333 aregationis
358 1313 392 1326 su-

208 1340 278 1360 perior·
286 1334 360 1353 existat
373 1335 393 1353 et

208 1361 302 1380 ministro
327 1366 392 1385 geur-

209 1388 247 1407 ralt
269 1386 332 1406 totius>
355 1388 393 1406 Or-

209 1414 263 1434 dtnts
279 1413 351 1433 subm.

257 1759 298 1778 sec·
313 1764 353 1777 non
369 1757 395 1777 ail

212 1786 336 1805 ele-*tionem
361 1785 395 1803 tta·-

213 1808 396 1836 tunturumcitmr-

214 1838 339 1858 modalium.

259 1969 341 1991 Primae
358 1970 398 1990 ete-

213 1997 277 2017 ctiont
300 1997 349 2016 dit-ti
371 2002 398 2016 rt-

214 2024 267 2044 carii
301 2023 398 2043 nuncium

214 2049 277 2071 Sedis
295 2049 398 2075 Apostoli·

214 2082 252 2097 cae
275 2076 398 2101 praesidere

215 2103 281 2124 lubet.

429 256 492 288 (El-'11

403 313 541 356 potentis
566 312 618 345 Dei
640 311 814 352 servitium,
839 322 874 344 ac
895 311 1037 345 eiusdem
1060 312 1139 346 Con-

401 365 615 407 greg-ationis,
650 364 796 408 illiusque
822 364 977 407 regularis
1007 364 1139 398 instituti

402 419 658 462 prosperitatem,
687 418 889 451 stabilitatem
917 424 946 451 et
970 418 1141 452 observan-

403 472 489 511 tiam,
509 481 633 505 necnon
661 471 818 513 generalis
843 477 870 505 et
894 471 1138 515 provincialium

402 525 614 568 capitulorum
636 524 896 564 celebrationem,
913 536 949 558 ac
979 534 1141 569 quorum-

402 588 541 622 cumque
559 578 776 622 praelatorum
799 583 826 610 et
853 578 1051 622 superiorem
1078 578 1141 612 ele-

402 631 554 671 ctionem,
578 630 773 674 piorumque
795 636 824 663 ct
841 631 1053 674 spiritualium
1075 631 1137 664 mi-

402 684 609 717 nisteriorum
636 684 902 728 propagationem
930 684 1137 728 pertinentia,

403 747 438 769 ac
456 737 532 770 alias
551 737 580 769 in
611 737 794 781 praemissis
817 743 847 770 et
872 737 956 770 circa
976 748 1011 770 ea
1030 747 1140 771 eorum

404 790 522 824 iudicio
544 790 645 832 magis
665 784 886 824 convenientia
905 796 936 824 et
952 790 1142 831 necessaria,

403 856 419 877 a
441 843 534 877 nobis
555 849 660 876 tamen
686 844 733 877 vel
755 854 813 888 pro
832 849 977 888 tempore
992 844 1142 878 existente

404 898 549 931 Romano
574 897 729 931 Pontifice
754 898 975 942 approbanda,
999 903 1029 931 et
1054 903 1142 942 post-

404 961 499 995 quam
517 951 561 984 sic
576 951 751 995 approbata
767 951 892 991 t'uerint,
909 957 940 984 et
953 961 1016 984 non
1037 957 1140 992 antea,

405 1015 462 1049 per
481 1015 593 1038 omnes
611 1011 641 1037 et
657 1005 810 1047 singulos,
832 1006 870 1038 ad
889 1015 969 1048 quos
987 1015 1045 1048 pro
1066 1010 1144 1038 tem-

406 1069 484 1102 pore
501 1058 667 1103 spectabit,
690 1058 915 1091 inviolabiliter
931 1058 1141 1099 observanda,

406 1113 509 1146 facere
530 1118 559 1145 et
579 1113 735 1152 condere3

451 1168 467 1207 ξ
488 1165 517 1197 5.
542 1165 579 1198 Et
599 1165 715 1198 deinde
734 1175 834 1198 unum
857 1166 1046 1209 praelatum,
1064 1165 1145 1198 vica-

407 1218 489 1251 rium
523 1218 705 1259 generalem
741 1219 994 1262 nuncupandum
1013 1246 1019 1259 ,
1056 1218 1145 1252 cuius

407 1266 549 1304 officium
570 1276 601 1304 et
618 1277 758 1314 potestas
776 1282 833 1316 per
850 1283 902 1305 sex
923 1282 1024 1305 annos
1043 1272 1146 1311 duret,

408 1325 461 1369 qui
480 1325 753 1367 -Congregationis
774 1325 973 1369 praedictae,
997 1325 1147 1369 illiusque

409 1378 645 1422 provinciarum
673 1384 703 1411 et
729 1378 962 1419 ministrorum,
987 1384 1050 1411 tam
1071 1389 1147 1423 pro-

408 1431 588 1464 vincialium
601 1441 696 1475 quam
712 1432 983 1472 conventualium,
1000 1432 1148 1476 superior

408 1485 537 1525 existat,
561 1490 591 1517 et
614 1485 761 1518 ministro
779 1485 919 1527 generali
943 1485 1038 1518 totius
1057 1485 1149 1519 Ordi-

409 1538 458 1571 nis
477 1538 632 1582 praedicti
654 1538 764 1577 subsit,
785 1544 881 1582 prout,
899 1549 984 1572 nunc
1005 1538 1149 1572 minister

409 1592 519 1625 subest
543 1591 766 1635 provincialis,
791 1593 985 1636 plenamque
1009 1598 1149 1636 potesta-

412 1651 472 1678 tem
493 1646 609 1678 dictam
625 1646 913 1688 Congregationem
933 1646 1145 1688 gubernandi,

411 1698 575 1742 praedicto
596 1704 739 1743 tempore
761 1699 907 1739 durante,
931 1698 1058 1740 habeat,

455 1753 472 1794 ἓ
493 1751 522 1784 6,
546 1752 675 1785 Necnon
703 1753 825 1785 futuros
851 1751 1037 1785 definitores
1055 1762 1150 1794 gene·

411 1805 514 1845 rales,
549 1816 585 1838 ac
616 1805 800 1842 ministros.
840 1810 902 1838 tarn
939 1805 1150 1849 provinciales

412 1868 508 1902 quam
542 1858 779 1898 conventuales,
801 1858 919 1901 eligere
937 1858 1036 1891 libere
1062 1865 1092 1892 et.
1112 1858 1150 1891 li-

413 1911 474 1943 cite
499 1910 630 1954 possint.
654 1920 657 1921 ⁷

459 1966 474 2006 ξ
497 1964 525 1997 7.
547 1965 600 2005 Et,
631 1966 736 2008 quoad
758 1965 946 1999 electionem
969 1965 1077 1998 vicarii
1099 1975 1151 2008 ge-

413 2018 531 2051 neralis
556 2018 760 2059 huiusmodi,
784 2024 892 2051 noster
909 2025 939 2052 et
959 2019 1047 2052 Sedis
1066 2020 1150 2063 Apo-

413 2071 543 2104 stolicae
565 2071 710 2111 nuncius,
727 2072 758 2104 in
774 2072 866 2104 dictis
883 2072 990 2114 regnis
1007 2082 1151 2106 commo-

413 2134 499 2164 rans,
524 2124 568 2156 illi
590 2124 662 2168 (pro
684 2124 741 2157 bac
763 2125 864 2168 prim-31
882 2125 949 2158 vice
971 2125 1150 2169 dumtaxat)

413 2177 621 2220 praesidere,
658 2177 819 2221 ipsiusque
851 2177 959 2210 vicarii
992 2179 1150 2219 generalis

413 2230 458 2262 sic
483 2230 574 2263 electi
604 2230 808 2263 confirmatio
835 2231 874 2264 ad
896 2231 1049 2263 nuncium
1073 2242 1149 2275 prae

415 2284 535 2316 dictum
561 2289 726 2327 spectare,
751 2284 781 2316 in
807 2284 876 2317 aliis
902 2294 977 2317 vero
1002 2284 1151 2329 deinceps

414 2337 560 2380 quolibet
591 2337 743 2369 sexennio
772 2337 973 2370 celebrandis
1006 2338 1151 2382 capitulis

415 2389 617 2431 generalibus
643 2389 785 2423 eiusdem
812 2390 1092 2432 Congregationis,
1114 2391 1151 2423 il-

415 2442 476 2474 lius
500 2442 637 2475 vicarius
662 2443 821 2485 generalis
846 2447 922 2475 tunc
940 2451 1073 2476 munere
1094 2454 1152 2477 suo

417 2494 737 2536 defuncturus,seu‚
766 2495 796 2527 in
824 2495 981 2528 desectum
1009 2496 1150 2529 eiusdem

417 2548 524 2581 vicarii
550 2549 728 2589 generalis,
753 2548 836 2581 illius
861 2547 928 2580 vice
949 2554 975 2581 et
998 2549 1069 2582 loco
1089 2550 1154 2593 pri-

419 2612 489 2633 mus
521 2601 671 2634 definitor
703 2601 862 2643 generalis
893 2600 1034 2634 ciusdem
1068 2603 1151 2636 Con—

983 263 1168 288 ntJLLAntttM
1188 263 1342 288 Romnum

1929 260 2020 288 Arre.
2043 261 2109 290 ¹609

1173 312 1284 351 suerit,
1306 311 1454 345 electioni
1480 311 1587 345 vicarii
1614 312 1772 354 generalis
1788 310 1909 356 praesi-

1174 365 1250 398 dere
1275 365 1400 398 debeat.
1999 408 2001 411 .

1172 456 1187 463 ἱ
1225 419 1241 460 ξ
1267 418 1296 451 8.
1318 418 1365 459 Et,
1383 424 1515 462 excepto
1544 417 1649 462 primo
1677 418 1761 451 dieto
1792 417 1910 452 vicario
1953 429 2034 450 vicarii
2051 434 2112 459 aqna·
2151 424 2153 426 ·

1174 471 1326 514 generali,
1348 472 1464 505 caeteri
1486 482 1597 504 omnes
1616 471 1713 504 futuri
1734 471 1803 505 eius
1821 471 1852 504 in
1870 471 1912 504 os·
1925 456 2112 519 liiijpltiiical'nir'iiss
2138 484 2147 522 ,ss

1174 524 1247 558 ficio
1268 525 1438 559 vicariatus
1459 525 1617 568 generalis
1634 525 1819 559 huiusmodi
1841 535 1911 558 suc·
1926 511 1991 555 lltllss
2019 508 2113 564 ⁸523&ss
2138 528 2140 531 ’

1175 589 1315 612 cessores
1341 578 1620 612 confirmationem
1639 589 1768 612 suarum
1788 578 1913 612 electio·
1927 561 2106 614 {fflsfffissss‘gffm

1174 642 1250 665 num
1269 643 1285 665 a
1305 633 1452 666 ministro
1466 633 1607 676 generali
1619 633 1745 667 Ordinis
1759 631 1912 678 praedicti

1174 691 1284 729 petere
1305 692 1335 719 et
1355 686 1501 720 obtinere
1519 686 1689 720 curabunt.

1220 738 1235 779 ξ
1257 737 1286 770 9.
1311 737 1421 771 Statim
1444 743 1570 778 autem,
1594 742 1630 770 ut
1654 737 1745 771 electi
1772 737 1910 778 suerint,
1956 747 2114 777 Stattniautem

1176 790 1398 824 auctoritatem
1436 797 1466 824 et
1501 796 1690 834 potestatem
1732 789 1913 835 praedictas
1928 773 2115 830 ssi’dssnilx‘id'ssl'ffi

1176 843 1332 884 babeant,
1356 854 1392 877 ac
1417 844 1526 877 omnia
1550 850 1580 878 et
1604 844 1746 886 singula,
1773 854 1855 888 quae
1874 843 1914 877 ad
1929 827 2113 880 llllss'ffit²¹⁹'⁰“⁰

1177 896 1296 929 dictum
1316 897 1458 930 officium
1478 897 1647 931 vicariatus
1663 897 1822 940 generalis
1840 907 1916 941 quo-

1177 950 1355 983 modolibet
1367 950 1538 994 pertinent,
1550 951 1635 985 iuxta
1646 950 1816 984 Clementis
1829 960 1917 994 prae-

1178 1002 1352 1036 decessoris
1370 1003 1554 1037 huiusmodi
1579 1014 1615 1037 ac
1631 1003 1848 1048 praesentium
1866 1003 1914 1037 lit·

1179 1056 1572 1090 terarumaeontinentiam
1592 1063 1622 1091 et
1643 1063 1787 1091 tenorem
1800 1084 1807 1098 ,
1828 1067 1916 1090 exer-

1178 1119 1250 1142 cere
1271 1114 1301 1142 et
1318 1109 1430 1154 exequi
1451 1111 1587 1144 valeant.

1223 1165 1238 1205 g
1261 1162 1312 1196 10.
1340 1164 1563 1205 Decernentes,
1579 1164 1706 1197 easdem
1733 1170 1938 1208 praesentes,
1959 1155 2118 1220 9l3¹¹li⁰¹³⁸l¹ffi

1181 1216 1299 1250 litteras
1334 1217 1517 1263 nullatenus
1549 1218 1588 1251 dc
1619 1217 1837 1262 subreptionis
1867 1218 1915 1251 vel
1932 1204 2117 1255 ἓὲῗγιιῗῑιῖἷρῗιῖ

1180 1269 1377 1314 obreptionis
1397 1271 1485 1312 vitio,
1509 1277 1564 1305 aut
1582 1271 1768 1305 intentionis
1788 1277 1916 1305 nostrae
1932 1255 1997 1279 ‘'⁰¹¹¹‘'

1181 1324 1227 1356 vel
1253 1324 1315 1357 alio
1341 1335 1547 1369 quocumque
1580 1325 1705 1359 defectu
1736 1325 1855 1369 (etiam
1882 1335 1917 1358 ex

1182 1387 1220 1410 eo
1250 1377 1336 1421 quod
1358 1378 1503 1412 minister
1523 1378 1681 1421 generalis
1699 1378 1773 1412 dicti
1791 1377 1919 1412 Ordinis

1182 1437 1212 1464 et,
1235 1431 1431 1475 quicumque
1461 1431 1514 1464 alii
1547 1432 1698 1466 interesse
1723 1432 1830 1465 forsan
1856 1431 1916 1464 lia-

1181 1485 1293 1519 bentes
1314 1485 1354 1519 ad
1383 1485 1559 1529 praemissa
1580 1486 1681 1519 vocati
1702 1495 1766 1519 non
1788 1485 1917 1525 suerint,

1182 1548 1240 1571 nec
1268 1538 1330 1571 illis
1355 1538 1598 1581 consenserint)
1619 1539 1746 1578 notari,
1770 1538 1816 1572 vel
1843 1538 1921 1572 alias

1183 1591 1427 1634 quomodolibet
1444 1591 1637 1635 impugnari,
1655 1601 1761 1636 neque
1777 1591 1836 1625 suh
1855 1591 1922 1635 qui·

1183 1644 1289 1677 busvis
1317 1644 1595 1685 revocationibus,
1627 1644 1917 1689 suspensionibus,

1183 1697 1437 1738 limitationibus,
1461 1704 1516 1730 aut.
1536 1697 1605 1731 aliis
1627 1697 1796 1732 contrariis
1814 1697 1922 1742 dispo-

1183 1750 1362 1791 sitionibus,
1384 1751 1479 1784 etiam
1505 1762 1523 1784 a
1548 1751 1628 1785 Sede
1654 1751 1816 1795 praedicta
1837 1762 1923 1785 erna-

1184 1804 1265 1837 natis
1285 1810 1316 1838 et.
1333 1804 1542 1848 imposterum
1563 1805 1761 1845 emanandis,
1781 1815 1925 1849 compre-

1184 1857 1281 1891 hendi
1307 1868 1411 1902 posse,
1435 1858 1488 1892 sed
1512 1858 1581 1892 illas
1600 1869 1729 1903 semper
1748 1858 1868 1892 validas
1892 1863 1923 1892 et

1184 1911 1328 1946 efficaces
1353 1922 1420 1946 esse
1446 1917 1475 1945 et
1501 1912 1586 1953 sore,
1610 1923 1646 1945 ac
1666 1922 1741 1946 suos
1761 1912 1923 1957 plenarios

1184 1970 1214 1998 et
1238 1965 1381 2008 integros
1416 1964 1546 1998 effectus
1577 1965 1705 2005 sortiri;
1732 1965 1843 2009 sicque
1867 1975 1925 2009 per

1184 2028 1404 2062 quoscumque
1419 2018 1541 2051 iudices
1555 2017 1839 2058 etcommissarios,
1850 2028 1925 2061 qua-

1184 2071 1228 2104 vis
1249 2071 1438 2105 auctoritate
1455 2071 1632 2114 fungentes,
1649 2071 1782 2105 iudicari
1803 2076 1833 2104 et
1851 2070 1925 2104 defi-

1184 2124 1244 2156 niri
1266 2124 1396 2165 debere,
1420 2134 1545 2158 necnon
1568 2124 1693 2157 irritum
1716 2129 1745 2157 et
1766 2125 1876 2165 inane,
1898 2123 1923 2156 si

1184 2187 1275 2210 secus
1300 2187 1396 2221 super
1417 2177 1466 2210 his
1484 2187 1500 2210 a
1522 2187 1685 2221 quoquam
1703 2204 1709 2217 ‚
1738 2176 1848 2220 quavis
1866 2186 1923 2209 au-

1185 2230 1348 2271 ctoritate,
1369 2231 1508 2264 scienter
1528 2231 1574 2263 vel
1599 2231 1802 2273 ignoranter,
1822 2229 1924 2263 conti-

1185 2284 1265 2325 gerit
1286 2283 1446 2317 attentari.

1230 2340 1245 2379 g
1267 2337 1321 2371 Ἠ.
1337 2338 1404 2371 Non
1419 2338 1619 2371 obstantibus
1639 2337 1834 2382 praemissis,
1855 2347 1926 2371 nec-

1185 2401 1249 2424 non
1270 2391 1475 2435 apostolicis,
1496 2402 1533 2424 ac
1553 2391 1584 2424 in
1606 2391 1830 2436 synodalibus,
1850 2400 1924 2434 pro-

1186 2444 1375 2478 vincialibus
1400 2450 1431 2478 et
1455 2445 1690 2478 universalibus
1720 2443 1864 2477 conciliis
1890 2455 1924 2477 e-

1187 2497 1261 2534 ditis
1278 2525 1284 2537 ,
1310 2497 1504 2541 specialibus
1524 2498 1571 2530 vel
1592 2497 1796 2540 generalibus
1811 2524 1818 2537 ‚
1842 2507 1921 2529 con-

1187 2550 1408 2584 stitutionibus
1433 2556 1463 2583 et
1488 2549 1766 2590 ordinationibus,
1799 2559 1924 2582 necnon

1189 2603 1265 2636 dicti
1283 2602 1430 2644 Ordinis,
1457 2603 1550 2636 etiam
1575 2603 1777 2643 iuramento,
1801 2602 1923 2636 confir-

1939 2365 2035 2390 derogat.

420 2654 637 2695 gregationis,
673 2654 726 2697 qui
760 2654 878 2687 ibidem
906 2659 979 2686 tunc
1005 2665 1154 2698 praesens
1191 2656 1331 2689 matione
1357 2656 1549 2699 apostolica,
1570 2656 1615 2688 vel
1640 2655 1750 2698 quavis
1776 2654 1925 2689 firmitate

1987 2337 2123 2358 Obstantibun
2157 2354 2164 2359 .
2171 2320 2179 2334 's
2187 2342 2205 2354 ’-

2113 2389 2132 2400 s
2155 2379 2163 2387 -
