2227 3241
231 278 282 305 An.
299 279 328 305 c.
347 279 414 307 1609
460 270 523 304 596

255 651 373 672 Clausulae.

264 1183 407 1210 Exequutores

223 1210 326 1236 designat.

431 338 570 372 cumque
585 355 592 368 ,
616 333 762 372 respectu
783 329 878 362 etiam
901 331 1089 363 eorumdem
1111 330 1168 364 be-

429 382 619 415 neficiorum
651 394 733 426 quae
765 384 859 426 vulgo
885 384 1036 418 dicuntur
1068 385 1106 418 de
1138 385 1170 418 la

428 435 557 468 Brcmzct
572 440 600 468 et
616 435 765 478 Criantcc,
782 448 863 481 quae
878 438 1023 472 videlieet
1037 449 1096 482 pro
1110 450 1169 472 usu

428 493 457 521 et
475 488 559 521 victu
579 500 790 533 personarum
810 491 998 525 eorumdem
1015 498 1170 526 monaste-

427 541 549 574 riorum
575 548 604 575 et
637 543 766 586 piorum
800 544 944 578 locorum
980 545 1165 587 inserviunt,

429 596 528 628 teneri
555 602 585 629 et
610 597 768 640 obligatos
792 598 860 632 sore
887 599 1098 633 declaramus.

516 651 532 692 ξ
555 649 582 683 7.
607 650 733 695 Sicque,
758 651 787 685 in
813 653 997 696 praemissis
1018 654 1168 688 omnibus

427 709 457 736 et
477 703 628 747 singulis,
652 717 710 749 per
735 717 957 751 quoscumque
990 708 1112 742 iudices
1137 714 1167 742 et

425 758 676 801 eonunissarios,
693 761 804 803 quavis
822 761 1012 795 auctoritate
1033 761 1166 805 fungen-

426 818 481 853 tes,
506 812 601 846 etiam
627 813 707 847 sacri
737 814 847 858 Pplatii
877 815 1050 859 Apostolici
1077 816 1162 850 audi-

424 871 518 907 tores,
540 867 633 900 etiam
653 867 795 901 eiusdem
815 868 844 902 S.
863 868 897 901 R.
919 869 951 902 E.
974 869 1165 911 cardinales,

422 919 543 964 ubique
565 920 699 954 iudicari
722 926 752 954 et
773 921 900 954 definiri
919 922 1048 964 debere,
1069 933 1105 956 ac
1123 923 1165 956 ir—

421 972 519 1006 ritum
540 980 570 1007 et
591 973 696 1015 inane,
718 974 871 1018 quicquid
893 986 984 1009 secus
1001 987 1097 1020 super
1116 976 1165 1009 his

422 1038 439 1060 a
461 1038 624 1072 quoquam
655 1029 764 1072 quavis
791 1030 1004 1071 auctoritate,
1027 1030 1165 1064 scienter

422 1080 471 1113 vel
496 1080 692 1123 ignoranter,
721 1083 891 1126 contigerit
915 1084 1081 1125 attentari,
1110 1084 1164 1118 de—

423 1134 595 1169 cernimus.

468 1189 484 1230 g
512 1188 541 1222 8.
575 1190 611 1223 Et
634 1190 847 1224 nihilominus
873 1191 1048 1225 venerabili
1074 1191 1163 1226 fratri

425 1242 593 1285 moderno,
611 1249 638 1276 et
655 1244 778 1278 dilectis
796 1244 881 1285 siliis,
903 1250 1011 1279 nostro
1031 1251 1062 1279 et
1084 1247 1164 1290 Apo-

422 1295 553 1329 stolicae
588 1296 678 1330 Sedis
709 1297 794 1341 apud
827 1297 949 1331 dictum
980 1298 1161 1343 Philippum

423 1359 530 1392 regem
563 1360 649 1383 nunc
681 1358 711 1384 et
746 1361 805 1395 pro
839 1357 983 1396 tempore
1017 1353 1161 1386 existenti

421 1402 552 1443 nuncio,
577 1409 608 1436 et
633 1404 854 1439 commissario
875 1406 1016 1448 generali
1038 1406 1162 1440 crucia-

422 1461 471 1489 tae
497 1456 528 1489 in
554 1457 660 1500 regnis
680 1459 871 1502 praedictis,
896 1470 953 1503 per
977 1466 1163 1504 praesentes

421 1511 652 1545 committimus
688 1518 719 1546 ct
753 1513 965 1555 mandamus,
1005 1520 1163 1558 quatenus

421 1563 492 1607 ipsi,
516 1565 563 1598 vel
589 1565 668 1599 alter
689 1576 813 1608 eorum,
840 1578 898 1610 per
918 1578 962 1608 se,
984 1568 1030 1601 vel
1052 1568 1162 1610 alium,

419 1627 475 1651 seu
501 1618 602 1659 alios,
630 1625 815 1663 praesentes
836 1620 958 1654 litteras
974 1649 981 1661 ,
1009 1626 1040 1654 et
1061 1621 1090 1654 in
1114 1622 1162 1661 ‚eis

420 1676 569 1704 contenta
601 1683 847 1717 quaecumque,
885 1674 938 1706 ubi
972 1680 1001 1707 et
1031 1675 1161 1718 quando

419 1735 500 1768 opus
525 1725 642 1766 suerit,
669 1737 705 1759 ac
731 1727 856 1770 quoties
880 1738 939 1770 pro
970 1734 1059 1771 parte
1084 1728 1160 1762 dicti

418 1778 556 1822 Philippi
578 1779 661 1821 regis
679 1785 709 1812 et
729 1780 928 1822 singularum
947 1785 1159 1825 personarum

417 1832 657 1876 praedictarum
680 1833 799 1867 suerint
830 1834 998 1878 requisiti,
1023 1835 1062 1868 ad
1091 1846 1161 1869 exe-

419 1885 607 1929 quutionem
631 1897 743 1920 eorum
770 1887 927 1929 omnium,
952 1898 1034 1932 quae
1060 1888 1091 1921 in
1112 1889 1160 1922 di-

420 1940 469 1972 cta
490 1939 663 1973 eoncordia
684 1941 901 1984 eontinentur,
923 1942 1110 1986 procedant,
1131 1948 1161 1976 et

418 2002 477 2036 per
497 2002 551 2026 eos
566 2021 573 2033 ,
594 1993 633 2027 ad
659 2004 739 2038 quos
763 2000 906 2038 spectat,
931 1996 1076 2029 eamdem
1105 1996 1161 2029 ob-

419 2047 538 2080 servari
556 2053 666 2081 curent
688 2054 717 2081 et
740 2048 867 2089 saciant,
895 2059 1021 2083 necnon
1040 2050 1159 2084 eisdem

419 2101 538 2134 nuncio
563 2106 594 2134 et
613 2102 835 2135 commissario
856 2103 995 2144 generali
1023 2103 1161 2148 iniungi-

420 2165 502 2196 mus,
531 2156 629 2198 quod,
654 2155 707 2189 ubi
734 2162 763 2189 et
788 2156 913 2200 quoties
933 2167 1030 2201 super
1052 2168 1161 2202 repar-

421 2208 533 2241 titione
558 2215 589 2242 et
614 2209 683 2242 aliis
714 2209 746 2241 in
776 2209 860 2244 dicta
886 2211 1060 2244 concordia
1085 2222 1160 2244 con-

422 2261 514 2295 tentis
539 2261 662 2306 aliquas
693 2262 887 2297 differentias
917 2269 1041 2298 exortas
1066 2264 1160 2299 fuisse

421 2315 661 2359 compererint,
684 2316 922 2361 illas„al›sque
944 2318 1160 2352 retardatione

420 2369 610 2412 solutionis,
640 2370 726 2404 iuxta
751 2371 994 2414 repartitionem
1020 2371 1082 2404 iam
1109 2372 1156 2405 sa-

421 2428 504 2456 etam
523 2430 553 2457 et
573 2424 764 2465 faciendam,
783 2424 902 2458 iudicio
916 2436 1028 2458 eorum
1044 2436 1160 2470 aequa-

420 2476 476 2510 bili
504 2483 700 2522 componant
731 2478 964 2522 compositione
995 2484 1024 2512 et
1053 2479 1159 2512 termi-

420 2536 508 2571 nent,
525 2531 677 2564 iustitiam
691 2531 836 2575 partibus
854 2532 1081 2573 ministrand03
1102 2530 1159 2566 iios

421 2583 506 2616 enim
529 2584 661 2626 eisdem,
686 2590 750 2618 tam
770 2585 945 2628 praemissa
969 2586 1156 2629 peragendi,

421 2645 516 2679 quam
538 2636 695 2681 quidquid
720 2648 818 2682 super
841 2637 1024 2682 praemissis
1043 2642 1160 2671 statue-

420 2688 505 2731 rint,
534 2691 620 2724 omni
654 2696 681 2724 et
715 2702 919 2735 quacumque
944 2691 1159 2736 appellatione

1003 282 1188 306 BULLARIUM
1206 282 1360 308 ROMANUM

1207 333 1339 374 remota,
1354 332 1559 376 exequutioni
1574 333 1698 368 debitae
1713 334 1939 377 demandandi,

1204 393 1330 418 necnon
1350 385 1603 420 contradictores
1620 387 1780 431 quoslibet
1797 394 1828 421 et
1844 389 1944 423 rebel-

1204 437 1248 471 les
1267 449 1326 482 per
1345 445 1529 483 opportuna
1546 439 1623 473 iuris
1643 446 1674 474 et
1692 440 1765 475 facti
1786 442 1939 484 remedia,

1203 500 1238 524 ae
1264 491 1394 525 demum
1426 502 1485 536 per
1515 493 1709 535 sententias,
1737 504 1888 529 censuras
1913 501 1943 530 et

1202 555 1323 589 poenas
1349 546 1580 588 eclesiasticas,
1608 547 1824 592 appellatione
1847 554 1939 593 post-

1202 599 1315 643 posita,
1340 600 1594 644 compescenda
1611 601 1827 646 legitimisque
1846 611 1943 647 super

1202 652 1251 687 his
1275 652 1431 687 habendis
1459 654 1590 688 servatis
1613 655 1840 699 processibus,
1863 666 1938 690 sen-

1204 707 1328 748 tentias,
1353 718 1514 749 censuras,
1538 713 1569 742 et
1588 718 1708 753 poenas
1729 708 1823 754 ipsas,
1844 709 1939 742 etiam

1201 761 1321 795 iteratis
1334 761 1466 803 tinibus,
1484 761 1708 805 aggi-avand12‚
1722 763 1940 808 auxiliumque

1200 814 1323 848 brachii
1344 816 1515 849 saecularis
1540 816 1728 858 invocandi,
1756 816 1884 861 plenam
1910 822 1941 850 et

1200 868 1334 902 liberam
1360 869 1544 903 facultatem
1566 869 1784 904 concedimus.

1244 924 1260 965 ξ
1284 922 1313 955 9.
1342 922 1411 957 Non
1436 923 1636 957 obstantibus
1661 923 1762 957 felicis
1783 924 1936 958 recorda-

1200 976 1295 1010 tionis
1319 976 1473 1011 Bonisacii
1504 977 1608 1022 Papae
1638 977 1714 1019 VIII,
1744 977 1936 1021 praedeces-

1198 1030 1280 1063 soris
1300 1030 1413 1072 nostri,
1434 1031 1472 1064 de
1490 1033 1564 1073 una,
1583 1037 1613 1065 et
1633 1030 1759 1065 concilii
1779 1031 1938 1073 generalis
1952 1068 1966 1089 Η

1199 1083 1238 1117 de
1258 1083 1382 1118 duabus
1401 1084 1503 1126 dietis,
1525 1090 1555 1118 et
1572 1084 1640 1118 aliis
1658 1084 1938 1118 constitutionibus

1198 1143 1228 1170 et
1242 1137 1500 1183 ordinationibus
1515 1138 1710 1183 apostolicis,
1730 1148 1855 1172 necnon
1873 1138 1940 1182 qui-

1197 1191 1314 1233 busvis,
1343 1192 1438 1226 etiam
1460 1192 1662 1233 iuramento,
1695 1191 1940 1226 confirmatione

1198 1246 1389 1290 apostolica,
1419 1247 1466 1279 vel
1499 1246 1608 1290 quavis
1629 1246 1781 1280 firmitate
1801 1245 1863 1280 alia
1882 1255 1938 1280 ro-

1198 1299 1329 1340 boratis,
1357 1300 1481 1334 statutis
1501 1306 1532 1334 et
1557 1299 1853 1341 consuetudinibus,
1881 1309 1940 1333 nee

1197 1363 1261 1386 non
1287 1353 1411 1396 legibus
1432 1353 1526 1388 etiam
1551 1353 1818 1398 municipalibus,
1841 1352 1940 1397 privi-

1197 1406 1287 1449 legiis
1308 1417 1448 1450 quoque,
1470 1406 1601 1440 indultis
1625 1412 1656 1440 et
1679 1406 1792 1440 litteris
1812 1411 1941 1450 aposto-

1198 1459 1276 1502 licis,
1292 1456 1353 1493 sub
1374 1460 1633 1504 quibuscumque
1655 1460 1819 1494 tenoribus
1833 1460 1940 1494 etser-

1197 1514 1267 1556 mis,
1285 1525 1320 1547 ae
1339 1525 1411 1548 cum
1426 1514 1590 1558 quibusvis
1609 1514 1704 1548 etiam
1719 1514 1938 1557 derogatoria-

1197 1578 1267 1601 rum
1291 1567 1513 1610 derogatoriis,
1541 1567 1675 1612 aliisque
1701 1567 1937 1603 efficacioribus

1196 1625 1227 1653 et
1252 1619 1388 1653 insolitis
1416 1620 1585 1660 clausulis,
1609 1619 1876 1664 irritantibusque
1907 1625 1938 1654 et

1195 1672 1265 1706 aliis
1285 1672 1421 1706 decretis
1436 1700 1443 1713 ,
1471 1673 1501 1705 in
1533 1683 1650 1716 genere
1674 1673 1723 1707 vel
1748 1673 1779 1706 in
1807 1673 1914 1718 specie
1929 1701 1936 1715 ,

1196 1726 1289 1759 etiam
1324 1732 1414 1760 motu
1445 1727 1578 1771 proprio
1610 1732 1641 1760 et
1670 1727 1709 1761 de
1740 1727 1936 1772 apostolieae

1195 1781 1361 1823 potestatis
1385 1779 1608 1824 plenitudine,
1633 1791 1669 1813 ae
1693 1780 1771 1814 alias
1799 1791 1936 1825 quomo-

1196 1833 1327 1875 dolibet,
1348 1833 1443 1867 etiam
1463 1834 1584 1868 iteratis
1603 1833 1736 1875 vicibus,
1760 1834 1932 1876 concessis,

1195 1887 1379 1931 approbatis
1399 1892 1431 1920 et
1451 1887 1619 1921 innovatis.
1643 1887 1764 1926 Quibus
1784 1887 1935 1922 omnibus

1195 1946 1224 1974 et
1248 1941 1402 1984 singulis,
1438 1940 1561 1974 etiamsi
1593 1941 1632 1975 de
1663 1941 1725 1975 illis
1755 1950 1935 1986 eorumque

1196 1995 1270 2028 totis
1294 1995 1458 2028 tenoribus
1481 1995 1641 2040 specialis,
1663 1995 1812 2040 specifica
1831 2000 1861 2029 et
1877 2005 1932 2029 ex—

1195 2059 1304 2093 pressa
1337 2049 1457 2083 mentio
1481 2049 1629 2084 habenda
1657 2055 1716 2096 aut·
1738 2049 1845 2094 aliqua
1873 2048 1936 2083 alia

1195 2103 1351 2147 exquisita
1370 2104 1474 2137 forma
1494 2104 1532 2137 ad
1562 2103 1623 2137 hoe
1647 2103 1804 2137 servanda
1831 2103 1932 2143 soret,

1195 2162 1322 2190 tenores
1349 2157 1556 2198 huiusmodi,
1591 2167 1627 2190 ae
1657 2157 1682 2190 si
1712 2157 1751 2190 de
1776 2156 1874 2190 verbo
1894 2157 1934 2190 ad

1194 2211 1325 2244 verbum
1358 2210 1597 2251 insererentur,
1627 2209 1850 2254 praesentibus
1873 2221 1934 2255 pro

1194 2263 1348 2307 expressis
1373 2263 1539 2304 habentes,
1562 2263 1623 2297 illis
1648 2263 1724 2297 alias
1749 2263 1781 2296 in
1805 2273 1863 2297 suo
1882 2273 1934 2296 ro-

1193 2317 1271 2351 bore
1288 2317 1517 2362 permansuris,
1534 2316 1594 2350 hac
1607 2317 1674 2351 viee
1692 2317 1856 2350 dumtaxat
1875 2316 1933 2350 ha-

1193 2381 1264 2404 rum
1282 2371 1365 2405 serie
1382 2371 1562 2416 specialiter
1579 2376 1610 2405 et
1628 2381 1775 2415 expresse
1792 2370 1930 2413 deroga-

1195 2434 1281 2466 mus,
1310 2424 1508 2468 caeterisque
1530 2423 1700 2458 contrariis
1717 2423 1930 2468 quibuscum-

1193 2487 1273 2521 que;
1292 2487 1419 2511 necnon
1440 2477 1589 2511 omnibus
1609 2476 1681 2518 illis,
1698 2487 1780 2521 quae
1798 2475 1830 2509 in
1848 2475 1933 2510 dicta

1193 2531 1400 2565 concessione
1428 2531 1551 2575 primae
1579 2529 1721 2564 decimae
1745 2529 1932 2564 huiusmodi

1193 2595 1376 2628 expressum
1402 2590 1449 2618 est
1476 2595 1540 2619 non
1565 2584 1715 2625 obstare;
1742 2593 1799 2617 seu
1822 2582 1848 2617 si
1872 2582 1931 2616 ali-

1229 2657 1239 2683 1
1258 2655 1328 2683 Edit.
1351 2655 1430 2683 Μαίη.
1453 2654 1518 2692 legit
1538 2655 1738 2692 compescendo
1753 2656 1790 2689 (a.
1806 2655 1855 2692 ⁹12).

1226 2700 1242 2727 2
1262 2700 1330 2728 Ibid.
1347 2700 1445 2736 legitur
1460 2699 1645 2737 ayyravando
1659 2701 1698 2736 (a.
1709 2700 1759 2735 τ.).

1980 1040 2090 1062 Obstantia
2100 1041 2138 1062 tol·
2167 1037 2171 1040 ”

1970 1070 1983 1089 t.
