2227 3241
36 275 87 303 An.
101 273 130 302 C.
153 273 220 300 1605

53 599 168 623 Auuuttatio
177 600 218 620 cut-

0 646 1 649 ,
40 628 139 650 lationum
153 627 218 647 saeta-

0 655 1 658 ’
37 660 80 677 rum
94 653 141 674 attis
156 658 218 679 quam

37 680 118 703 conciat
123 679 175 704 istis,
182 682 217 700 etc.

18 2820 21 2865 ἒ

18 2872 23 2901 ¹.

880 271 1005 295 erLUS
1027 272 1044 295 V
1064 274 1114 296 PP.

232 330 296 364 que
321 321 417 354 rebus
438 326 469 354 et
494 321 634 361 iuribus,
662 327 692 354 et
717 320 813 354 etiam
844 319 975 353 incertis

232 373 466 407 beneficiorum
487 374 685 415 huiusmodi,
710 384 792 418 quae
822 384 874 406 eas
894 383 976 416 sup-

232 432 366 472 portare
400 433 574 471 poterunt,
610 427 813 461 conclavistis
841 426 974 460 omnino

234 486 447 522 reserventur,
468 481 659 514 auctoritate
680 486 710 514 et
732 486 843 514 tenore
863 480 975 514 simili-

233 534 294 567 bus
312 534 531 578 praecipimus
552 541 583 568 et
600 535 803 567 mandamus.

278 588 293 631 ἓ
315 587 344 620 7.
368 588 584 621 Decernentes
611 598 833 632 quascumque
861 588 972 631 provi-

234 639 352 681 siones,
369 640 567 681 collationes,
585 641 805 681 commendas,
823 641 971 680 uniones,

233 693 429 727 annexiones
457 699 487 726 et
507 693 787 737 incorporationes
801 721 808 734 ,
832 693 975 738 aliasque

234 746 461 790 dispositiones
479 747 518 780 de
536 747 612 791 ipsis
632 746 810 787 beneficiis,
834 753 867 781 ut
885 758 977 791 prae-

233 800 344 841 fertur,
361 800 410 833 vel
424 800 502 833 alias
522 800 721 841 vacantibus,
738 807 792 833 aut
805 801 976 844 pensiones

232 864 329 898 super
348 854 506 898 fructibus
526 854 760 888 beneficiorum
775 854 972 896 huiusmodi,

232 918 289 941 seu
307 908 483 949 fructuum,
505 908 691 942 reddituum
713 913 743 942 et
758 914 974 952 proventuum

233 961 389 1005 ipsorum,
407 961 454 996 vel
475 961 607 995 illorum
621 962 721 1006 partis
742 962 975 996 reservationes

231 1025 290 1059 per
311 1025 545 1059 quoscumque,
567 1015 678 1059 quavis
698 1016 900 1056 auctoritate,
922 1022 973 1050 aut

233 1068 329 1102 etiam
350 1079 408 1112 per
428 1079 487 1102 nos
505 1075 537 1102 et
556 1069 672 1103 Sedem
694 1069 854 1111 eamdem,
879 1069 974 1103 etiam

233 1127 323 1155 motu
340 1122 450 1163 simili,
471 1128 502 1156 et
522 1125 608 1156 certa
629 1123 761 1157 scientia
781 1129 900 1165 nostra,
923 1124 975 1157 de-

233 1186 295 1219 que
311 1175 507 1220 apostolicae
528 1177 694 1220 potestatis
709 1177 921 1221 plenitudine,
939 1189 975 1211 ae

233 1229 509 1271 consistorialiter,
526 1230 558 1262 in
572 1230 721 1272 aliorum,
738 1241 834 1274 quam
850 1241 976 1264 eorum-

233 1282 306 1316 dem
328 1283 595 1317 eonelavistarum
623 1285 669 1317 vel
698 1294 908 1328 personarum
935 1285 974 1318 ab

233 1335 353 1370 eisdem
375 1337 576 1370 conclavistis
598 1338 873 1371 nominandarum
899 1349 974 1371 con-

232 1388 367 1422 iunctim
390 1389 488 1423 saetas
509 1396 539 1424 et
563 1390 737 1431 faciendas,
757 1392 861 1424 nullas
879 1397 909 1424 et
928 1392 974 1424 in-

232 1441 364 1483 validas,
386 1443 571 1487 nulliusque
592 1444 719 1477 roboris
745 1449 776 1477 ct
805 1446 971 1486 momenti,

233 1506 269 1529 ae
300 1502 429 1540 praeter
459 1502 489 1530 et
520 1502 632 1530 contra
663 1504 803 1531 mentem
832 1504 974 1532 nostram

234 1560 401 1583 concessas
427 1550 523 1584 fuisse
551 1556 580 1584 et
611 1561 695 1592 esse,
720 1562 779 1585 nec
800 1552 895 1586 alicui
921 1563 975 1586 seu

234 1602 406 1647 aliquibus,
428 1603 552 1637 etiamsi
574 1604 754 1638 cardinales
775 1605 891 1638 fuerint
908 1633 915 1647 ‚
937 1607 975 1640 dc

234 1656 326 1691 dietis
346 1657 512 1692 beneficiis
533 1659 720 1693 vacantibus
751 1671 810 1704 per
834 1670 892 1694 nos
917 1661 975 1694 sub

232 1711 394 1756 praesenti
414 1712 515 1755 gratia
533 1713 775 1757 comprehensis
798 1714 828 1747 in
849 1715 977 1759 praeiu-

234 1765 352 1799 dicium
372 1765 532 1799 dictorum
554 1767 835 1809 conclavistaium,
868 1769 977 1813 quavis

234 1819 329 1852 etiam
355 1820 531 1863 apostolica
552 1821 599 1854 vel
620 1821 799 1863 ordinaria,
826 1828 879 1855 aut
897 1833 976 1866 qna-

234 1883 372 1917 cumque
402 1873 463 1907 alia
496 1874 689 1907 auctoritate
714 1875 900 1919 provideri,
929 1876 975 1910 vel

234 1926 311 1960 alias
336 1927 582 1971 quomodolibet
603 1928 729 1973 disponi
763 1930 801 1962 de
827 1930 888 1963 illis
913 1941 972 1974 po-

235 1980 331 2014 tuisse
349 1991 455 2025 neque
475 1992 579 2025 posse,
603 1993 661 2016 nec
683 1983 881 2025 collationes,
902 1995 977 2028 pro-

233 2034 381 2075 visiones,
403 2036 612 2069 commendas
628 2042 683 2069 aut
703 2037 781 2070 alias
799 2037 977 2082 dispositio-

233 2098 300 2129 nes,
318 2089 356 2122 de
375 2089 436 2123 illis
456 2090 550 2123 aliter
571 2091 678 2132 factas,
703 2091 853 2135 cuiquam
874 2092 977 2125 nulla-

234 2148 326 2176 tenus
345 2143 512 2186 suffragari
533 2144 693 2184 debuisse,
717 2155 822 2188 neque
844 2145 973 2181 debere:

233 2197 423 2240 nullumque
437 2196 486 2230 de¹
502 2197 562 2229 illis
577 2197 713 2240 (etiamsi
728 2197 929 2241 dispositioni
949 2209 978 2231 a·

234 2250 408 2294 postolicae
422 2250 535 2283 affecta
548 2256 602 2283 aut
620 2257 780 2283 reservata
798 2257 891 2284 antea
912 2262 975 2284 non
993 2265 994 2272 ¹

235 2309 350 2344 essent,
374 2304 552 2337 dummodo
575 2304 613 2337 de
639 2303 701 2337 illis
727 2315 785 2347 per
805 2304 976 2338 collatores

235 2357 417 2401 praedictos
440 2363 586 2401 tempore
614 2357 718 2391 dictae
747 2358 976 2401 assumptionis

235 2416 364 2445 nostrae
394 2412 535 2454 legitime
566 2411 729 2455 provisum
762 2422 826 2443 non
858 2411 976 2453 tuerit)

236 2470 308 2508 post
328 2465 358 2498 id
379 2465 532 2509 temporis
550 2465 663 2509 quovis
683 2470 850 2508 praetextu
870 2464 978 2508 dispo-

237 2528 314 2552 nere
344 2519 486 2562 potuisse
517 2528 623 2562 neque
655 2528 767 2561 posse,
796 2529 831 2551 ac
852 2519 891 2551 de
918 2518 978 2550 illis

239 2571 374 2616 provisis
387 2571 448 2606 ius⁹
461 2572 492 2605 in
508 2571 568 2605 illis
587 2572 634 2605 vel
653 2573 691 2605 ad
714 2572 767 2604 illa
785 2571 978 2615 quaesitum.

273 2645 312 2679 (1)
332 2645 410 2681 Prep.
432 2645 466 2672 de
483 2644 684 2679 adiungendum
701 2644 825 2671 duximus
839 2649 876 2676 (tt.
895 2645 940 2676 TA.

274 2691 312 2724 (2)
330 2689 507 2725 Subintellige
527 2691 638 2716 mellum
659 2690 696 2723 (ti.
718 2691 765 2723 τ.).

318 2745 397 2772 Bull.
414 2744 498 2772 Rom.
517 2759 548 2764 —-
568 2745 626 2772 Vol.
644 2744 692 2772 XI.

912 2743 944 2769 ⁹27

1661 260 1724 294 ⁶209

1011 326 1040 353 et
1060 320 1104 353 sic
1124 330 1182 364 per
1201 325 1388 365 praesentes
1409 320 1552 353 ablatum
1574 329 1641 353 non
1658 319 1754 352 fuisse

1011 384 1068 406 nec
1090 384 1168 414 esse,
1192 384 1297 418 neque
1317 373 1448 416 regulae
1469 379 1598 407 nostrae
1623 373 1662 406 de
1688 383 1753 405 non

1011 427 1153 460 tollendo
1175 427 1242 460 iure
1265 427 1410 471 quaesito
1436 427 1544 460 locum
1566 426 1663 460 fuisse
1690 426 1753 459 dici

1010 486 1065 514 aut
1085 481 1207 514 censeri
1228 491 1332 524 posse.

1018 547 1021 549 ·
1055 536 1070 575 ξ
1093 534 1122 567 8.
1147 534 1303 578 Quodque
1325 544 1437 567 omnes
1468 540 1499 567 et
1529 544 1755 579 quaecumque

1010 587 1131 629 gratiae
1146 587 1361 631 provisiones,
1379 588 1591 621 commendae
1607 594 1637 621 et
1658 599 1756 632 quae-

1010 641 1055 674 vis
1075 641 1156 674 aliae
1173 641 1297 674 litterae
1318 641 1527 684 apostolicae,
1547 652 1583 674 ac
1604 642 1700 675 etiam
1724 642 1755 675 in

1009 695 1111 727 forma
1125 695 1241 735 Brevis,
1257 705 1315 738 pro
1334 694 1395 727 illis
1407 694 1635 738 expediendis¹,
1656 696 1755 738 gratis

992 748 1130 792 ,ubique
1161 747 1394 791 expediantur,
1431 754 1494 781 tam
1527 749 1566 782 de
1598 748 1755 793 capienda

1010 801 1212 846 possessione
1225 801 1357 834 nomine
1371 801 1522 835 Gamerae
1536 802 1751 846 Apostolieae,

1010 866 1106 899 quam
1134 855 1166 888 in
1191 856 1331 888 savorem
1358 854 1537 888 litterarum
1560 855 1754 898 apostolica-

1010 920 1093 949 rum,
1121 909 1175 942 ubi
1197 908 1259 942 illis
1285 919 1383 953 super
1408 908 1648 952 provisIOnibus
1670 920 1753 953 quo-

1010 973 1225 1006 rumcumque
1253 961 1486 995 beneficiorum
1519 962 1752 996 ecclesiastico-

1010 1028 1081 1049 rum
1105 1016 1172 1049 dari
1193 1021 1357 1060 poterunt,
1382 1020 1478 1059 prout
1507 1016 1626 1049 nostris
1654 1016 1750 1049 sami-

1010 1071 1154 1111 liaribus,
1176 1070 1337 1104 continuis
1358 1069 1640 1110 commensalibus,
1657 1070 1752 1103 etiam

1010 1124 1108 1167 gratis
1128 1125 1246 1158 dentur
1264 1129 1294 1157 et
1315 1123 1547 1163 concedantur,
1572 1133 1608 1156 ac
1632 1123 1700 1156 dari
1722 1131 1753 1158 et

1011 1178 1143 1211 concedi
1174 1177 1307 1211 omnino
1329 1177 1477 1215 debeant,
1502 1176 1597 1209 etiam
1623 1177 1749 1220 praeci·

1010 1233 1116 1277 pimus
1137 1238 1166 1265 et
1187 1231 1388 1265 mandamus.

1055 1288 1070 1325 ξ
1092 1286 1121 1318 st.
1146 1286 1275 1318 Necnon
1291 1283 1493 1318 conclavistis
1511 1289 1667 1317 eteorum
1687 1284 1751 1317 sin-

1009 1338 1111 1381 gulis,
1140 1345 1171 1371 ut
1199 1338 1397 1382 quicumque
1426 1337 1487 1370 loci
1517 1336 1677 1370 Ordinarii
1702 1339 1749 1371 vel

1010 1392 1155 1425 canonici
1182 1391 1505 1435 metropolitanarum
1534 1401 1590 1424 seu
1615 1391 1750 1424 aliarum

1010 1446 1231 1485 ecclesiarum,
1256 1451 1310 1478 aut
1340 1454 1499 1489 personae
1527 1455 1752 1488 quaecumque

1010 1498 1255 1539 ecclesiasticae,
1270 1505 1332 1531 tam
1348 1498 1379 1530 in
1394 1499 1536 1532 Romana
1552 1497 1642 1531 Curia
1656 1508 1752 1541 quam

1009 1557 1099 1585 extra
1117 1563 1199 1593 cam,
1221 1552 1260 1586 ad
1286 1552 1316 1585 id
1345 1562 1403 1596 per
1424 1562 1477 1585 eos
1499 1557 1528 1585 et
1547 1562 1659 1585 eorum
1686 1552 1752 1585 sin-

1009 1606 1101 1648 gulos
1116 1605 1254 1650 eligendi
1269 1615 1325 1638 seu
1341 1605 1519 1648 eligendae,
1533 1615 1754 1648 quascumque

1010 1660 1181 1703 pensiones
1200 1669 1333 1699 annuas,
1358 1659 1403 1692 eis
1424 1665 1455 1692 et
1475 1669 1588 1691 eorum
1606 1658 1751 1701 singulis,

1010 1724 1106 1756 super
1132 1712 1392 1756 quibuscumque
1424 1712 1593 1752 fructibus,
1620 1712 1754 1745 redditi-

1011 1768 1069 1800 bus
1098 1773 1128 1800 et
1156 1767 1366 1810 proventibus
1388 1777 1673 1810 quorumcumque
1698 1766 1754 1799 be-

1010 1820 1201 1853 neficiorum
1217 1820 1521 1860 ecelesiasticorum,
1539 1830 1612 1852 eum
1634 1822 1710 1853 cura
1726 1825 1756 1852 et

1010 1874 1077 1907 sine
1095 1873 1181 1915 cura,
1203 1873 1419 1907 saecularium
1442 1879 1473 1907 ct
1493 1873 1682 1917 quorumvis
1697 1873 1754 1906 Or-

1010 1928 1121 1961 dinum
1137 1927 1348 1970 regularium,
1373 1938 1429 1960 seu
1451 1927 1584 1967 fructus,
1610 1926 1754 1960 redditus

1010 1986 1039 2014 et
1059 1987 1233 2024 proventus
1251 1980 1437 2014 huiusmodi
1457 1980 1690 2014 beneficiorum
1708 1991 1755 2013 re-

1009 2040 1161 2074 servatos,
1183 2044 1286 2078 usque
1304 2034 1343 2067 ad
1365 2043 1524 2067 summam
1548 2039 1676 2066 eentum
1699 2034 1756 2066 du-

1010 2094 1156 2122 catorum
1178 2089 1346 2129 similium,
1372 2089 1402 2121 in
1426 2094 1491 2121 toto
1519 2088 1567 2121 vel
1594 2088 1624 2121 in
1646 2095 1752 2132 parte,

1010 2154 1045 2175 ac
1067 2143 1161 2175 etiam
1193 2143 1224 2175 in
1246 2142 1358 2175 mortis
1388 2142 1537 2182 articulo,
1569 2152 1694 2175 cassare
1726 2147 1756 2174 et

1010 2196 1207 2237 extinguere,
1223 2207 1271 2236 ac,
1288 2202 1458 2240 postquam
1474 2201 1614 2228 cassatae
1628 2194 1756 2233 suerint,

1010 2250 1087 2282 alias
1107 2249 1228 2282 similes
1254 2249 1425 2293 pensiones
1447 2259 1580 2285 annuas.
1601 2258 1656 2280 seu
1683 2248 1751 2280 sru-

1010 2309 1096 2343 ctus,
1130 2303 1274 2336 redditus
1304 2308 1334 2335 et
1365 2308 1540 2346 proventus
1568 2301 1753 2334 huiusmodi

1010 2368 1111 2401 usque
1139 2357 1177 2389 ad
1206 2367 1366 2390 summam
1398 2355 1596 2399 praedictam
1625 2354 1680 2387 uni
1705 2354 1752 2387 vel

1011 2411 1157 2455 plui-ilius
1178 2410 1247 2443 aliis
1268 2409 1414 2453 personis
1435 2407 1668 2447 ecelesiasticis,
1697 2418 1754 2450 per

1012 2464 1140 2496 eosdem
1172 2462 1381 2496 conclavistas
1413 2467 1441 2494 et
1469 2471 1581 2493 eorum
1610 2460 1753 2501 singulos

1012 2517 1218 2550 nominandis
1244 2516 1357 2560 (etiam
1384 2524 1609 2558 quaecumque
1625 2541 1632 2554 ,
1657 2519 1752 2557 quot-

1013 2581 1152 2614 cumque
1181 2576 1209 2603 et
1238 2569 1488 2613 qualiacumque
1519 2566 1678 2600 beneficia
1703 2577 1754 2600 cc.-

1048 2644 1088 2677 (1)
1108 2642 1149 2669 Sic
1170 2642 1262 2677 legunt
1282 2641 1358 2668 editt.
1381 2644 1436 2667 tum
1456 2639 1573 2666 Cherub.
1591 2643 1646 2666 tum
1662 2639 1753 2671 Main.;

1014 2692 1041 2715 at
1061 2688 1198 2714 videretur
1217 2686 1361 2722 legendum
1381 2684 1576 2721 eapedieiidae
1598 2685 1634 2720 (a.
1651 2685 1698 2719 Γ).

1772 271 1821 298 An.
1839 271 1867 299 C.
1892 271 1959 298 1605

1798 545 1910 571 Expeditio
1923 546 1958 565 lit-

1771 574 1864 592 terarum
1873 574 1957 597 apostu-

1771 599 1859 619 ticnruni
1868 604 1905 624 pro
1917 599 1956 618 cis-

1771 625 1818 645 ‹lcm
1839 626 1955 645 conclavis-

1771 654 1797 672 lts
1808 652 1872 677 gratis
1885 652 1942 672 liant.

1789 1290 1894 1311 indultum
1905 1295 1954 1311 con-

1766 1318 1903 1338 clavistarum
1915 1318 1955 1337 cir-

1766 1350 1790 1364 ca
1825 1350 1951 1370 pensiones.

1766 1374 1802 1392 clf.
