2227 3241
241 269 289 296 An.
309 270 336 296 c,
359 271 425 299 1603
471 262 490 295 8

260 810 369 834 lirtnpiiae
388 810 413 829 ab

234 837 323 855 ecclesia
335 837 356 855 S.
370 837 413 856 Tri-

233 863 306 887 i=honi>
314 862 412 882 adm-vir·

234 895 286 908 siam
306 890 326 908 S.
348 891 412 913 Αιιμιι-

233 918 278 934 ‹tini
290 915 412 936 tran-scren-

233 942 281 961 dli-⁸.

256 1179 345 1200 fructu<
361 1185 412 1205 quu-

231 1212 272 1231 qus
288 1208 306 1225 et
318 1206 412 1227 redditus

232 1232 336 1253 transfert.

275 1763 379 1783 Transturt
391 1770 411 1783 r-

231 1792 280 1809 itant
305 1790 411 1814 iri-tutnen-

232 1819 272 1836 tias
283 1817 410 1838 Stationum.

258 2292 376 2314 (xtausutac.

432 323 540 355 eadem
573 322 703 356 eeclesia
729 322 827 355 sancti
856 321 1026 364 Triphonis
1059 332 1167 355 curam

431 375 608 408 animarum
633 375 834 415 huiusmodi,
863 375 1054 408 auctoritate
1086 385 1164 419 apo-

431 428 551 468 stolica,
579 433 686 461 tenore
703 426 928 471 praesentium,
945 432 1097 472 perpetuo
1115 428 1169 460 ab·

431 480 573 514 dicamus
590 486 620 514 et
644 480 924 521 dismembramus,
947 491 984 514 ac
1009 482 1047 514 ad
1069 482 1168 516 ecele-

431 533 508 566 siam
523 533 673 576 praedicti
688 532 870 566 monasterii
886 534 986 567 sancti
1000 534 1167 577 Augustini

431 591 583 630 perpetuo
598 585 836 626 transferimus,
848 585 891 619 ita
902 592 937 620 ut
954 597 1011 630 per
1029 587 1167 631 aliquem

431 649 486 672 seu
499 638 622 681 aliquos
635 638 777 671 eiusdem
792 639 976 673 monasterii
991 640 1113 680 fratres,
1129 639 1168 672 ad

430 690 459 724 id
474 702 490 724 a
504 690 619 725 dilecto
632 690 698 725 filio
711 696 820 725 nostro
837 692 869 725 in
886 693 969 725 alma
983 692 1066 726 Urbe
1084 693 1168 726 vica-

430 743 476 776 rio
493 742 695 787 approbamS,
714 744 853 778 exerceri
871 745 971 788 possit
986 750 1016 778 et
1036 744 1157 778 debeat.

472 796 487 838 ,ξ
507 795 536 829 2.
560 795 691 830 Necnon
709 796 803 830 etiam
825 797 976 841 reliquias
993 807 1115 838 omneS,
1135 796 1167 830 in

428 848 537 882 cadem
561 849 694 882 ecclesia
720 849 820 882 sancti
839 849 1008 894 Triplionis
1031 849 1167 883 existen-

429 906 484 942 tes,
508 901 546 934 ad
572 901 672 945 ipsam
691 902 856 935 eeclesiam
874 901 973 936 sancti
986 901 1165 946 Augustini,

428 954 459 987 in
486 964 548 998 qua
572 953 736 988 decentius
761 955 913 989 custodiri
932 961 963 988 et
986 954 1165 988 conservari

428 1011 587 1050 poterunt,
614 1007 761 1042 similiter
786 1008 1018 1049 transferimus,
1045 1018 1101 1041 seu
1118 1007 1166 1041 di-

428 1060 486 1093 ctis
504 1060 601 1104 priori
634 1065 665 1094 et
689 1061 838 1095 iratribus
863 1060 932 1095 illas
957 1060 1165 1095 transferendi

430 1112 593 1147 licentiam
619 1119 649 1147 et
667 1113 847 1147 facultatem
872 1114 1085 1159 impertimur.

471 1166 485 1209 ξ,
502 1165 531 1199 3.
550 1166 682 1211 Insuper
702 1166 821 1201 eisdem
839 1166 935 1212 priori
954 1172 985 1200 et
1002 1166 1164 1209 fratribus,

428 1224 462 1251 ut
476 1218 583 1252 omnia
597 1225 627 1253 et
641 1219 767 1264 singula
781 1220 912 1261 fructus,
925 1219 1082 1262 redditus,
1095 1229 1168 1264 pro-

428 1276 550 1310 ventus,
570 1270 652 1312 iura,
675 1272 880 1307 obventiones
897 1278 927 1307 et
950 1273 1169 1307 emolumenta

428 1334 662 1368 quaecumque,
699 1325 795 1358 etiam
831 1326 968 1368 incerta,
1001 1326 1040 1359 ad
1070 1337 1165 1371 prae-

427 1376 545 1411 dictam
572 1378 736 1412 ecclesiam
774 1380 875 1414 sancti
913 1380 1083 1424 Triphonis
1111 1391 1165 1413 ra-

428 1431 515 1464 tione
532 1431 670 1466 exercitii
689 1443 784 1467 curae
800 1433 980 1466 animarum
995 1431 1169 1476 spectantia

427 1492 457 1519 et
482 1487 671 1530 pertinentia
702 1487 772 1531 (ita
798 1494 903 1522 tamen
935 1496 971 1524 ut
994 1490 1054 1534 ipsi
1080 1490 1169 1534 prior

427 1545 457 1573 ct
490 1541 599 1574 tratres
617 1551 712 1574 onera
744 1542 852 1576 omnia
884 1544 990 1577 eidem
1016 1545 1168 1578 ecclesiae

428 1595 526 1628 sancti
553 1595 721 1639 Triphonis
738 1596 957 1631 incumbentia
980 1604 1168 1643 supportare

428 1650 619 1692 teneantur),
646 1650 834 1684 auctoritate
853 1657 884 1685 et
910 1658 1020 1686 tenore
1043 1653 1168 1696 praedi-

427 1701 495 1740 ctis,
512 1708 664 1746 perpetuo
681 1703 890 1738 concedimus
910 1710 941 1738 et
956 1705 1166 1749 assignamus.

471 1756 485 1797 ,ξ
510 1755 539 1788 4.
567 1756 701 1790 Ulterius
717 1785 724 1798 ‚
752 1764 787 1791 ut
810 1757 946 1800 diebus,
985 1759 1018 1792 in
1051 1760 1168 1803 quibus

426 1808 580 1842 Stationes
604 1811 635 1843 in
656 1810 816 1853 praedicta
834 1812 965 1845 ecclesia
982 1813 1082 1846 saneti
1101 1813 1168 1847 Tri-

426 1862 541 1905 phonis
553 1863 659 1896 haberi
675 1871 921 1905 consueverunt,
934 1866 1168 1907 christifideles,

427 1916 593 1949 ecelesiam
631 1917 826 1960 praedictam
862 1919 963 1952 sancti
985 1919 1167 1963 etugustini

426 1968 598 2011 visitantes,
608 1970 735 2003 easdem
747 1971 962 2015 indulgentias
975 1973 1168 2023 Stationum‚

427 2033 504 2065 quas
519 2022 549 2056 in
564 2023 723 2066 praedicta
737 2025 869 2058 ecclesia
882 2025 983 2059 sancti
999 2026 1168 2070 Triphonis

427 2081 713 2120 consequerentur,
748 2078 940 2112 cumulative
960 2089 1165 2123 consequan-

429 2134 489 2169 tur,
505 2129 639 2172 perinde
657 2141 692 2164 ae
710 2130 734 2164 si
749 2131 961 2165 eamdcmmet
978 2133 1078 2166 sancti
1100 2133 1168 2167 Tri-

428 2181 540 2224 plionis
560 2183 727 2217 ecclesiam
748 2184 922 2226 visitarent,
936 2184 1080 2220 similiter
1093 2197 1168 2220 con-

427 2234 570 2268 cedimus
589 2241 620 2269 et
643 2236 856 2280 indulgemus.

471 2289 486 2331 g
516 2288 545 2321 5.
585 2290 796 2325 Decet-nentes
827 2298 1009 2335 praesentes
1046 2293 1167 2327 litteras

428 2347 580 2385 perpetuo
595 2342 725 2384 validas,
753 2344 862 2378 firmas
887 2351 916 2378 et
942 2344 1088 2379 efficaces
1103 2345 1168 2378 exi-

428 2399 509 2428 stere
523 2400 552 2427 et
566 2395 643 2435 sore,
654 2406 712 2429 nee
722 2407 739 2429 a
749 2407 924 2441 quoquam,
936 2398 1045 2442 quavis
1059 2404 1168 2432 aucto-

428 2448 520 2481 ritate
547 2454 577 2482 et
600 2449 779 2491 occasione,
799 2451 994 2494 impugnari,
1018 2451 1167 2493 rescindi,

427 2501 474 2532 vel
498 2501 662 2535 retractari
688 2503 846 2536 ullatenus
862 2513 966 2546 posse.
992 2504 1120 2548 Sicque,
1136 2510 1168 2538 et

430 2562 492 2585 non
517 2553 618 2594 aliter,
644 2566 700 2598 per
724 2566 945 2600 quoscumque
969 2556 1091 2590 iudices
1118 2568 1168 2591 or-

430 2606 568 2640 dinarios
591 2613 621 2641 et
640 2609 802 2651 delegatos
835 2610 956 2653 ubique
979 2609 1113 2645 iudicari
1137 2617 1169 2645 et

1021 274 1055 296 nt·
1062 274 1194 298 immutat
1221 275 1369 298 ROMAMM

1959 277 2009 303 An.
2024 276 2053 303 C.
2073 276 2144 304 1603

1204 323 1281 366 quid
1306 332 1396 356 secus
1414 333 1511 366 super
1535 323 1585 355 his
1601 333 1618 355 a
1637 333 1812 367 quoquam,
1836 325 1946 368 quavis

1203 375 1404 415 auctoritate,
1430 375 1568 408 scienter
1591 376 1639 409 vel
1659 376 1853 419 ignoranter,
1871 387 1946 411 con-

1204 427 1310 471 tigerit
1333 427 1492 461 attentari.

1246 481 1261 524 5
1286 482 1314 515 ὓ.
1337 481 1406 515 Non
1432 481 1634 515 obstantibus
1665 481 1946 516 constitutionibus

1203 540 1233 569 et
1252 533 1509 568 ordinationibus
1533 534 1731 578 apostolicis,
1759 535 1945 578 praesertim

1202 588 1311 621 nostra
1340 585 1379 619 de
1403 596 1468 620 non
1493 587 1709 621 concedendis
1737 587 1946 631 indulgentiis

1203 638 1242 672 ad
1262 638 1373 680 instar,
1396 649 1432 671 ac
1452 638 1555 673 dictae
1574 640 1725 674 eeclesiae
1749 642 1849 675 sancti
1874 641 1944 675 Tri-

1202 692 1318 735 phonis
1345 692 1439 726 etiarn
1472 692 1669 735 iuramento,
1702 694 1946 729 confirmatione

1203 745 1390 788 apostolica,
1409 746 1458 778 vel
1475 745 1587 790 quavis
1606 746 1756 781 firmitate
1771 747 1835 781 alia
1851 747 1946 782 robo-

1202 798 1278 831 ratis
1303 797 1429 832 statutis
1452 803 1483 832 et
1506 799 1812 842 consuetudinibus,
1843 806 1946 835 caete-

1202 847 1311 892 risque
1328 848 1499 882 contrariis
1516 849 1783 895 quibuscumque.

1246 901 1361 934 Datum
1377 901 1496 935 Romae
1513 902 1599 947 apud
1626 902 1777 937 Sanctum
1805 904 1946 939 Marcum

1203 954 1261 988 sub
1296 956 1416 988 annulo
1451 955 1640 996 Piscatoris,
1673 956 1726 990 die
1755 966 1809 991 xiv
1837 956 1946 1002 aprilis

1204 1017 1317 1049 unctu,
1337 1008 1542 1053 pontificatus
1561 1009 1661 1044 nostri
1679 1020 1763 1044 anno
1779 1020 1835 1045 xii.

1238 1070 1297 1098 Dat.
1318 1070 1363 1099 die
1383 1071 1416 1099 14
1435 1071 1528 1107 aprilis
1549 1071 1628 1107 1603,
1648 1072 1745 1108 pontif.
1767 1081 1812 1101 an.
1832 1079 1878 1101 xu.

2028 496 2144 526 Dorogatio

1960 525 2122 545 contrariorum.

1505 1194 1637 1231 CCCXV.

1203 1257 1423 1290 flectat-antur
1442 1257 1545 1290 dubia
1561 1257 1725 1291 nonnulla
1744 1259 1784 1292 ab
1803 1259 1946 1304 episcopo

1247 1310 1458 1354 Eyitaniensi
1475 1310 1644 1354 proposita
1657 1308 1677 1344 ¹.

1402 1381 1538 1409 Clemens
1557 1382 1635 1416 Papa
1654 1382 1740 1416 vm,

1328 1427 1364 1454 ad
1384 1429 1559 1461 perpetuam
1578 1427 1622 1454 rei
1646 1427 1825 1456 memoriam.

1248 1490 1344 1522 Decet
1364 1489 1544 1523 Romanum
1553 1489 1740 1524 Pontificem
1750 1490 1783 1524 in
1796 1490 1856 1532 his,
1865 1502 1948 1535 quae

1204 1542 1242 1575 ad
1260 1542 1466 1576 ecclesiarum
1488 1543 1631 1576 omnium
1645 1571 1653 1584 ,
1682 1544 1870 1588 praesertim
1896 1555 1948 1579 ea-

1204 1595 1408 1636 thedmlium,
1426 1595 1583 1639 optimum
1604 1597 1746 1640 regimen
1765 1603 1797 1630 et
1821 1597 1950 1632 utiliora

1204 1648 1329 1683 servitia
1349 1648 1522 1693 pertinent,
1544 1649 1768 1683 auctoritatem
1788 1661 1879 1684 suam
1900 1651 1949 1684 in-

1204 1708 1395 1746 terponere,
1425 1713 1462 1737 ae
1486 1702 1581 1736 dubia
1611 1714 1836 1748 quaecumque
1855 1704 1948 1739 desu-

1204 1767 1261 1799 per
1280 1757 1486 1800 emergentia,
1519 1762 1700 1800 opportuna
1717 1757 1948 1800 declaratione,

1203 1804 1220 1843 e
1239 1810 1344 1843 medio
1365 1810 1477 1844 tollere
1491 1837 1499 1851 ,
1529 1821 1567 1843 ac
1586 1809 1663 1843 alias
1680 1810 1815 1855 desuper
1835 1812 1946 1855 provi-

1204 1863 1292 1903 dere,
1311 1868 1405 1908 prout
1426 1863 1457 1897 in
1478 1863 1613 1897 Domino
1637 1863 1807 1898 salubriter
1823 1865 1949 1910 conspi-

1203 1917 1247 1952 cit
1265 1917 1426 1961 expedire.

1245 1971 1260 2014 ξ
1280 1970 1312 2003 1.
1327 1970 1422 2012 Sane,
1434 1969 1538 2012 cum⁹‚
1557 1970 1639 2004 sicut
1651 1972 1837 2006 venerabilis
1852 1972 1951 2007 frater
1978 1981 2148 2011 ,maerentum-

1965 2007 2071 2029 stdeuttae
2087 2014 2148 2034 prae·

1203 2023 1348 2057 Nonnius
1363 2023 1531 2068 episeopus
1555 2024 1767 2068 Egitaniensis
1786 2025 1879 2059 nobis
1899 2037 1951 2060 ex·
1965 2034 2086 2088 gggggssffin
2099 2040 2114 2088 ἔ
2122 2035 2150 2082 ui:

1202 2077 1278 2121 poni
1302 2077 1388 2117 fecit,
1415 2088 1453 2111 ex
1474 2087 1510 2111 eo
1535 2079 1634 2121 quod,
1653 2090 1670 2112 a
1693 2078 1903 2122 quadraginta
1920 2085 1952 2114 et
1965 2094 1999 2109 m
2021 2087 2100 2134 apustufs
2121 2093 2149 2109 π-

1202 2130 1347 2175 pluribus
1359 2131 1572 2174 lapsis-annis,
1583 2132 1686 2165 bonae
1700 2132 1873 2166 memoriae
1885 2132 1951 2177 epi-
1965 2120 2067 2141 'emm
2081 2130 2087 2139 ¹

1201 2184 1289 2229 scopi
1310 2184 1530 2228 Egitanienses
1559 2185 1627 2219 eius
1651 2190 1870 2220 antecessores
1890 2187 1950 2220 fre-

1202 2242 1369 2281 quentem,
1397 2248 1453 2271 seu
1474 2237 1693 2272 continuatam
1718 2239 1803 2283 apud
1831 2238 1949 2272 dictam

1201 2290 1381 2331 ecclesiam,
1396 2296 1431 2324 ut
1447 2292 1649 2331 tenebantur,
1668 2291 1876 2325 residentiam
1892 2302 1950 2325 ne-

1201 2344 1279 2378 dum
1297 2354 1363 2377 non
1379 2344 1536 2386 fecerunt,
1553 2343 1607 2378 sed
1618 2354 1731 2378 eorum
1751 2343 1852 2387 aliqui
1864 2343 1948 2388 regis

1203 2398 1415 2442 Portugalliae
1431 2397 1553 2432 curiam
1571 2397 1698 2441 sequuti
1719 2397 1860 2438 ruerunt,
1880 2398 1951 2441 qui-

1201 2451 1273 2484 dam
1291 2461 1365 2485 vero
1385 2451 1417 2485 in
1434 2451 1531 2492 Urbe,
1550 2451 1645 2484 etalii
1666 2450 1700 2484 in
1717 2450 1850 2484 diversis
1866 2451 1951 2486 locis

1989 1503 2110 1525 Exordium.

1239 2541 1249 2566 ¹
1272 2539 1310 2567 Ex
1330 2539 1436 2576 Regest.
1458 2540 1485 2567 in
1505 2539 1607 2567 Secret.
1629 2538 1763 2566 Brerium.

1236 2585 1252 2612 2
1267 2584 1332 2612 lleic
1347 2584 1461 2612 sortasse
1475 2583 1626 2620 supplenda
1641 2586 1700 2611 erat
1714 2583 1846 2619 particula
1865 2593 1942 2620 cum,

1202 2632 1232 2656 ut
1246 2629 1361 2665 quisque
1377 2628 1474 2657 viderit
1488 2636 1520 2656 ex
1536 2631 1662 2656 contextu
1677 2631 1704 2656 et
1723 2636 1755 2657 ex
1776 2632 1862 2657 const.
1885 2637 1946 2668 seq.

430 2659 554 2692 deliniri
579 2660 707 2704 debere,
728 2672 764 2695 ac
778 2662 901 2696 irritum
915 2668 947 2697 et
969 2663 1063 2697 inane
1076 2663 1168 2708 quid-
1201 2673 1215 2708 g
1232 2675 1242 2701 1
1260 2678 1297 2708 (a.
1314 2673 1362 2708 τ.).
