2227 3241
221 260 268 286 An.
290 259 315 288 C·
339 260 404 289 1609

244 1757 363 1778 Exordium.

231 2184 403 2211 congregauonis

218 2213 293 2237 petitio
303 2215 355 2232 inter
365 2212 403 2233 Or-

218 2239 277 2258 dines
284 2238 403 2259 Mendiean-

218 2265 268 2285 tium
284 2265 385 2286 adscribi.

453 251 516 286 608

419 309 589 343 missorum
616 308 859 352 quomodolibet
884 308 1054 350 concessis,
1082 319 1158 343 con-

419 363 553 396 firmatis
581 368 611 395 et
639 362 835 406 approbatis.
865 362 986 402 Quibus
1007 362 1158 397 omnibus

419 421 449 448 et
462 415 594 457 singulis
609 415 733 458 (eorum
748 416 891 449 omnium
907 422 937 449 et
954 415 1155 459 singulorum

419 474 547 501 tenores
571 468 794 512 praesentibus
819 479 878 513 pro
898 470 992 513 plene
1013 474 1043 503 et
1068 469 1156 503 susti-

419 521 539 555 cienter
560 522 715 566 expressis
745 528 775 556 et
804 523 843 556 ad
874 522 1008 556 verbum
1030 522 1156 556 insertis

418 574 597 617 habentes),
626 575 687 609 illis
708 575 784 608 alias
806 575 837 608 in
862 586 921 609 suo
947 576 1064 610 robore
1083 586 1155 620 per-

418 627 596 669 mansuris,
614 627 674 661 hac
695 627 762 661 vice
788 628 952 662 dumtaxat
975 628 1156 673 specialiter

418 685 449 711 et
469 689 617 722 expresse
638 680 844 723 derogamus,
862 681 1059 725 caeterisque
1080 691 1156 715 con-

418 732 523 766 trariis
540 733 808 778 quibuscumque.

461 785 575 819 Datum
596 786 716 820 Romae
737 787 822 831 apud
842 792 989 821 sanctum
1009 788 1152 829 Petrum,

417 838 475 871 sub
493 839 613 872 annulo
633 839 822 880 Piscatoris,
847 840 897 874 die
921 850 955 874 111
976 840 1155 875 decembris

417 901 526 932 tineix,
541 892 748 936 pontificatus
761 893 863 927 nostri
883 904 967 927 anno
985 905 1014 928 v.

453 953 510 981 Dat.
528 954 569 982 die
585 955 602 982 3
616 955 768 983 decembris
783 957 861 989 ι1609,
877 956 970 992 pontis.
988 965 1032 984 an.
1049 963 1075 984 V.

707 1117 858 1151 CXLVIII.

416 1214 603 1257 Adscrz'ptio
616 1215 757 1257 fratrum
774 1215 1020 1258 reformatorum
1035 1215 1157 1249 Discat-

463 1271 626 1300 rcatorum
642 1267 776 1301 Ordinis
795 1268 1019 1302 sanctissimae
1047 1269 1073 1302 T
1074 1269 1156 1301 rini-

463 1320 540 1353 tatis
570 1320 811 1365 Redemptiouz's
841 1322 1040 1365 captivorum
1071 1321 1158 1354 inter

462 1373 546 1406 alios
568 1373 705 1407 Ordines
722 1374 951 1418 reliyiosorum
970 1374 1157 1408 illendican-

463 1427 567 1467 lium,
595 1437 668 1459 cum
695 1427 947 1472 privileqiorum
971 1429 1154 1462 communi-

462 1480 614 1514 catione'.

657 1589 767 1616 Paulus
788 1589 866 1623 Papa
885 1590 917 1620 V,

541 1643 576 1670 ad
593 1645 767 1677 perpetuam
787 1643 830 1670 rei
851 1643 1032 1671 memoriam.

461 1749 622 1782 Ecclesiae
635 1748 816 1783 Catholicae
828 1749 977 1792 regimini
991 1749 1087 1783 nullis
1100 1759 1157 1783 no-

417 1802 488 1836 stris
510 1802 630 1836 meritis
648 1814 665 1836 a
682 1802 818 1837 Domino
838 1803 1025 1847 praepositi,
1047 1813 1083 1837 ex
1103 1804 1157 1837 de-

419 1857 484 1889 bito
497 1856 667 1900 pastoralis
685 1856 781 1889 officii
796 1856 879 1890 viros
893 1856 1081 1900 Religiosos,
1102 1857 1156 1901 qui

416 1909 474 1942 sub
506 1909 695 1943 sanctitate²
726 1909 890 1952 religionis
922 1909 996 1953 iugo
1030 1916 1156 1953 gratum

416 1963 541 1997 Christo
570 1963 759 2007 obsequium
799 1969 984 2007 praestant,
1019 1964 1158 1998 libenter

418 2015 580 2049 favoribus
601 2021 631 2049 et
651 2016 761 2058 gratiis
786 2016 1038 2060 prosequimur,
1061 2022 1158 2061 prout

419 2069 450 2102 in
470 2069 606 2103 Domino
629 2069 844 2114 conspicimus
868 2070 1040 2104 salubriter
1064 2081 1158 2115 expe-

419 2122 498 2156 dire.

463 2177 479 2219 ξ
510 2178 534 2209 l.
565 2176 641 2210 Cum
667 2176 773 2220 itaque
805 2176 908 2219 (sicut
937 2177 1029 2211 nobis
1054 2187 1158 2222 nuper

419 2229 534 2273 exponi
556 2229 700 2262 fecerunt
721 2229 827 2262 dilecti
854 2229 911 2263 filii
933 2230 1046 2264 fratres
1064 2229 1157 2264 Ordi-

418 2283 467 2316 nis
487 2282 706 2317 sanctissimae
726 2283 889 2317 Trinitatis
917 2283 1158 2328 Redemptionis

418 2336 617 2380 captivorum
649 2335 915 2379 Congregationis
939 2337 1155 2371 Discaleeato-

419 2390 504 2432 rum>
534 2390 592 2434 ipsi
618 2395 690 2424 actu
720 2390 903 2424 mendicent
929 2396 960 2424 et
984 2396 1159 2435 propterea

456 2491 463 2516 t
489 2488 647 2516 Huiusmodi
668 2487 876 2515 lllendicantium
888 2488 1028 2523 privilegia
1048 2488 1158 2516 attende

418 2542 443 2560 in
465 2534 506 2560 Pii
525 2533 544 2559 V
561 2533 668 2560 constit.
685 2539 744 2564 xtx,
766 2533 842 2560 Dum
861 2532 898 2560 ad
917 2533 1027 2568 uberes,
1048 2536 1159 2561 tom.vu

418 2587 478 2613 pag.
496 2579 558 2611 468,
575 2582 602 2605 et
621 2577 732 2604 Constit.
746 2584 823 2611 bviii,
839 2577 904 2605 Etsi
918 2578 1157 2613 mendicantium,

419 2623 518 2649 ibidem
540 2631 599 2658 pag.
616 2623 678 2650 573.

453 2667 468 2692 ⁶2
489 2667 644 2702 Legendum
659 2670 753 2695 sancto
769 2669 820 2696 aut
834 2669 950 2695 sunctae
966 2666 1002 2702 (fl.
1013 2669 1060 2701 Τ.).

990 261 1172 286 BULLARIUM
1196 261 1348 287 ROMANUM

1935 266 1985 293 An.
2003 265 2029 294 C.
2051 265 2120 293 1609

1192 310 1274 344 inter
1293 315 1437 344 caeteros
1454 310 1588 346 Ordines
1601 304 1850 348 Mendicantium
1871 315 1926 348 ad-

1191 363 1299 406 scribi,
1318 373 1495 409 eorumque
1515 364 1754 409 privilegiorum
1770 373 1800 400 et
1817 368 1927 411 gratiis

1190 416 1362 461 participes
1386 416 1456 451 fieri
1482 418 1679 460 desiderent;
1707 429 1806 463 quare
1835 421 1927 455 nobis

1190 469 1355 503 humiliter
1374 470 1548 514 supplicari
1567 470 1719 512 fecerunt,
1736 477 1770 505 ut
1787 472 1818 505 in
1836 483 1928 517 prae-

1191 522 1294 556 missis
1307 528 1489 567 opportune
1499 524 1668 568 providere
1680 525 1718 558 de
1730 525 1926 569 benignitate

1189 576 1363 620 apostolica
1381 577 1597 620 dignaremur.

1234 630 1250 671 5
1271 629 1300 662 ⁶2.
1324 630 1386 663 Nos
1407 630 1514 673 igitur,
1535 630 1636 664 dictos
1650 631 1764 665 fratres
1783 631 1926 676 speciali·
1940 651 1985 666 rum
2034 651 2125 675 ona-pm

1189 681 1248 716 bus
1268 682 1428 717 favoribus
1446 689 1476 717 et
1491 683 1600 726 gratiis
1611 684 1763 729 prosequi
1774 685 1925 728 volentes,
1947 674 2123 719 anima-:mauo-

1190 740 1221 769 et
1240 745 1352 769 eorum
1375 736 1553 780 quemlibet
1573 747 1590 770 a
1610 737 1773 781 quibusvis
1794 748 1922 772 excom-

1191 788 1427 831 municationis,
1438 795 1512 830 etc.‚
1525 795 1700 831 censenteS,
1718 800 1755 823 ex
1770 789 1928 824 sententia

1189 840 1380 875 dilectorum
1412 841 1554 875 filiorum
1586 847 1771 875 nostrorum
1803 841 1927 878 Octavii

1189 893 1271 927 tituli
1291 900 1420 928 sanctae
1439 894 1576 929 Sabinae
1596 895 1730 928 Bandini
1753 901 1784 929 et
1799 895 1926 930 Ioannis

1187 946 1316 981 Garsiae
1345 947 1427 981 tituli
1451 952 1635 982 sanctorum
1661 947 1805 988 Quatuor
1832 948 1928 983 Coro-

1188 1005 1338 1034 natorum
1363 1001 1627 1046 presbyterorum
1648 1000 1678 1035 S.
1703 1002 1739 1035 R.
1768 1001 1801 1034 Ε.
1825 1001 1929 1036 cardi-

1189 1052 1309 1086 nalium
1334 1053 1464 1087 Millini¹
1496 1058 1777 1098 nuncupatorum,
1811 1054 1928 1099 quibus

1189 1105 1251 1139 hoc
1281 1105 1448 1149 negotium
1474 1111 1599 1139 mature
1623 1106 1871 1140 examinandum
1898 1112 1929 1140 et

1189 1157 1282 1191 nobis
1314 1158 1518 1193 referendum
1550 1158 1781 1200 commisimus,
1810 1159 1927 1194 dictam

1189 1211 1474 1255 Congregationem
1495 1212 1578 1246 inter
1592 1217 1734 1246 caeteros
1751 1213 1929 1247 Mendican-

1191 1264 1270 1297 tium
1292 1264 1427 1299 Ordines
1447 1265 1638 1299 auctoritate
1666 1266 1860 1310 apostolica,
1885 1272 1929 1301 te-

1190 1328 1268 1352 nore
1288 1319 1516 1363 praesentium,
1538 1320 1760 1362 adscribimus,
1780 1331 1816 1355 ae
1840 1321 1927 1354 illam

1191 1373 1341 1417 illiusque
1351 1373 1463 1407 fratres
1472 1373 1529 1407 sub
1540 1374 1786 1407 Mendicantium
1798 1375 1929 1410 nomine

1191 1426 1423 1470 comprehendi
1436 1427 1553 1460 debere
1566 1427 1768 1461 decernimus
1782 1433 1813 1461 et
1829 1428 1929 1462 decla-

1192 1491 1322 1523 ramus,
1347 1491 1383 1514 ac
1414 1486 1587 1526 propterea
1607 1481 1716 1515 onmia
1744 1487 1774 1515 et
1804 1481 1930 1526 singula

1191 1534 1368 1579 privilegia,
1393 1535 1622 1577 immunitates,
1637 1536 1866 1581 exemptiones,
1882 1536 1929 1570 sa-

1193 1589 1326 1622 eultates
1342 1617 1348 1628 ,
1367 1589 1509 1632 gratias,
1540 1589 1722 1631 libertates,
1750 1590 1874 1624 indulta
1899 1596 1930 1624 et

1192 1641 1269 1675 alias
1286 1642 1413 1685 gratias,
1428 1648 1490 1676 tam
1509 1653 1637 1686 pernes
1649 1653 1744 1687 quam
1764 1653 1931 1687 quoscum-

1192 1705 1255 1739 que
1284 1695 1447 1729 Romanos
1466 1695 1638 1729 Pontifices
1665 1696 1930 1740 praedecessores

1191 1753 1318 1782 nostros
1332 1754 1362 1781 et
1379 1748 1493 1782 Sedem
1505 1749 1733 1793 Apostolicam,
1751 1749 1931 1793 quomodo-

1192 1801 1269 1835 libet
1286 1801 1539 1836 Mendicantibus
1564 1802 1737 1836 Ordinibus
1757 1813 1906 1837 concessa
1919 1831 1927 1846 ,

1191 1865 1304 1889 eorum
1316 1855 1472 1898 omnium,
1483 1862 1592 1890 actam
1604 1856 1662 1889 sub
1675 1856 1820 1900 plumbo,
1834 1868 1928 1901 quam

1191 1908 1224 1942 in
1253 1908 1355 1942 forma
1384 1908 1490 1942 Brevis
1514 1909 1731 1943 confectarum
1750 1909 1929 1943 litterarum

1192 1966 1332 2003 tenores,
1356 1972 1392 1994 ac
1412 1961 1437 1995 si
1458 1962 1497 1995 de
1513 1962 1612 1995 verbo
1634 1962 1672 1996 ad
1693 1962 1824 1996 verbum
1846 1962 1930 1996 inse-

1191 2020 1357 2054 rerentur,
1385 2015 1610 2058 praesentibus
1634 2025 1693 2059 pro
1718 2015 1875 2059 expressis
1900 2021 1931 2050 et

1191 2068 1319 2102 insertis
1339 2068 1504 2110 habentes,
1528 2069 1567 2102 ad
1585 2069 1686 2113 ipsam
1705 2069 1931 2112 Congregatio-

1192 2133 1264 2155 nem
1290 2122 1558 2156 Discalceatorum
1585 2122 1782 2164 huiusmodi,
1799 2122 1932 2167 eiusque

1192 2177 1327 2219 fratres,
1349 2177 1480 2217 domos,
1505 2176 1654 2210 ecclesias
1679 2182 1709 2210 et
1732 2177 1802 2210 loca
1827 2187 1927 2221 quae-

1192 2241 1341 2275 cumque,
1360 2230 1399 2264 de
1419 2240 1502 2264 novo
1519 2230 1639 2274 (quoad
1658 2240 1694 2263 ea
1715 2240 1797 2274 quae
1817 2241 1930 2264 eorum

1192 2284 1323 2327 regulae
1339 2283 1523 2328 primitivae
1540 2288 1571 2317 et
1592 2283 1744 2317 institutis
1761 2294 1797 2318 ac
1815 2283 1931 2317 consti-
1959 2308 1961 2310 -

1192 2337 1368 2371 tutionibus
1386 2347 1451 2371 non
1469 2341 1649 2381 repugnant
1666 2337 1804 2380 tantum)
1819 2337 1930 2370 eadem

1191 2391 1381 2425 auctoritate
1417 2390 1619 2424 extendimus
1654 2395 1685 2423 et
1725 2391 1928 2434 ampliamus.

1192 2445 1321 2478 Necnon
1339 2444 1448 2478 omnia
1466 2449 1497 2477 et
1510 2443 1636 2486 singula
1657 2442 1789 2477 Concilii
1801 2443 1932 2476 Triden-

1193 2498 1250 2532 tini
1272 2498 1402 2532 deereta
1414 2508 1473 2542 pro
1490 2496 1744 2531 Mendicantibus
1760 2496 1932 2530 Ordinibus

1193 2552 1355 2585 declarata
1378 2557 1409 2585 et
1433 2550 1629 2591 modificata,
1650 2549 1744 2583 etiam
1766 2560 1826 2594 pro
1844 2550 1928 2584 Con-

1192 2604 1379 2648 gregatione
1402 2602 1588 2638 huiusmodi
1618 2602 1750 2646 eiusque
1780 2602 1932 2636 fratribus

1230 2667 1239 2693 1
1264 2665 1436 2702 Hyperbaton
1453 2665 1606 2694 huiusmodi
1621 2673 1702 2701 saepe
1713 2664 1831 2693 occurrit
1841 2665 1882 2700 (n.
1893 2665 1930 2700 τ).

1971 592 2124 614 Adnumeratur

1940 623 1987 639 cum
2003 619 2123 649 privilegio-
