2227 3241
880 271 978 296 INDEX
999 270 1151 296 txt'rtALts

616 320 642 353 H

263 428 318 461 His
335 437 416 472 quae
433 437 490 472 pro
512 426 791 467 monasteriorum,
813 425 887 463 541,

262 481 363 515 Hodie
380 481 412 514 in
425 480 615 514 consistorio
637 485 747 513 nostro
769 485 904 519 secreto,
923 478 998 511 146.

263 534 376 575 Hodie,
396 544 452 578 per
469 533 547 567 alias
566 540 704 573 nostras,
722 532 796 566 557.

261 587 374 628 Hodie,
392 598 450 632 per
466 587 545 621 alias
567 593 704 628 nostras,
723 585 799 619 610.

627 679 637 711 l

262 749 454 785 Iamdudum
475 751 665 795 accepimus
681 748 756 783 369.

260 804 404 849 Impositi
421 803 514 838 nobis
531 803 695 849 apostolici
716 802 871 842 muneris,
891 800 965 836 188.

261 857 296 891 In
314 858 508 902 apostolicae
528 856 694 900 dignitatis
712 850 863 896 e'utmtne,
886 853 962 888 302.

262 911 297 944 In
313 912 397 945 beati
411 911 494 945 Petri
507 911 733 954 Apostolorum
748 909 913 954 principis,
926 908 1001 941 42¹1.

262 964 298 998 In
326 964 479 998 eminenti
512 964 705 1009 apostolicae
738 963 902 1007 dignitatis
934 973 1004 1006 spe-

305 1018 389 1059 cula,
411 1017 486 1052 299.

261 1070 399 1105 iniuncti
425 1071 519 1106 nobis
544 1072 713 1115 apostolici
741 1071 884 1105 muneris
909 1070 1001 1111 ratio,

305 1124 380 1158 294.

260 1177 398 1212 Iniuncti
419 1179 512 1213 nobis
540 1179 705 1224 apostolici
735 1179 878 1212 muneris
909 1178 1002 1218 ratio,

305 1230 381 1265 3210.

262 1285 398 1320 Iniuncti
422 1286 515 1320 nobis
538 1287 701 1331 apostolici
729 1286 869 1320 muneris
899 1285 1001 1324 ratio,

306 1339 381 1373 341.

263 1392 297 1426 In
308 1393 455 1427 maximis
468 1404 575 1428 rerum
590 1392 842 1433 difficultatibus,
858 1392 935 1425 256.

263 1445 298 1479 ln
315 1457 405 1480 sacra
421 1446 506 1480 Petri
523 1446 608 1486 sede,
631 1445 705 1479 232.

265 1499 300 1533 In
320 1500 393 1534 sede
413 1500 567 1544 principis
585 1501 822 1543 Apostolorum,
842 1499 916 1533 534,

263 1553 299 1587 In
316 1554 583 1598 supereminentis
600 1553 806 1598 apostolicae,
825 1552 900 1586 320.

264 1609 299 1640 In
313 1618 468 1652 supernae
486 1608 682 1651 apostolieae
696 1607 871 1651 dignitatis,
893 1605 967 1639 562.

263 1661 298 1694 ln
322 1662 461 1706 supremi
479 1662 675 1706 apostolatus
692 1661 792 1704 apice,
809 1659 883 1693 546.

263 1714 349 1748 Inter
369 1716 447 1750 alias
466 1722 593 1749 nostrae
616 1714 783 1759 pastoralis
808 1713 1001 1748 sollicitudi-

308 1769 357 1802 nis
378 1780 481 1810 curas,
505 1768 578 1802 570.

265 1822 352 1856 Inter
379 1829 523 1862 caetera,
549 1833 632 1866 quae
655 1823 837 1856 Romanum
874 1821 1005 1855 Pontifi-

309 1887 392 1918 cem,
408 1876 483 1911 267.

265 1930 350 1964 Inter
374 1937 500 1964 caetera
521 1931 714 1964 christianae
739 1930 863 1974 pietatis
884 1929 1000 1969 officia,

265 2039 350 2073 Inter
369 2044 511 2086 caete-ras
531 2045 641 2073 nostro
659 2039 798 2079 muneri,
818 2037 892 2071 984.

265 2093 350 2127 Inter
366 2103 475 2137 graves
488 2093 686 2136 apostolatus
700 2092 799 2126 nostri
810 2101 915 2131 curas,
928 2089 1001 2123 470.

266 2147 350 2180 lnter
366 2157 477 2190 graves
495 2147 662 2190 pastoralis
679 2146 790 2187 officii,
810 2144 885 2179 630.

265 2199 350 2233 Inter
366 2200 569 2243 gravissimas
587 2210 679 2233 curas
699 2210 778 2243 quas
804 2209 859 2243 pro
880 2203 1002 2238 nostro,

266 2307 352 2340 Inter
368 2318 478 2341 omnes
490 2308 569 2341 vitae
584 2308 739 2352 regularis
749 2307 892 2346 Ordines,
907 2305 980 2339 34⁶2.

623 2398 644 2430 t.

266 2468 470 2502 Laboriosam
489 2475 520 2503 et
536 2468 727 2502 indefessam
742 2479 886 2512 operam,
905 2468 980 2503 101.

621 2559 647 2593 M

267 2629 436 2664 Maiestatis
447 2636 518 2664 tuae
529 2631 560 2664 in
572 2641 630 2664 nos
644 2636 675 2664 et
685 2630 912 2675 Apostolicam,
928 2629 1004 2664 339.

268 2683 434 2717 Maiestatis
452 2690 523 2718 tuae
542 2685 668 2719 nominc
686 2684 777 2718 nobis
791 2695 906 2728 nuper,
929 2684 1005 2718 124.

1667 257 1726 292 701

1019 323 1021 360 l
1037 318 1206 352 Maiestatis
1223 323 1295 351 tuae
1312 316 1443 351 nomine
1456 315 1549 350 nobis
1566 325 1680 360 nuper,
1696 314 1774 348 175.

1037 372 1208 405 Maiestatis
1226 378 1298 405 tuae
1315 371 1446 404 nomine
1463 369 1556 403 nobis
1569 379 1685 412 nuper,
1699 367 1776 401 463.

1018 417 1021 462 ἔ
1037 425 1206 459 Maiestatis
1224 431 1294 458 tuae
1312 424 1440 458 nomine
1456 424 1551 457 nobis
1568 432 1682 466 nuper,
1701 421 1776 455 531.

1036 478 1207 512 Maiestatis
1221 485 1294 512 tuae
1308 477 1437 511 nomine
1454 477 1549 510 nobis
1566 485 1680 519 nuper,
1699 473 1775 508 553.

1036 533 1207 567 Maiestatis
1224 539 1298 567 tuae
1312 532 1404 573 votis,
1424 531 1498 565 477.

1036 586 1211 620 Ministerio
1225 586 1306 620 sacri
1325 584 1534 629 apostolatus,
1553 583 1630 618 544.

1392 675 1416 709 Ν

1037 747 1170 782 Nomine
1187 747 1293 781 dilecti
1314 747 1369 780 filii
1387 746 1515 786 nobilis,
1536 745 1611 781 6:31.

1037 802 1106 835 Non
1126 801 1279 835 mediocri
1293 802 1403 835 dolore
1420 810 1535 844 nuper,
1555 798 1631 833 170.

1037 855 1145 900 Nuper
1162 854 1391 895 intelleximus,
1411 854 1485 887 17⁶2.

1037 908 1146 952 Nuper
1161 908 1201 941 ad
1218 918 1276 941 nos
1297 907 1456 952 perlatum
1477 911 1534 946 est,
1555 906 1630 940 526.

1036 962 1143 1005 Nuper
1159 960 1451 1005 supplicationibus
1465 959 1650 1001 maiestatis,
1671 958 1745 994 533.

1393 1050 1417 1084 O

1037 1123 1124 1159 Onus
1144 1123 1312 1169 pastoralis
1331 1122 1439 1164 officii,
1459 1121 1533 1156 5:35.

1393 1213 1413 1245 P

1038 1287 1209 1321 Pastoralis
1222 1285 1322 1320 nostri
1342 1284 1482 1318 muneris
1503 1283 1658 1324 debitum,
1674 1283 1748 1317 270.

1038 1340 1208 1374 l'astoralis
1220 1338 1321 1372 nostri
1332 1337 1475 1372 muneris
1485 1337 1564 1371 ratio
1574 1336 1741 1380 exposcitt
1749 1336 1778 1370 8.

1039 1394 1210 1428 Pastoralis
1234 1392 1334 1426 nostri
1357 1391 1500 1425 muneris
1520 1390 1601 1423 ratio
1626 1389 1777 1434 exposcit,

1082 1446 1157 1481 184.

1038 1500 1211 1535 pastoralis
1234 1500 1331 1534 nostri
1358 1498 1499 1535 muneris
1524 1499 1603 1531 ratio
1628 1498 1778 1542 postulat,

1085 1554 1159 1588 268.

1039 1608 1210 1642 Pastoralis
1228 1607 1323 1641 officii
1341 1608 1422 1640 ratio
1437 1606 1588 1650 postulat,
1604 1604 1680 1638 t026.

1040 1662 1211 1697 Pastoralis
1229 1661 1364 1694 Romani
1382 1660 1558 1699 Pontificis,
1577 1658 1652 1691 617.

1039 1716 1179 1749 Pastoris
1196 1715 1316 1749 aeterni
1334 1715 1428 1754 vices,
1445 1713 1519 1747 638.

1041 1770 1200 1804 Perlatum
1218 1775 1266 1802 est
1283 1769 1320 1801 ad
1339 1778 1410 1807 rtOS,
1428 1766 1481 1801 60.

1039 1823 1199 1857 Pcrlatum
1216 1829 1261 1856 est
1278 1823 1315 1856 ad
1334 1829 1405 1862 nos,
1424 1821 1476 1854 62.

1040 1879 1200 1911 Perlatum
1219 1877 1318 1909 estad
1338 1886 1407 1913 nos,
1422 1873 1499 1907 §2⁶2ss.

1040 1931 1182 1965 Postulat
1195 1941 1211 1964 a
1228 1930 1321 1964 nohis
1334 1929 1430 1963 officii
1451 1928 1629 1972 pastoralis,
1646 1927 1721 1962 118.

1041 1985 1181 2019 Postulat
1205 1984 1370 2028 apostolici
1388 1983 1527 2017 muneris
1545 1982 1639 2022 ratio,
1658 1980 1734 2014 376.

1041 2039 1180 2072 Postulat
1199 2039 1279 2071 ratio
1298 2037 1466 2081 pastoralis
1487 2035 1595 2077 officii,
1615 2034 1690 2068 660.

1041 2092 1239 2126 Praestantia
1255 2091 1360 2125 dilecti
1380 2090 1447 2131 filii,
1467 2088 1541 2124 3⁵20.

1040 2147 1100 2180 Pro
1115 2145 1281 2180 excellenti
1300 2144 1551 2189 praeeminentia
1569 2143 1669 2183 Sedis,
1691 2142 1744 2176 613.

1041 2201 1101 2234 Pro
1115 2206 1204 2245 parte
1226 2206 1279 2233 tua
1297 2199 1388 2232 uobis
1406 2209 1520 2242 nuper,
1536 2197 1611 2230 ⁴459.

1040 2254 1100 2287 Pro
1115 2260 1224 2287 nostro
1244 2264 1389 2292 munere,
1410 2251 1486 2285 590.

1040 2308 1100 2341 Pro
1117 2312 1226 2341 nostro
1247 2307 1411 2351 pastorali,
1431 2305 1485 2339 03.

1040 2361 1173 2395 Provide
1187 2361 1366 2401 attendens,
1379 2359 1463 2404 quod
1483 2358 1658 2398 vacatione,
1678 2357 1752 2391 586.

1039 2415 1233 2450 Provislonis
1252 2420 1379 2448 nostrae
1397 2414 1486 2446 «lebet
1508 2413 1687 2456 provenire,
1702 2410 1774 2443 195.

1041 2468 1232 2503 Provisionis
1254 2474 1380 2502 nostrae
1397 2467 1490 2499 (lebet
1507 2465 1687 2509 provenire,
1704 2463 1778 2497 584.

1395 2558 1418 2594 o

1040 2630 1265 2674 Quaecumque
1288 2640 1305 2662 a
1329 2626 1481 2661 Romanis
1507 2625 1726 2667 Pontificibus,
1749 2627 1776 2660 [ι.

1041 2684 1269 2726 Quaecumque
1287 2693 1302 2716 a
1320 2682 1400 2715 Sede
1422 2680 1613 2724 Apostolica,
1630 2678 1703 2712 138.
