2227 3241
77 220 126 248 An.
148 219 177 246 C.
197 218 265 246 1609

276 267 408 311 quibus,
437 268 654 301 communiter
674 268 721 301 vel
743 267 879 307 divisim,
904 268 943 301 ab
965 270 1016 301 ea-

276 321 347 355 dem
374 321 413 354 sit
437 321 518 355 Sede
544 322 726 361 indultum,
754 322 841 366 quod
859 321 1019 363 interdici,

274 375 426 419 suspendi
449 376 495 408 vel
522 375 794 409 excommunicari
813 385 876 408 non
895 375 1017 418 possint

274 439 333 472 per
353 429 473 462 litteras
490 429 682 473 apostolicas
700 439 763 462 non
784 428 934 461 facientes
952 429 1018 471 ple-

275 492 349 515 nam
365 489 393 516 et
412 493 593 526 expressam
609 494 644 515 ae
659 483 697 516 de
713 482 808 516 verbo
827 484 865 516 ad
884 483 1016 516 verbum

276 535 316 568 de
340 535 464 569 indulto
484 535 669 569 huiusmodi
691 535 901 569 mentionem.

111 600 260 621 camimum
321 591 338 632 g
361 587 411 621 10.
435 589 602 623 Caeterum
630 590 759 623 eosdem
781 589 810 623 S.
836 590 870 623 R.
896 590 928 622 E.
953 600 1020 623 car-

75 632 261 676 lulissl'lssffmiil'
276 643 400 677 dinales
418 649 553 685 tantum,
570 644 688 688 quibus
704 643 874 688 pensiones
892 653 1018 677 annuae

275 707 373 741 super
382 697 538 731 fructibus
552 697 759 731 ecclesiarum
774 697 1018 739 cathedralium,

276 755 332 783 aut
352 750 688 795 metropolitanarum,
710 756 740 784 et
757 750 894 784 aliorum
917 751 1019 784 eecle-

274 803 478 837 siastieorum
499 804 732 838 beneficiorum
752 810 943 844 reservatae,
963 814 1018 837 seu

275 858 334 902 ipsi
356 858 488 898 fructus,
505 859 552 892 vel
571 869 685 892 eorum
703 869 787 903 pars,
804 859 876 892 1000
892 858 1020 902 pensio-

274 922 351 945 num
378 912 528 946 reservati
554 912 773 956 reperiuntur,
802 923 819 946 a
844 912 1020 956 praemissa

275 965 525 1006 contributione,
553 967 659 1009 quoad
686 967 769 1010 ipsas
793 966 965 1010 pensiones
990 971 1021 999 et

275 1019 508 1053 reservationes
542 1020 704 1053 fructuum
722 1047 728 1061 ,
767 1021 913 1054 volumus
953 1030 1020 1053 esse

276 1078 458 1116 exemptos3

118 1133 262 1160 Transnmptis

80 1161 137 1182 credi
152 1162 217 1182 iubet.

278 1180 350 1224 ptis,
372 1181 468 1215 etiam
491 1181 665 1225 impressis,
689 1192 784 1214 manu
805 1181 941 1214 alicuius
962 1191 1020 1214 no-

279 1234 351 1268 tarii
371 1235 493 1279 publici
513 1235 712 1279 subscriptis,
737 1241 766 1268 et
787 1235 892 1278 sigillo
912 1246 1022 1279 perso-

277 1298 338 1321 nae
359 1288 390 1321 in
412 1288 567 1331 dignitate
596 1289 809 1322 ecelesiastica
830 1288 1021 1322 constitutae

278 1341 421 1383 munitis,
450 1342 561 1376 eadem
584 1352 719 1386 prorsus
740 1342 820 1375 fides
848 1342 879 1374 in
902 1341 1021 1375 iudicio

278 1400 309 1428 et
328 1401 416 1429 extra
441 1395 649 1435 adhibeatur,
674 1406 756 1439 quae
782 1396 857 1439 ipsis
882 1395 1039 1437 origina->

278 1448 362 1482 libus
387 1449 606 1490 adhiberetur,
627 1449 652 1482 si
674 1450 777 1482 forent
797 1449 954 1482 exhibitae
973 1447 1020 1481 vel
1037 1461 1038 1468 ¹

278 1508 435 1536 ostensae.

322 1556 437 1589 Datum
458 1557 578 1590 Romae
599 1556 684 1601 apud
705 1563 851 1590 sanctum
876 1557 1017 1597 Petrum,

277 1609 337 1643 sub
358 1610 477 1644 annulo
504 1610 675 1644 piscatoris
697 1610 747 1643 die
772 1620 815 1644 xii
837 1610 1039 1643 novembris

278 1673 388 1705 MnCix,
415 1663 620 1708 pontificatus
641 1664 740 1698 nostri
763 1675 847 1697 anno
868 1676 895 1697 1.

315 1725 373 1753 Dat.
395 1725 439 1753 die
460 1726 492 1753 12
513 1726 668 1753 novembris
691 1727 767 1756 lffl‘r9.
780 1727 874 1762 pontis.
893 1735 961 1754 anuo
978 1733 1002 1752 v.

598 1853 719 1887 CXLIV.

324 1988 478 2021 rasanctaei
496 1988 706 2022 Hierusalem
720 2000 739 2022 a
754 1990 1022 2032 christifidelibus

326 2046 512 2085 crearentur,
534 2043 570 2075 in
591 2041 673 2075 alios
694 2053 771 2075 usus
794 2044 935 2076 converti
958 2054 1021 2076 mm

324 2106 436 2139 posse,
461 2100 591 2139 praeter
620 2107 717 2139 quam
749 2097 783 2129 in
811 2097 1023 2129 conservatio-

327 2159 399 2182 nem
431 2153 459 2182 et
494 2149 673 2183 utilitatem
710 2150 853 2183 eiusdem
894 2150 1024 2183 Terrae-

327 2202 485 2235 sanctae&

525 2284 636 2317 Paulus
657 2285 734 2318 Papa
755 2285 786 2316 V,

407 2328 462 2355 'ad
482 2327 614 2356 futuram
633 2329 676 2356 rei
697 2329 878 2356 memoriam.

329 2415 478 2450 Caelestis
499 2417 594 2460 regis,
614 2417 668 2461 qui
695 2428 753 2461 pro
774 2417 905 2451 humani
928 2429 1025 2461 gene-

285 2470 329 2504 ris
349 2471 570 2516 redemptione
594 2483 628 2505 se
653 2472 757 2516 ipsum
784 2472 957 2506 exinanivit
984 2473 1026 2505 sa-

285 2529 354 2558 ctus
375 2525 529 2558 obediens
561 2536 663 2570 usque
687 2526 727 2559 ad
753 2532 889 2559 moi-teni
906 2553 913 2566 ‚
942 2525 1026 2559 vices

285 2577 359 2610 licet
384 2577 535 2611 immeriti
561 2584 709 2621 gerentes
737 2579 768 2611 in
795 2579 908 2620 terris,
945 2579 1028 2612 inter

322 2641 332 2667 t
356 2640 392 2667 Ex
413 2645 511 2676 regest:
533 2642 559 2668 in
579 2642 678 2669 Secret.
701 2641 777 2668 Brev.

797 2697 801 2710 1

114 2438 234 2459 Exordium.

920 219 1040 244 PAULUS
1062 219 1080 243 V
1100 219 1151 243 Pr.

322 1128 338 1169 ἓ
362 1126 412 1159 11.
440 1126 598 1171 Quodque
619 1127 838 1171 praesentium
862 1133 1039 1160 transumi-2

1699 207 1761 242 597

1054 278 1166 310 graves
1184 266 1278 300 oflicii
1296 267 1395 300 nostri
1416 278 1520 307 curas,
1537 267 1619 300 hauc
1637 278 1713 311 prae
1731 278 1798 300 cae-

1055 321 1130 354 teris
1156 321 1186 353 in
1217 321 1392 354 visceribus
1417 321 1580 364 gerimus,
1605 328 1637 355 ut
1665 322 1741 354 tanti
1768 328 1798 354 et

1055 381 1116 408 tani
1143 375 1280 408 salubris
1306 376 1446 420 mysterii
1469 382 1689 416 monumenta,
1714 386 1796 419 quae

1054 429 1084 461 in
1111 428 1236 461 civitate
1265 429 1463 462 Hierusalem
1486 436 1576 469 suut,
1606 439 1797 463 conserven-

1054 488 1115 522 tur,
1139 488 1170 514 et
1195 484 1242 522 ea,
1267 493 1328 525 qua
1350 483 1452 522 decet,
1482 482 1729 516 honoriticentia
1748 493 1796 516 re-

1054 535 1211 576 colantur,
1236 541 1263 568 et
1283 535 1539 569 christifidelium
1560 537 1792 581 eleemosynae,

1054 587 1085 622 in
1119 589 1200 622 hane
1228 600 1355 622 eausam
1389 590 1440 634 pie
1469 596 1630 633 erogatae,
1660 590 1691 623 iii
1717 590 1796 623 alios

1053 652 1129 675 usus
1153 653 1218 676 non
1245 643 1472 676 distrahantur.

1099 697 1115 738 ἕ
1146 696 1174 730 l.
1199 697 1354 736 Quocirca
1390 698 1514 731 dilectis
1547 699 1620 731 siliis
1655 698 1795 741 generali

1054 760 1090 783 ac
1112 750 1362 794 provincialibus
1381 751 1544 792 ministris,
1569 752 1796 785 commissariis

1056 809 1117 837 tam
1138 804 1176 837 de
1196 804 1288 838 Curia
1314 816 1410 849 quam
1433 805 1503 838 aliis
1527 806 1796 850 quibuscumque,

1055 868 1179 891 necnon
1210 859 1397 892 custodibus
1425 865 1453 892 et
1480 859 1681 902 guardianis,
1714 860 1798 893 aliis—

1055 922 1118 955 que
1140 911 1343 953 officialibus,
1368 919 1398 946 et
1418 913 1568 946 fratribus
1590 913 1798 957 quibuslibet,

1055 975 1141 998 nunc
1167 971 1194 998 et
1216 975 1276 1009 pro
1298 970 1443 1009 tempore
1465 965 1683 1007 existentibus,
1708 966 1798 1000 Ordi-

1056 1018 1103 1051 nis
1128 1019 1286 1052 Minorum
1313 1020 1413 1052 sancti
1440 1020 1598 1053 Francisci
1625 1020 1664 1053 de
1684 1020 1799 1054 Obser-

1056 1073 1161 1106 vanua
1189 1073 1403 1117 nuncupatis,
1432 1073 1567 1118 aliisque
1592 1074 1743 1107 omnibus
1768 1081 1798 1107 et

1056 1126 1200 1169 singulis,
1218 1127 1339 1171 ubique
1365 1128 1508 1160 locorum
1531 1128 1733 1170 degentibus,
1758 1129 1796 1162 ad

1056 1190 1138 1223 quos
1155 1186 1277 1224 spectat
1293 1187 1323 1214 et
1342 1181 1372 1213 in
1391 1181 1533 1214 futurum
1553 1182 1798 1225 quomodolibet

1055 1234 1229 1277 spectabit,
1261 1235 1320 1267 sub
1353 1235 1541 1278 privationis
1567 1235 1652 1269 vocis
1677 1236 1797 1269 activae

1057 1292 1085 1320 et
1106 1287 1260 1331 passivae,
1285 1299 1410 1322 necnon
1429 1288 1623 1327 officiorum,
1645 1300 1727 1333 quae
1746 1290 1799 1322 ob-

1057 1340 1156 1374 tinent
1179 1348 1209 1375 et
1233 1342 1435 1384 obtinebunt,
1464 1354 1500 1377 ae
1523 1343 1732 1376 inhabilitatis
1758 1344 1798 1376 ad

1057 1394 1110 1427 illa
1128 1401 1158 1428 et
1175 1395 1236 1428 alia
1254 1396 1463 1440 imposterum
1481 1394 1709 1441 'consequenda
1727 1407 1800 1440 poe-

1056 1448 1104 1482 nis
1126 1449 1195 1492 ipso
1220 1449 1303 1483 sacto
1325 1450 1539 1491 incurrendis,
1569 1457 1678 1484 tenore
1705 1462 1799 1495 prae-

1055 1503 1206 1544 sentium,
1230 1510 1386 1547 perpetuo
1407 1505 1625 1548 praecipimus
1646 1511 1674 1538 et
1702 1515 1795 1538 man-

1056 1556 1180 1597 danius,
1198 1567 1249 1597 ne,
1273 1558 1438 1601 perpetuis
1455 1557 1569 1590 suturis
1588 1558 1798 1602 temporibus,

1056 1610 1286 1655 eleemosynas,
1307 1621 1390 1655 quae
1416 1622 1474 1655 pro
1501 1611 1562 1655 piis
1588 1612 1666 1645 locis
1696 1612 1799 1645 dictae

1056 1663 1191 1697 civitatis
1212 1664 1409 1698 Hierusalem
1430 1665 1661 1707 erogabuntur,
1682 1676 1737 1699 seu
1757 1666 1796 1698 il-

1039 1719 1160 1751 larum
1183 1724 1320 1762 partem,
1344 1719 1455 1763 quavis
1476 1719 1515 1752 de
1536 1721 1641 1759 causa,
1666 1726 1720 1752 aut
1740 1720 1799 1752 sub

1056 1772 1168 1816 quovis
1197 1778 1387 1816 praetextu,
1417 1773 1447 1805 in
1469 1773 1550 1806 alios
1575 1784 1673 1814 usus,
1702 1774 1797 1807 etiam

1057 1826 1262 1870 quantumvis
1298 1826 1394 1869 pios,
1434 1833 1649 1867 convertant,
1688 1838 1799 1861 verum

1039 1890 1110 1920 ¹eas
1135 1890 1193 1923 pro
1219 1880 1312 1913 dictis
1337 1880 1397 1924 piis
1431 1880 1524 1921 locis,
1554 1887 1584 1914 et
1609 1881 1799 1915 eorumdem

280 1934 475 1967 Decerm'tur
495 1934 725 1978 eleemosynas,
749 1946 833 1979 quae
855 1946 913 1979 pro
950 1936 974 1969 T
975 1945 1041 1970 er-'

1057 1933 1279 1966 ministrorum
1306 1945 1363 1967 usu
1391 1934 1528 1968 fideliter
1554 1941 1752 1977 conservent⁷
1771 1942 1801 1968 et

1058 1988 1246 2020 eorumdem
1273 1989 1416 2021 locorum
1443 1989 1621 2031 agentibus,
1645 1989 1709 2023 suis
1729 1990 1800 2022 loco

1040 2045 1087 2075 ‘et
1112 2048 1268 2085 tempore,
1299 2042 1422 2084 integre
1450 2042 1637 2085 consignent
1669 2049 1698 2076 et
1731 2049 1797 2076 tra—

1058 2095 1152 2135 dant,
1180 2106 1235 2128 5011
1257 2095 1438 2138 consignari
1460 2103 1573 2130 curent
1605 2103 1635 2130 et
1666 2097 1797 2137 saciant,

1058 2149 1228 2182 contrariis
1241 2159 1304 2182 non
1319 2149 1520 2183 obstantibus
1533 2150 1800 2194 quibuscumque.

1104 2204 1119 2244 ἓ
1146 2202 1175 2235 02.
1206 2203 1359 2236 Volumus
1379 2209 1498 2244 autem,
1527 2210 1562 2237 ut
1581 2204 1799 2248 praesentium

1061 2257 1280 2300 transumptis,
1305 2257 1399 2290 etiam
1422 2258 1596 2301 impressis,
1622 2269 1718 2291 manu
1745 2258 1800 2290 ali-

1061 2311 1151 2343 011105
1176 2311 1291 2344 notarii
1317 2311 1442 2355 ‘publici
1472 2312 1669 2355 subscriptis,
1699 2319 1726 2345 et
1753 2313 1797 2344 si-

1061 2364 1137 2407 gillo
1162 2364 1297 2398 alicuius
1326 2375 1483 2409 personae
1514 2365 1543 2398 in
1570 2365 1724 2407 dignitate
1749 2376 1801 2398 00-

1062 2418 1237 2451 clesiastica
1274 2418 1464 2452 constitutae
1498 2419 1653 2460 munitis,
1689 2420 1800 2452 eadem

1061 2481 1192 2515 prorsus
1210 2472 1290 2506 fides
1308 2472 1338 2505 iii
1357 2472 1477 2506 iudicio
1498 2479 1528 2505 ct
1546 2479 1633 2506 extra
1654 2472 1803 2506 adhibea-

1063 2532 1133 2565 tur,
1162 2536 1244 2569 quae
1270 2526 1492 2570 praesentibus
1516 2526 1748 2567 adhiberetur,
1776 2527 1801 2559 si

1063 2580 1166 2612 forent
1191 2579 1349 2612 exhibitae
1375 2580 1421 2612 vel
1448 2585 1604 2613 ostensae.

1106 2633 1217 2667 Datum
1245 2633 1364 2667 Romae
1390 2632 1474 2677 apud
1496 2639 1638 2667 sanctum
1661 2633 1800 2677 Petrum,

1810 219 1858 244 An.
1881 218 1907 245 C.
1928 219 1993 246 1609

1839 698 1949 718 Decretum
1971 698 1996 718 de

1812 731 1853 751 quo
1865 731 1885 745 in
1898 725 1989 745 rubrica.

1832 1178 1916 1199 Poenae
1925 1180 1998 1198 contra
2030 1175 2033 1178 ⁴

1815 1206 1967 1226 inobedientes.

1852 2200 2000 2224 Τ1’.1ικιιιειμῑο-

1817 2233 1861 2247 ruru
1877 2226 1933 2246 tides⁴
