2227 3241
276 250 326 275 An.
348 248 375 275 c.
395 226 461 275 ωσι
507 239 547 272 ⁴32

313 310 408 336 Tollitlue
424 316 459 336 pu-

276 338 328 357 tunt.

363 575 457 596 clemens

276 603 376 622 maturent
400 609 410 621 υ
421 608 458 622 cr-

276 634 380 654 mosynam
392 629 457 653 τιϊίμι

276 655 373 680 prohibet
419 654 456 674 sub

274 687 344 706 poena
378 686 457 701 excom-

274 708 428 728 municatioms.

303 1907 393 1932 [Wroxssl
416 1909 453 1929 uli-

268 1934 377 1955 -tantilms,

521 300 537 339 ξ
556 297 584 330 tl.
602 297 736 335 Idcirco,
754 306 812 340 pro
826 302 917 340 parte
935 297 1125 330 eorumdem
1137 298 1213 331 Mat-

478 351 559 384 tltaci
585 350 866 384 vicecomtnissarii
894 355 923 392 et
953 350 1210 394 provincialium,

475 404 567 437 nobis
588 403 754 436 humiliter
774 402 990 446 supplicatum
1012 404 1067 437 suit
1081 431 1088 443 ‚
1121 410 1155 437 ut
1181 404 1213 437 in

475 457 656 500 praemissis
675 462 856 500 opportune
876 457 1048 501 providere
1067 458 1105 491 dc
1126 457 1215 492 beni·

474 511 592 552 gnitate
613 510 787 553 apostolica
813 511 1032 553 dignarentur.

518 566 533 605 ξ
548 564 577 596 tl.
593 564 655 597 Nos
670 564 766 606 igitur
781 564 966 599 huiusmodi
980 566 1097 599 abusus
1111 566 1214 599 omni-

474 627 514 649 no
530 617 652 658 tollerc,
674 622 769 661 atque
788 617 862 651 dicti
881 618 1009 652 Ordinis
1034 618 1212 652 commodi-

472 724 608 758 Domino
622 735 804 768 possumus,
825 726 1010 770 prospicere
1031 726 1208 770 cupienteS‚

473 777 658 811 huiusmodi
687 779 977 822 supplicationibus
999 779 1153 821 inclinati,
1175 791 1210 814 ex

472 836 544 864 voto
566 832 797 865 venerabilium
819 833 952 866 fratrum
974 838 1158 867 nostrorum
1177 834 1207 867 S.

472 884 505 917 R.
528 885 560 917 E.
583 885 795 918 cardinalium
813 885 1211 930 superconsultationibus

471 943 500 970 et
521 938 664 981 negociis
684 939 916 984 Episcoporurn
945 946 973 974 ct
1004 940 1209 983 Regularium

471 991 709 1035 deputatorum,
734 994 884 1027 omnibus
909 1000 939 1027 et
963 994 1096 1037 singulis
1113 1005 1209 1039 paro-

470 1045 622 1079 chialium
641 1047 849 1080 ecclesiarum
865 1047 1087 1081 universarum
1105 1049 1210 1082 India·

470 1109 540 1131 rum
573 1099 826 1134 Occidentaliutn
848 1101 1039 1143 rectoribus,
1071 1112 1156 1136 nunc
1177 1107 1209 1135 ct

469 1162 527 1196 pro
543 1158 687 1197 ternpore
701 1153 920 1196 existentibus,
937 1155 1050 1189 harum
1064 1155 1147 1189 serie
1162 1155 1208 1189 in-

471 1206 656 1239 terdicimus
671 1212 701 1240 ct
713 1207 933 1250 prohibemus,
943 1219 996 1249 ne,
1009 1209 1067 1242 sub
1082 1219 1208 1243 excom-

470 1258 697 1292 municationis
710 1260 841 1294 maioris
854 1261 936 1294 latae
948 1262 1123 1295 sententiae
1132 1272 1208 1306 poc-

468 1316 526 1352 na,
550 1323 567 1346 a
588 1323 649 1356 qua
668 1314 797 1347 nonnisi
823 1325 840 1346 a
865 1314 957 1348 nobis
981 1325 1036 1348 scu
1062 1316 1208 1349 Romano

469 1365 623 1399 Pontifice
643 1377 703 1410 pro
725 1372 870 1410 tempore
884 1367 1049 1409 existente,
1066 1374 1208 1412 praeter-

468 1430 564 1463 quam
586 1419 617 1452 in
639 1420 750 1454 mortis
772 1420 918 1457 articulo.
937 1421 1057 1454 absolvi
1072 1422 1204 1466 possint,
1224 1421 1226 1452 t

469 1484 504 1506 ex
530 1484 614 1507 nunc
633 1474 784 1519 deinceps
805 1475 969 1519 perpetuis
991 1476 1106 1510 suturis
1126 1474 1207 1510 tein-

469 1527 600 1570 poribus
613 1528 769 1561 maiorem
783 1528 1020 1573 eleemosynam
1034 1529 1073 1562 ab
1089 1529 1136 1570 iis,
1153 1529 1207 1573 qui

469 1581 500 1614 in
526 1582 618 1615 dictis
643 1583 815 1616 domorum
830 1610 837 1623 ,
861 1592 957 1626 quain
972 1582 1027 1626 qui
1049 1582 1080 1615 in
1105 1593 1204 1627 paro-

468 1635 626 1669 chialibus
641 1636 785 1669 ecclesiis
796 1636 982 1670 huiusmodi
997 1637 1207 1681 sepeliuntur,
1224 1641 1225 1644 ’

468 1690 580 1733 quovis
593 1696 771 1734 praetextu,
788 1696 842 1724 aut
860 1691 1040 1729 occasione,
1058 1691 1153 1724 etiam
1169 1691 1207 1724 de
1224 1726 1226 1740 ,
1277 1716 1442 1744 Sahaudiae
1463 1716 1566 1745 ducem
1586 1716 1712 1749 nuncio.

467 1742 613 1783 consilio,
638 1753 809 1785 consensu,
829 1754 885 1777 seu
905 1744 1056 1778 mandato
1074 1754 1206 1777 suorum
1224 1770 1226 1790 ἶ

468 1795 725 1838 Ordinariortnn,
743 1797 868 1840 exigere
890 1798 1029 1831 debeant
1046 1809 1101 1832 scu
1114 1808 1207 1842 prae·

468 1857 606 1884 sumant.

512 1904 570 1948 §4-
593 1905 661 1938 Non
676 1905 876 1939 obstantibus
889 1905 1074 1950 praemissis
1087 1916 1123 1939 ac
1137 1905 1208 1950 qui-

469 1957 574 1991 busvis
595 1958 878 1991 constitutionibus
899 1964 929 1992 et
949 1958 1207 1992 ordinationibus

469 2011 662 2054 apostolicis,
691 2022 728 2044 ac
754 2011 963 2045 ecclesiarum
979 2039 986 2052 ,
1010 2012 1203 2053 domorum,
1223 2010 1225 2063 ξ

1223 2085 1224 2090 =
1240 2063 1338 2097 animi
1353 2063 1453 2097 nostri
1473 2063 1629 2105 molestia,
1646 2063 1677 2097 in
1692 2064 1811 2108 oppido
1825 2064 1977 2098 Pinerolii

468 2070 498 2097 ct
517 2065 643 2098 Ordinis
664 2065 866 2106 huiusmodi,
891 2065 987 2098 etiam
1009 2065 1203 2106 iuramento,

468 2119 715 2152 confirmatione
735 2119 922 2163 apostolica,
945 2120 991 2152 vel
1014 2119 1124 2164 quavis
1145 2120 1203 2153 fir·
1223 2128 1224 2159 ᾗ

1223 2168 1327 2215 ’ρΓίοε
1348 2171 1431 2204 lilios
1452 2170 1643 2211 infantulos,
1675 2181 1748 2204 cum
1776 2170 1918 2215 primum
1944 2171 1976 2204 in

1223 2220 1224 2228 ¹
1241 2226 1345 2258 lucem
1366 2225 1443 2258 editi
1467 2231 1498 2258 et
1518 2235 1536 2258 a
1555 2224 1756 2268 baptismatis
1780 2225 1864 2258 sonte
1881 2224 1976 2258 levati

1223 2302 1224 2310 i
1240 2284 1323 2319 sunt,
1338 2279 1377 2312 ad
1395 2278 1547 2311 mulieres
1566 2278 1753 2319 haereticas,
1770 2278 1801 2311 in
1822 2278 1976 2321 proximis

469 2172 576 2205 mitate
597 2172 658 2205 alia
679 2172 850 2213 roboratis,
873 2173 1000 2206 statutis
1020 2178 1051 2206 et
1070 2183 1206 2207 consue-

469 2224 643 2266 tudinibus,
667 2225 842 2269 privilegiis
860 2236 1002 2269 quoque,
1024 2226 1156 2260 indultis
1177 2233 1205 2260 et

468 2277 579 2311 litteris
599 2278 783 2322 apostolicis
805 2278 925 2312 eisdem
947 2279 1109 2320 ecclesiis,
1143 2280 1203 2313 do-

468 2330 572 2364 mibus
593 2336 621 2364 ct
643 2330 776 2372 Ordini,
810 2342 988 2376 earumque
1010 2332 1202 2373 rectoribus,

467 2384 687 2427 superioribus
712 2390 740 2418 et
767 2385 938 2426 fratribus,
974 2396 1010 2419 ac
1042 2385 1206 2430 quibusvis

468 2437 537 2470 aliis
566 2438 711 2481 personis
736 2438 767 2470 in
796 2438 996 2472 contrarium
1014 2439 1223 2483 praemisso-³

468 2501 538 2524 rtun
560 2491 805 2535 quomodolibet
823 2492 994 2534 concessis,
1008 2493 1205 2527 confirmatis

468 2550 498 2578 ct
522 2546 716 2589 approbatis.
749 2545 871 2585 Quibus
901 2546 1053 2580 omnibus
1077 2552 1108 2580 et
1134 2546 1201 2580 sin-

468 2598 561 2640 gulis,
589 2609 701 2633 corum
733 2605 859 2633 tenores
891 2599 1114 2644 praesentibus
1144 2610 1204 2644 pro

1018 249 1113 273 BULLA
1120 249 1194 274 tttUM
1220 249 1370 275 ROMANUM

1248 299 1431 342 specialiter
1450 305 1480 332 et
1501 309 1648 343 expresse
1665 299 1858 342 derogamus
1872 326 1879 340 ,
1907 309 1982 334 cae-

1249 351 1388 395 terisque
1407 352 1577 386 contrariis
1594 352 1862 397 quibuscumque.

1294 406 1309 447 ξ
1335 404 1364 437 5.
1395 405 1547 439 Volumus
1578 411 1683 439 autern
1709 412 1744 439 ut
1768 407 1985 450 praesentium

1230 488 1231 491 ,
1249 459 1470 503 transumptis,
1492 459 1585 493 etiam
1607 459 1782 503 impressis,
1810 471 1907 494 manu
1925 471 1985 495 no-

1229 531 1231 540 »
1248 512 1318 545 tarii
1336 513 1456 556 publici
1470 513 1670 557 subscriptis,
1686 518 1718 546 et
1730 513 1835 556 sigillo
1849 513 1986 548 alicuius

1229 577 1403 613 ¹personae
1432 567 1463 600 in
1492 567 1646 610 dignitate
1666 567 1882 602 ecclesiastica
1903 577 1983 601 con-

1229 639 1230 662 t
1247 621 1375 655 stitutae
1389 620 1532 659 munitis,
1553 621 1664 655 eadem
1680 631 1812 665 prorsus
1831 620 1910 655 fides
1927 621 1983 655 ad-

474 670 590 704 tatibus
621 677 650 704 et
682 672 927 716 propagationi,
956 679 1113 717 quantum
1138 667 1230 706 cuni‘

1247 674 1407 715 hibeatur‚
1431 685 1514 719 quae
1536 675 1612 718 ipsis
1637 674 1862 719 praesentibus
1883 674 1984 708 habe-

1247 733 1346 769 retur,
1369 728 1394 761 si
1416 728 1520 761 forent
1538 727 1708 769 exhibitae,
1729 728 1777 762 vel
1798 732 1955 761 ostensae.

1290 782 1403 815 Datum
1425 782 1545 815 Romae
1565 782 1651 826 apud
1668 787 1815 816 sanctum
1837 781 1980 822 Petrum,

1245 835 1304 868 sub
1325 836 1444 869 annulo
1462 835 1644 876 Piscatoris,
1662 835 1712 869 die
1732 846 1832 869 xxviu
1846 834 1983 868 ianuarii

1246 889 1417 923 millesimo
1437 889 1668 923 sexcentesimo
1689 895 1817 933 quarto,
1844 888 1980 933 pontifi-

1245 948 1333 976 catus
1353 942 1453 975 nostri
1474 952 1558 976 anno
1579 952 1632 975 xit.

1281 1005 1338 1033 Dat.
1360 1005 1402 1033 die
1422 1005 1456 1032 ΞΒ
1476 1005 1590 1033 ianuarii
1612 1004 1690 1040 160⁷»,
1711 1004 1804 1041 pontif.
1826 1013 1868 1033 an.
1886 1011 1933 1034 κη.

1503 1167 1716 1202 CCCXXXVII.

1247 1247 1318 1282 Com
1326 1250 1463 1282 mittitur
1483 1250 1604 1282 nuncio
1619 1248 1812 1289 Sabaudiae,
1825 1252 1858 1282 ul
1875 1248 1982 1292 prohi-

1286 1302 1366 1342 beat,
1382 1313 1422 1335 nc
1441 1304 1476 1336 in
1497 1302 1571 1335 locis
1592 1302 1759 1343 Pinerohi,
1778 1307 1806 1336 et
1823 1302 1900 1336 aliis
1915 1303 1980 1336 cir-

1287 1357 1486 1397 cumvicinis,
1508 1361 1657 1400 parentes
1677 1357 1881 1400 ini-posterum
1897 1356 1981 1400 filios

1287 1410 1464 1444 nutricibus
1498 1411 1662 1444 haereticis
1692 1410 1872 1445 educandos
1906 1414 1981 1444 lra-

1287 1463 1393 1496 cIcmt'.

1241 1553 1410 1581 Venerabili
1430 1553 1518 1581 fratri
1546 1553 1635 1582 Paulo
1657 1553 1799 1589 episcopo
1819 1554 1979 1582 Bovinensi

1276 1609 1379 1634 nostro
1394 1609 1425 1634 et
1440 1607 1629 1642 Apostolicae
1639 1607 1724 1635 Sedis
1736 1607 1813 1641 apud
1833 1606 1978 1635 dilectum

1277 1661 1370 1688 filium
1387 1661 1515 1689 nobilem
1530 1661 1626 1689 virum
1643 1661 1778 1689 carolum
1789 1661 1979 1690 Emanuelom

1421 1801 1575 1831 Clemens
1596 1801 1688 1842 Papa
1709 1800 1800 1831 vm.

1224 1868 1226 1870 ¹
1254 1877 1437 1913 Venerabilis
1454 1877 1560 1912 frater,
1577 1879 1706 1906 satutem
1721 1880 1751 1906 et
1765 1877 1966 1912 Apostottcam

1483 1929 1732 1958 benedictionem.

1286 2011 1301 2052 ξ
1328 2009 1358 2042 sl.
1387 2010 1548 2044 Perlatuin
1569 2015 1616 2043 est
1641 2010 1681 2043 ad
1710 2020 1790 2051 nos,
1824 2020 1889 2044 non
1909 2010 1977 2044 sine

1241 2123 1269 2151 et
1291 2117 1361 2151 aliis
1382 2117 1459 2151 locis
1480 2117 1655 2151 convicinis
1675 2128 1692 2150 a
1712 2117 1876 2151 nonnullis
1895 2128 1974 2162 pro-

1240 2332 1374 2366 vallibus
1395 2331 1535 2365 haeresis
1548 2332 1620 2365 labe
1638 2331 1760 2365 infectis
1781 2331 1972 2372 habitantes,

1240 2385 1405 2419 lactandos
1426 2385 1527 2426 mitti,
1552 2384 1710 2428 indeque,
1739 2389 1773 2417 ut
1797 2384 1974 2428 plurimum

1240 2439 1378 2479 evenire,
1403 2439 1491 2483 quod
1520 2438 1578 2482 ipsi
1599 2438 1736 2471 infantes
1764 2438 1850 2481 apud
1874 2437 1975 2471 dictas

1240 2493 1416 2526 haereticas
1435 2493 1577 2526 nutrices
1594 2491 1732 2532 educati,
1757 2502 1897 2535 quorum
1918 2491 1976 2525 ali-

1239 2546 1294 2590 qui
1308 2556 1409 2590 usque
1423 2546 1462 2579 ad
1483 2551 1618 2579 aetatem
1630 2550 1753 2589 septem
1768 2545 1815 2578 vel
1829 2550 1901 2578 octo
1919 2555 1975 2578 an-

1239 2609 1354 2634 norum
1369 2600 1454 2644 apud
1468 2599 1551 2644 ipsas
1564 2599 1705 2633 nutrices
1718 2603 1897 2640 remanent,
1911 2597 1975 2632 illa-

469 2653 622 2695 expressis
655 2654 819 2695 babentes,
855 2653 912 2687 liae
946 2654 1012 2686 vice
1040 2654 1201 2688 dumtaxat
1221 2670 1223 2693 ξ
1274 2664 1285 2690 1
1308 2661 1345 2689 Ex
1366 2661 1472 2697 Regest.
1494 2661 1520 2688 in
1540 2660 1640 2689 Secret.
1662 2659 1738 2688 Brev.

2001 251 2051 279 An.
2072 250 2100 279 C.
2116 251 2183 280 160⁴
2223 271 2226 291 t

2041 420 2183 448 TransnmpUs
2224 428 2227 440 i

2000 447 2059 468 credi
2075 447 2140 468 iubet.

2019 2017 2122 2040 Catholici
2139 2023 2176 2040 nu·

1993 2045 2081 2067 tricibus
2101 2045 2176 2066 haero-

1993 2071 2040 2093 ticts
2057 2071 2110 2093 titios
2120 2077 2175 2093 eom·
2221 2078 2224 2082 ·

1993 2098 2111 2120 mittebant.
