2227 3241
251 282 298 308 An.
316 281 345 307 c.
369 280 435 308 ies-i
482 270 545 303 100

443 326 664 372 Ριιὶίῑιίονίὺυε,
688 322 883 361 dolianeriis,
906 320 1066 361 datiariis,
1089 331 1180 364 prae-

445 381 544 421 sectis,
565 377 765 412 exactoribus
783 382 813 408 et
827 374 896 408 aliis
909 374 1092 418 praedictis,
1106 384 1180 407 nec-

443 443 506 465 non
523 432 620 476 ipsius
639 428 824 462 monasterii
839 432 870 460 et
890 426 1018 460 Ordinis
1035 426 1181 471 superio-

443 486 543 526 ribus,
557 483 777 523 conventibus,
796 486 826 514 et
840 480 964 514 dilectis
977 479 1049 513 filiis
1060 480 1180 524 populo

444 548 597 577 romano,
621 537 820 579 caeterisque
839 534 997 579 personis,
1025 534 1083 566 sub
1105 533 1177 577 qui-

444 592 643 634 buscumque
668 589 833 623 tenoribus
855 593 885 621 et
905 587 1031 629 formis,
1052 598 1088 620 ac
1108 598 1180 621 cum

445 644 610 688 quibusvis
628 643 723 676 etiam
741 642 1019 685 derogatoriarum
1042 642 1179 684 deroga-

445 698 545 737 toriis‚
570 697 705 740 aliisque
726 696 960 730 efficacioribus
984 702 1015 729 et
1047 695 1182 729 insolitis

444 750 605 790 clausulis,
629 749 909 793 irritantibusque,
933 754 964 782 et
985 749 1055 783 aliis
1073 749 1183 782 decre-

445 804 494 844 tis,
516 804 548 836 in
566 813 684 846 genere
697 803 744 836 vel
764 803 794 835 in
813 803 929 846 specie,
947 813 1002 846 per
1016 813 1185 846 quoscum-

444 868 506 902 que
534 858 694 891 Romanos
724 857 893 890 Pontifices
922 857 1184 900 praedecessores

444 915 593 950 nostros,
618 920 654 943 ac
682 920 740 942 nos
768 915 798 942 et
828 909 942 942 Sedem
974 909 1180 949 huiusmodi,

445 964 541 997 etiam
561 968 673 1003 motu‚-
686 962 820 996 scientia
837 973 874 995 ac
894 962 1061 1006 potestatis
1080 961 1183 1005 pleni-

447 1017 557 1050 tudine
570 1016 738 1058 similibus,
753 1026 790 1049 ac
799 1016 894 1049 etiam
908 1015 1181 1055 consistorialiter,

446 1070 542 1104 etiam
557 1070 596 1103 ad
612 1069 827 1113 imperatoris,
846 1079 968 1111 regum,
985 1068 1182 1111 reginarum,

447 1125 566 1157 ducum
580 1129 610 1158 et
623 1123 760 1157 aliorum
781 1123 964 1167 principum
987 1121 1182 1161 instantiam,

447 1178 496 1212 vel
517 1178 655 1211 aliorum
685 1176 959 1220 contemplatione
979 1181 1034 1208 aut
1054 1175 1182 1215 intuitu,

447 1242 502 1264 seu
531 1231 610 1264 alias
641 1229 909 1274 quomodolibet,
941 1229 1035 1262 etiam
1067 1228 1187 1262 iteratis

447 1284 590 1325 vicibus,
613 1284 708 1317 etiam
728 1288 840 1316 contra
858 1288 1032 1326 exemptos,
1060 1292 1188 1315 conces-

447 1338 502 1378 sis,
526 1336 712 1381 approbatis
738 1341 768 1369 et
792 1335 971 1372 innovatis:
1001 1335 1124 1368 etiamsi
1155 1335 1186 1367 in

397 1398 405 1405 ·
431 1391 494 1431 ‚eis
525 1396 673 1424 caveatur
696 1400 854 1434 expresse,
877 1388 963 1433 quod
994 1388 1066 1429 illis,
1094 1388 1187 1422 etiam

448 1445 558 1487 vigore
584 1443 758 1488 implicitae
788 1442 1007 1485 derogationis
1036 1441 1188 1475 latissime

451 1497 671 1530 extendendae
710 1496 794 1529 ultra
830 1505 926 1539 quam
965 1495 996 1528 in
1030 1494 1190 1539 supplica-

452 1550 537 1583 tione
564 1550 704 1593 desuper
730 1549 854 1591 signata
881 1559 1064 1592 expressum
1096 1548 1190 1582 suerit

451 1615 508 1649 per
532 1613 751 1648 quascumque
782 1602 889 1635 literas
919 1602 1128 1646 apostolicas,
1157 1614 1190 1635 e-

454 1658 528 1691 tiam
547 1657 674 1701 quasvis
694 1656 853 1690 clausulas
872 1656 1037 1698 generales
1056 1657 1104 1689 vel
1124 1667 1192 1700 spe-

452 1710 559 1751 etates,
591 1710 686 1743 etiam
716 1709 994 1752 derogatoriarum
1020 1709 1191 1752 derogato-

452 1764 532 1806 rias,
554 1763 752 1797 efficaciores
781 1768 811 1796 et
838 1762 999 1803 insolitas,
1027 1773 1064 1796 ac
1094 1763 1189 1796 etiam

454 1817 612 1850 irritantia
633 1822 664 1850 et
683 1816 745 1849 alia
766 1816 893 1850 decreta
906 1815 965 1849 sub
987 1826 1192 1860 quacumque

454 1871 626 1904 verborum
648 1869 850 1914 expressione
878 1869 910 1902 in
937 1880 969 1902 se
991 1869 1192 1903 continentes

454 1925 637 1958 nullatenus
668 1922 839 1965 derogari,
867 1933 972 1967 neque
1002 1923 1191 1966 derogatum

456 1977 576 2010 censeri
589 1976 767 2020 possit,nisi
781 1976 908 2009 illorum
922 1982 1033 2009 tenore
1044 1977 1083 2009 de
1094 1977 1193 2010 verbo

455 2031 494 2063 ad
509 2030 655 2069 verbum,
672 2029 752 2062 nihil
771 2029 898 2073 penitus
915 2029 1047 2069 omisso,
1062 2029 1194 2070 inserto,

456 2095 492 2117 ac
516 2083 701 2117 huiusmodi
724 2083 949 2126 derogationes
967 2083 1195 2116 consistoriali-

459 2143 523 2178 ter,
552 2147 588 2170 ac
608 2137 647 2170 de
668 2136 811 2170 eiusdem
830 2136 861 2169 S.
878 2137 914 2169 R.
932 2137 965 2169 Ε.
983 2136 1193 2169 cardinalium

458 2192 604 2232 consilio,
622 2202 657 2224 ac
672 2201 744 2224 cum
762 2190 967 2234 expressione
980 2200 1148 2223 causarum
1164 2191 1195 2223 in

458 2244 645 2279 huiusmodi
675 2243 850 2288 privilegiis
871 2248 902 2276 et
923 2243 1054 2276 indultis
1081 2254 1116 2276 ac
1143 2244 1197 2277 de-

457 2309 554 2344 super
567 2298 721 2332 consectis
734 2297 833 2330 literis
847 2307 1069 2340 expressarum
1086 2297 1197 2338 sactae,

459 2358 489 2385 et
509 2362 567 2396 per
587 2351 686 2384 trinas
703 2350 811 2383 literas
831 2350 981 2382 eumdem
1003 2355 1146 2383 tenorem
1165 2350 1196 2382 in

458 2416 492 2438 se
510 2404 710 2438 continentes
729 2403 829 2436 tribus
847 2402 1003 2436 distinctis
1016 2403 1139 2436 vicibus
1151 2403 1197 2446 iis,

460 2469 599 2503 quorum
630 2457 784 2497 interest,
812 2455 955 2499 legitime
984 2456 1149 2490 intimatae
1169 2462 1199 2490 et

462 2512 640 2545 insinuatae
661 2510 791 2550 suerint,
815 2520 852 2543 ac
870 2515 945 2542 tunc
959 2509 1090 2542 demum
1112 2509 1198 2553 ipso-

461 2576 532 2597 rum
551 2564 703 2598 interesse
723 2563 910 2596 habentium
930 2563 968 2595 ad
987 2562 1018 2595 id
1033 2573 1199 2606 expressus

462 2617 631 2650 accesserit.
650 2627 810 2657 assensus,
826 2621 857 2649 et
873 2615 965 2648 aliter
989 2615 1090 2649 sactae
1108 2616 1201 2649 dero-

462 2670 605 2708 gationes
617 2670 737 2703 nemini
752 2669 978 2711 suffragentur.
997 2669 1117 2707 Quibus
1131 2679 1200 2702 om-

1021 271 1204 297 nummum
1228 260 1381 296 ROMANUM

1213 319 1319 360 nibus,
1336 317 1460 352 etiamsi
1474 326 1533 361 pro
1555 316 1685 350 illorum
1705 315 1877 350 sufficienti
1897 316 1952 350 de-

1214 372 1381 415 rogatione
1410 371 1449 404 de
1476 370 1537 403 illis
1566 379 1745 414 eorumque
1766 369 1840 403 totis
1861 375 1952 403 teno-

1213 425 1301 458 ribus
1332 423 1478 468 specialis
1510 422 1629 456 mentio
1668 422 1818 456 habenda
1849 427 1950 464 esset,

1215 484 1342 512 tenores
1355 477 1553 518 huiusmodi,
1570 487 1607 510 ac
1624 476 1650 509 si
1668 476 1707 510 de
1721 476 1818 510 verbo
1832 476 1872 510 ad
1886 486 1954 510 ver-

1216 533 1291 565 bum
1306 532 1534 572 insererentur,
1551 530 1774 575 praesentibus
1786 540 1847 574 pro
1867 529 1955 563 suisi-

1216 586 1338 620 cienter
1359 585 1513 630 expressis
1540 584 1714 625 babentes,
1738 584 1800 616 illis
1824 583 1903 616 alias
1923 583 1954 616 in

1215 652 1273 674 suo
1294 640 1410 674 robore
1431 638 1662 684 permansuris,
1676 638 1737 671 hac
1755 638 1821 671 vice
1834 637 1956 681 specia-

1217 694 1289 727 liter
1299 699 1326 727 et
1339 703 1485 737 expresse
1500 693 1703 735 derogamus,
1714 702 1750 725 ac
1760 690 1957 724 sufficienter

1218 748 1405 790 derogatum
1425 757 1492 780 esse
1511 745 1726 786 decernimus,
1744 751 1774 778 et
1787 743 1956 778 contrariis

1217 800 1494 845 quibuscumque:
1511 805 1564 833 aut
1581 798 1606 832 si
1624 798 1813 839 camerario,
1834 797 1958 831 thesau-

1217 854 1315 894 rario,
1333 853 1468 895 clericis,
1488 852 1757 897 praesidentibus,
1775 850 1958 885 dohaneriis

1218 911 1247 941 et
1261 907 1331 940 aliis
1344 907 1527 951 praedictis,
1541 907 1591 940 vel
1603 905 1767 950 quibusvis
1781 904 1861 945 aliis,
1875 914 1959 938 com-

1218 961 1358 994 muniter
1378 961 1424 993 vel
1452 960 1589 1001 divisim,
1617 960 1656 992 ab
1681 959 1794 992 eadem
1815 958 1855 992 sit
1877 957 1958 991 Sede

1220 1014 1391 1055 indultum,
1405 1014 1491 1058 quod
1506 1013 1664 1056 interdici,
1675 1012 1837 1057 suspendi,
1851 1012 1898 1044 vel
1913 1022 1960 1045 ex-

1219 1067 1450 1101 communicari
1468 1077 1533 1100 non
1550 1066 1673 1111 possint
1685 1077 1743 1110 per
1759 1065 1868 1099 literas
1883 1075 1960 1109 apo-

1219 1121 1346 1155 stolicas
1366 1131 1429 1154 non
1450 1121 1601 1153 facientes
1621 1121 1749 1164 plenam
1777 1125 1807 1153 et
1827 1129 1957 1164 expres-

1220 1186 1286 1208 sam
1308 1186 1345 1208 ae
1365 1175 1405 1208 de
1425 1174 1523 1207 verbo
1549 1175 1588 1207 ad
1608 1174 1741 1207 verbum
1769 1173 1808 1206 de
1836 1173 1960 1206 indulto

1221 1228 1406 1262 huiusmodi
1426 1227 1634 1260 mentionem.

1267 1284 1282 1324 ξ
1307 1281 1359 1315 13.
1387 1282 1540 1315 Volumus
1570 1286 1675 1314 autem
1707 1280 1805 1324 quod,
1828 1284 1962 1324 propter

1222 1336 1388 1375 unionem,
1401 1334 1613 1367 annexionein
1625 1338 1655 1366 et
1666 1333 1962 1377 incorporationem

1223 1388 1429 1427 huiusmodi,
1453 1388 1573 1421 dictum
1596 1386 1828 1420 monasterium
1847 1386 1879 1419 in
1898 1386 1962 1430 spi-

1225 1442 1395 1476 ritualibus
1404 1452 1466 1474 non
1478 1441 1634 1482 laedatur,
1647 1446 1674 1473 et
1688 1440 1719 1473 in
1733 1440 1962 1484 temporalibus

1224 1496 1416 1529 detrimenta
1433 1505 1497 1528 non
1519 1494 1685 1533 sustineat,
1706 1494 1761 1527 sed
1783 1493 1867 1526 illius
1887 1503 1963 1526 con-

1224 1559 1302 1592 grue
1323 1553 1553 1592 supportentur
1573 1557 1670 1581 onera
1692 1552 1854 1580 consueta.

1270 1604 1286 1645 g
1307 1602 1359 1635 ili.
1388 1601 1472 1634 Nulli
1491 1611 1568 1644 ergo
1589 1600 1721 1634 omnino
1738 1600 1908 1633 hominum
1926 1599 1964 1632 li-

1225 1662 1295 1690 ceat
1314 1656 1397 1688 banc
1417 1655 1566 1699 paginam
1588 1660 1716 1688 nostrae
1737 1653 1960 1695 absolutionis,

1225 1709 1396 1744 erectionis
1429 1714 1458 1741 et
1491 1708 1698 1741 institutionis
1714 1735 1721 1748 ,
1756 1706 1939 1741 donationis
1953 1733 1960 1747 ‚

1225 1762 1458 1803 concessionis,
1479 1761 1617 1802 unionis,
1638 1760 1836 1802 annexionis,
1857 1760 1964 1793 incor-

1225 1816 1422 1862 porationis,
1453 1814 1695 1859 applicationis,
1725 1813 1965 1856 assignationis,

1227 1869 1455 1910 revocationis,
1479 1868 1682 1909 cassationis,
1711 1867 1940 1901 annullationis
1955 1893 1962 1907 ‚

1228 1923 1447 1958 dissolutionis
1463 1950 1470 1962 ,
1490 1921 1703 1965 exemptionis
1717 1948 1724 1962 ‚
1744 1919 1963 1961 liberationis,

1226 1976 1455 2020 susceptionis,
1473 1974 1682 2008 subiectionis
1695 2001 1702 2015 ,
1725 1972 1964 2014 declarationis,

1229 2030 1355 2070 indulti,
1373 2028 1584 2069 inhibitionis,
1602 2018 1854 2067 constitutionis,
1867 2026 1968 2070 depu-

1229 2083 1366 2119 tationis,
1378 2082 1574 2123 tributionis,
1591 2080 1801 2124 elargitionis,
1815 2079 1968 2120 mandati,

1229 2135 1470 2179 derogationis,
1501 2135 1705 2168 decretorum
1736 2139 1767 2167 et
1794 2132 1968 2166 voluntatis

1230 2191 1417 2233 infringere,
1434 2189 1481 2222 vel
1503 2189 1530 2222 ei
1552 2199 1631 2222 ausu
1652 2186 1824 2221 temerario
1842 2191 1969 2220 contra-

1232 2246 1286 2277 ire.
1310 2244 1341 2277 Si
1362 2243 1433 2286 quis
1454 2248 1560 2275 autem
1592 2241 1654 2275 hoc
1685 2246 1842 2274 attentare
1867 2250 1964 2283 prae-

1229 2296 1420 2341 sumpserit,
1450 2295 1703 2337 indignationem
1736 2292 1968 2337 omnipotentis

1230 2350 1284 2384 Dei
1305 2361 1341 2383 ac
1362 2349 1530 2383 beatorum
1547 2348 1630 2381 Petri
1649 2353 1680 2380 et
1698 2346 1787 2380 Pauli
1808 2346 1970 2391 apostolo-

1231 2414 1301 2437 rum
1324 2403 1393 2436 eius
1412 2413 1445 2436 se
1466 2401 1592 2435 noverit
1611 2401 1826 2434 incursurum.

1275 2457 1388 2489 Datum
1406 2456 1529 2489 Romae
1553 2454 1638 2498 apud
1656 2453 1686 2488 S.
1710 2454 1862 2494 Marcum,
1886 2461 1970 2486 anno

1231 2508 1463 2543 Incarnationis
1486 2507 1671 2541 Dominicae
1696 2499 1868 2539 millesimo
1893 2515 1965 2538 sex-

1233 2562 1408 2596 centesimo
1429 2566 1557 2605 quarto,
1579 2559 1673 2593 nonis
1694 2558 1780 2600 iulii,
1802 2558 1971 2603 pontifica-

1235 2622 1284 2649 tus
1303 2615 1402 2650 nostri
1424 2625 1508 2648 anno
1527 2624 1595 2648 xlii.

1271 2678 1328 2704 Dat.
1350 2677 1393 2705 die
1412 2678 1426 2704 7
1442 2676 1498 2703 iulii
1516 2675 1592 2710 1604,
1607 2683 1650 2702 an.
1667 2674 1768 2710 pontis„
1783 2680 1839 2701 xut.

1967 266 2017 293 An.
2031 266 2060 294 C.
2082 266 2149 296 1601
2165 266 2174 305 '3

1998 1285 2069 1306 Onera
2076 1288 2159 1305 monas-
2175 1274 2183 1297 ’λ

1976 1312 2024 1334 terii
2034 1311 2083 1333 ferri
2096 1311 2145 1332 vuit.
2179 1312 2186 1337 g

2176 1507 2189 1531 r*

1991 1603 2103 1625 clausulae
2111 1607 2160 1630 poe·
2176 1595 2184 1626 ἒ
2200 1611 2202 1627 ’.

1978 1631 2044 1652 nales.
2176 1632 2179 1646 ἱ
