2227 3241
27 236 86 265 -An,
101 236 129 264 C.
153 235 220 264 1604

63 988 154 1009 Cavetur
166 990 219 1015 qno-

37 1015 104 1036 minus
118 1017 219 1038 superio-

0 1046 3 1063 t
36 1047 70 1062 res
82 1040 127 1062 illus
136 1043 218 1066 promo·

0 1071 2 1098 t
37 1069 106 1088 nant.

74 2060 223 2086 Promouones.

3 2100 6 2108 .
41 2087 58 2108 si
73 2087 122 2108 fiant
133 2104 138 2113 ,
153 2088 223 2110 nullae

3 2125 5 2130 ·
41 2115 94 2135 sunt.

75 2433 177 2458 Autbtlffl,
190 2440 222 2455 so·

40 2459 80 2480 lum
107 2461 222 2486 petentium

40 2488 136 2513 procilius
146 2488 223 2516 proba.

853 235 1000 259 CLEMENS
1019 237 1076 260 vm
1093 237 1143 261 ΡΡ.

231 281 338 316 minus
355 282 506 325 legitimis
524 287 555 315 et
575 282 718 316 honestis
738 281 920 315 rationibus
941 286 994 315 ea*

233 335 383 370 obtinere
407 335 643 379 quaesiverint,
664 342 719 369 aut
746 336 842 369 etiam
863 342 977 380 sponte

232 389 349 423 oblatis
369 394 400 422 et
419 388 554 422 minime
574 389 761 433 conquisitis
781 389 829 422 usi
850 389 978 430 fuerint,

233 442 431 487 illorumque
443 441 617 486 complices
629 449 659 475 et
668 443 820 483 fautores,
833 442 873 475 ad
884 453 978 485 quas-

234 506 375 540 cumque
394 496 606 540 praelatuias,
624 496 797 538 dignitates
815 501 845 529 et
859 496 974 537 officia,

234 551 430 594 gradusque,
450 550 608 590 honores,
633 549 929 582 administrationes
949 555 979 583 et

233 613 382 643 munera,
397 603 429 635 in
443 602 510 646 ipsa
526 601 692 647 Religione
705 601 893 642 obtinenda,
907 612 978 646 per-

232 661 331 701 petuo
351 655 509 690 inhabiles
538 656 755 696 declaramus,
776 666 812 689 ac
840 655 979 689 obtentis

231 719 292 753 per
309 719 364 742 eos
380 708 584 752 praelaturis,
599 708 763 751 gradibus,
785 707 975 749 honoribus,

234 760 456 804 dignitatibus,
478 761 825 801 administrationibus,
843 761 979 794 functio-

234 814 331 848 nibus
351 819 382 848 et
402 814 517 848 officiis
537 814 735 855 huiusmodi,
759 825 798 848 eo
817 814 886 858 ipso
906 814 976 858 pri-

232 878 355 909 vamus,
371 878 408 902 ac
427 867 569 912 privatos
582 877 659 901 voce
678 873 742 901 tam
764 867 865 901 activa
881 878 978 911 quam

232 920 357 965 passiva
377 931 486 954 carere
504 920 708 954 decernimus
722 926 753 954 et
766 921 980 954 declaramus.

280 975 297 1016 ξ
316 972 346 1007 3.
371 974 475 1018 Atque
492 973 525 1006 in
545 973 661 1007 virtute
681 979 810 1007 sanctae
831 973 982 1006 obedien—

235 1026 308 1068 tiae,
324 1037 361 1060 ac
381 1027 440 1060 sub
454 1026 796 1061 excommunicationis
813 1027 896 1060 latae
910 1037 981 1060 sen-

236 1079 354 1114 tentiae
377 1082 504 1124 poena,
528 1080 678 1114 omnibus
704 1080 780 1114 dicti
801 1080 930 1114 Ordinis
951 1086 982 1114 et

233 1132 411 1176 Religionis
431 1133 594 1175 fratribus,
618 1133 906 1178 superioribusque
919 1160 927 1175 ,
951 1139 982 1167 et

234 1187 387 1231 praelatis
412 1197 620 1232 quocumque
651 1187 744 1221 titulo
774 1187 977 1232 nuncupatis,

234 1239 332 1273 etiam
363 1240 465 1284 prlori
501 1240 643 1283 generali
659 1268 666 1281 ,
694 1240 919 1284 praesentibus
951 1245 982 1273 et

234 1293 361 1335 suturis,
378 1293 606 1338 praecipimus,
622 1294 830 1338 districteque
846 1294 980 1327 manda-

235 1359 317 1389 mus,
338 1358 378 1381 ne
396 1348 584 1392 quempiam
604 1348 671 1381 ullo
702 1354 864 1393 tempore,
888 1361 980 1394 prae-

234 1402 337 1443 cibus,
357 1402 483 1443 litteris‚
507 1403 555 1435 vel
584 1402 748 1436 favoribus
768 1404 911 1445 adducti,
932 1405 979 1437 vel

234 1459 312 1494 alias
332 1460 372 1493 ad
392 1459 578 1493 instantiam
593 1470 650 1493 seu
667 1459 911 1503 requisitionem
933 1460 981 1492 vel

235 1514 542 1559 contemplationem
567 1513 752 1558 principum
780 1514 828 1547 vel
849 1515 978 1558 praela-

235 1574 355 1609 torum,
375 1573 430 1601 aut
442 1568 581 1602 aliorum
600 1578 895 1612 quorumcumque,
917 1575 980 1602 tam

234 1622 449 1656 saecularium
468 1633 564 1666 quam
587 1622 877 1656 ecclesiasticorum
893 1629 981 1656 extra

235 1677 356 1711 dictum
377 1676 537 1720 gremium
559 1668 774 1718 existentium,
796 1677 892 1711 etiam
913 1688 981 1710 car-

235 1730 412 1772 dinalium,
433 1730 657 1775 imperatoris,
686 1741 818 1774 regum,
847 1732 979 1771 ducum,

236 1785 276 1819 ad
296 1784 434 1819 cuiusvis
454 1784 581 1828 generis
605 1785 823 1829 praelaturas,
848 1786 978 1828 gradus,

236 1839 377 1873 honores
392 1866 399 1880 ,
434 1838 605 1881 dignitates
620 1866 627 1879 ‚
660 1838 978 1880 administrationes,

236 1892 416 1927 functiones
435 1898 465 1926 et
479 1892 586 1926 officia
606 1893 791 1937 praedictae
805 1893 982 1936 Religionis

238 1957 444 1992 promovere,
461 1947 509 1980 vel
526 1956 648 1990 poenas
669 1946 792 1990 aliquas
817 1947 982 1981 remittere

238 2001 379 2035 audeant
399 2001 446 2034 vel
467 2005 685 2044 praesumant.

282 2055 298 2099 ἓ
317 2054 348 2087 4.
372 2055 585 2088 Decernentes
606 2053 780 2088 electiones
800 2060 831 2087 et
851 2065 983 2099 promo-

239 2109 342 2143 tiones
361 2108 402 2142 ad
424 2108 630 2149 monasteria,
655 2119 710 2142 seu
735 2109 909 2152 prioratus,
934 2110 982 2142 vel

238 2162 347 2196 officia
365 2161 441 2195 dicti
466 2161 594 2195 Ordinis
615 2168 645 2195 et
672 2162 849 2205 Religionis
870 2168 983 2196 contra

237 2216 456 2260 praesentium
483 2215 740 2260 dispositionem,
768 2217 857 2260 quod
882 2216 979 2257 absit,

238 2271 510 2315 quandocumque
524 2269 697 2310 faciendas,
714 2277 743 2303 et
760 2280 818 2314 pro
838 2276 983 2314 tempore

238 2324 396 2365 obtentas,
417 2324 668 2367 nullasprorsus
682 2323 901 2367 invalidasque
916 2324 983 2357 sore

238 2383 269 2412 et
285 2389 364 2419 esse,
388 2378 549 2421 nullisque
567 2377 688 2410 viribus
708 2377 898 2413 subsistere:

284 2433 300 2475 g
322 2430 352 2464 5.
377 2432 421 2465 Ac
441 2441 553 2465 omnes
572 2436 603 2463 et
621 2430 764 2472 singulos
782 2430 812 2463 in
828 2430 982 2474 praemis-

238 2484 280 2518 sis
313 2484 536 2528 delinquentes
552 2511 558 2524 ,
593 2484 680 2517 nullst
711 2483 771 2515 alia
805 2484 983 2517 monitione

238 2540 462 2584 praecedente,
486 2545 517 2572 et
534 2539 654 2582 absque
671 2548 823 2582 processu
846 2538 984 2582 desuper

238 2592 400 2634 habendo,
414 2592 587 2626 sententias
608 2598 638 2625 et
655 2602 776 2636 poenas
790 2592 982 2637 praemissas

239 2645 506 2680 irremissibiliter
526 2657 564 2680 eo
585 2646 654 2691 ipso
676 2646 852 2688 incurrere,
877 2652 917 2687 et,
942 2646 982 2680 ad

322 2709 402 2737 Butl.
422 2710 504 2738 Rom.
525 2724 559 2731 —
577 2710 635 2738 Vol.
658 2709 708 2737 XI.
873 2709 904 2736 18

1011 284 1082 317 illos
1094 285 1266 318 sententias
1280 290 1311 318 et
1323 295 1444 328 poenas
1463 284 1656 328 praemissas
1668 284 1757 317 dam-

1010 338 1162 370 nabiliter
1183 338 1357 372 incurrisse
1378 338 1521 381 legitime
1549 338 1755 382 probandum

1012 396 1043 423 ct
1060 391 1193 424 omnino
1208 392 1480 433 convincendum,
1499 392 1583 426 solas
1604 391 1757 435 praemis-

1012 455 1120 477 sarum
1142 455 1353 488 personarum
1374 445 1561 486 instantias,
1592 456 1704 489 preces
1725 453 1756 479 et

1013 497 1159 538 favores,
1184 498 1279 531 etiam
1305 504 1455 532 oretenus
1478 504 1660 542 porrectas,
1684 500 1754 542 ple-

1011 561 1098 591 nam,
1115 551 1282 584 indubiam
1297 557 1328 584 et
1341 552 1565 593 sufficientem,
1586 552 1618 585 in
1636 551 1756 585 iudicio

1013 609 1042 637 et
1068 609 1166 645 extra,
1191 604 1288 638 tidem
1310 606 1425 647 facere,
1448 617 1508 640 nec
1529 607 1569 639 ad
1589 606 1621 639 id
1640 606 1757 650 proba-

1013 657 1108 690 tionis
1124 658 1256 691 alterius
1278 659 1510 692 adminiculum
1532 659 1666 703 requiri,

1059 712 1075 752 g
1094 712 1124 743 b'.
1146 711 1182 744 Et
1204 711 1247 744 ita
1267 722 1324 755 per
1342 723 1565 756 quoscumque
1586 712 1707 745 iudices
1728 717 1758 745 et

1013 763 1264 805 commissarios,
1285 765 1396 808 quavis
1409 766 1599 798 auctoritate
1621 766 1757 808 fungen-

1016 823 1080 858 tes,
1109 818 1204 851 etiam
1236 829 1405 852 causarum
1438 819 1549 851 Palatii
1581 818 1758 862 Apostolici

1014 870 1189 913 auditores,
1215 877 1245 905 et
1265 878 1395 905 sanctae
1414 873 1578 905 Romanae
1599 872 1760 905 Ecclesiae

1015 924 1194 958 cardinales
1212 925 1350 968 (sublata
1371 925 1416 958 eis
1441 931 1471 958 et
1495 935 1608 958 eorum
1630 925 1762 958 cuilibet

1015 977 1125 1021 quavis
1139 977 1232 1011 aliter
1248 977 1411 1012 iudicandi
1425 984 1455 1012 et
1469 978 1703 1022 interpretandi
1717 980 1762 1012 sa-

1015 1030 1132 1064 cultate
1150 1036 1181 1064 et
1200 1032 1404 1075 auctoritate)
1426 1031 1563 1065 iudicari
1584 1036 1616 1065 et
1633 1031 1761 1065 definiri

1015 1083 1134 1117 debere
1147 1111 1154 1125 ,
1179 1094 1216 1118 ac
1240 1084 1367 1118 irritum
1393 1095 1523 1129 quoque
1544 1090 1574 1118 et
1594 1085 1689 1118 inane
1704 1112 1712 1126 ,
1732 1085 1758 1118 si

1014 1147 1105 1170 secus
1121 1148 1219 1182 super
1235 1138 1283 1172 his
1297 1148 1315 1171 a
1328 1149 1505 1182 quoquam,
1523 1138 1632 1182 quavis
1650 1143 1759 1172 aucto-

1015 1189 1120 1231 ritate,
1145 1191 1284 1225 scienter
1304 1192 1353 1225 vel
1374 1192 1570 1235 ignoranter,
1589 1191 1760 1234 contigerit

1015 1244 1177 1278 attentari.

1060 1300 1075 1340 ξ
1092 1298 1121 1331 7.
1139 1299 1208 1332 Non
1230 1300 1431 1334 obstantibus
1445 1301 1610 1345 quibusvis
1627 1307 1755 1345 aposto-

1015 1351 1094 1392 licis,
1119 1363 1155 1385 ae
1176 1353 1208 1385 in
1229 1353 1481 1397 provincialibus
1501 1359 1532 1388 et
1552 1355 1758 1399 synodalibus

1014 1405 1159 1439 conciliis
1178 1407 1282 1447 editis,
1310 1408 1517 1450 generalibus
1537 1409 1585 1442 vel
1609 1408 1758 1452 speciali-

1014 1460 1074 1492 bus
1088 1460 1373 1494 constitutionibus
1387 1467 1418 1494 et
1435 1462 1705 1503 ordinationibus,
1723 1474 1760 1497 ac

1015 1513 1142 1546 Ordinis
1173 1519 1203 1547 et
1234 1515 1410 1557 Religionis
1438 1515 1636 1556 huiusmodi,
1668 1516 1756 1550 iura-

1016 1574 1136 1610 mento,
1152 1568 1400 1603 confirmatione
1414 1570 1602 1614 apostolica,
1619 1571 1667 1604 vel
1682 1581 1760 1615 qua-

1015 1622 1060 1655 vis
1074 1622 1226 1656 firmitate
1241 1623 1300 1655 alia
1317 1623 1488 1665 roboratis,
1500 1624 1626 1658 statutis
1641 1630 1671 1658 et
1685 1636 1760 1658 con-

1015 1675 1254 1717 suetudinibus,
1272 1676 1449 1720 privilegiis
1464 1687 1606 1721 quoque,
1628 1678 1761 1711 indultis

1016 1736 1047 1763 et
1064 1729 1179 1763 litteris
1193 1729 1378 1774 apostolicis
1391 1730 1423 1763 in
1437 1731 1607 1764 contrariis
1622 1741 1760 1775 quomo-

1016 1783 1138 1816 dolibet
1151 1783 1322 1825 concessis,
1341 1783 1530 1828 approbatis
1544 1789 1574 1817 et
1588 1784 1756 1818 innovatis.

1016 1837 1137 1876 Quibus
1151 1837 1314 1878 omnibus,
1331 1848 1444 1871 eorum
1465 1843 1592 1871 tenores
1610 1849 1762 1882 praesen-

1017 1890 1100 1923 tibus
1126 1901 1186 1934 pro
1212 1891 1369 1934 expressis
1397 1890 1572 1932 habentes,
1597 1891 1659 1924 illis
1685 1891 1762 1925 alias

1017 1944 1047 1976 in
1061 1955 1119 1977 suo
1134 1944 1252 1978 robore
1265 1944 1498 1988 permansuris,
1515 1944 1574 1977 hac
1589 1944 1656 1978 vice
1669 1945 1762 1978 dum-

1018 2003 1101 2031 taxat
1121 1998 1305 2042 specialiter
1325 2003 1356 2031 et
1373 2008 1522 2042 expresse
1540 1998 1758 2041 derogamus',

1017 2052 1187 2085 contrariis
1215 2052 1494 2096 quibuscumque,
1530 2058 1584 2085 aut
1615 2052 1640 2086 si
1670 2064 1763 2097 prae-

1017 2106 1110 2139 dictis
1131 2105 1282 2139 fratribus
1305 2106 1352 2138 vel
1371 2106 1537 2149 quibusvis
1555 2106 1636 2147 aliis,
1665 2118 1756 2139 com-

1019 2159 1160 2193 muniter
1186 2159 1233 2193 vel
1259 2159 1407 2199 divisim,
1436 2160 1474 2192 ab
1507 2159 1690 2203 Apostolicai
1723 2160 1763 2193 sit

1017 2213 1099 2247 Sede
1126 2213 1287 2246 indultum
1314 2212 1401 2256 quod
1422 2212 1583 2253 interdici,
1607 2213 1760 2256 suspendi

1018 2268 1063 2300 vel
1091 2265 1366 2300 excon‘imunicari
1391 2276 1456 2299 non
1482 2266 1606 2310 possint
1630 2277 1688 2309 per
1709 2266 1760 2299 lit-

1019 2327 1101 2354 teras
1115 2320 1308 2364 apostolicas
1322 2330 1387 2353 non
1407 2320 1560 2353 facientes
1581 2320 1709 2363 plenam
1731 2325 1761 2353 ct

1018 2386 1201 2419 expressam
1218 2402 1225 2415 ,
1250 2385 1286 2407 ac
1316 2375 1355 2407 de
1384 2374 1482 2407 verbo
1503 2374 1542 2406 ad
1564 2374 1696 2407 verbum
1722 2374 1761 2406 de

1018 2428 1142 2462 indulto
1168 2427 1354 2461 huiusmodi
1381 2427 1590 2461 mentionem.

1053 2521 1062 2546 1
1084 2519 1152 2546 Alibi
1169 2527 1230 2554 pag.
1244 2519 1330 2551 78,a;
1344 2518 1388 2552 87,
1405 2526 1432 2552 n,
1449 2521 1512 2550 etc.,
1530 2516 1686 2544 censuimus
1702 2516 1762 2543 heic

1018 2565 1153 2600 praetnitt.
1171 2564 1204 2590 ad
1221 2563 1309 2590 minus
1325 2562 1419 2598 partic.
1436 2564 1476 2592 e!;
1494 2565 1520 2588 at
1535 2569 1596 2588 vero
1621 2569 1691 2588 nunc
1711 2561 1760 2588 ad-

1019 2609 1150 2636 vertimus
1166 2616 1225 2635 eam
1241 2615 1348 2642 semper
1363 2606 1470 2640 deesse,
1486 2605 1594 2642 quando
1614 2605 1760 2641 subsequi-

1018 2658 1060 2682 tur
1076 2653 1190 2681 formula
1205 2655 1255 2681 aut
1270 2652 1305 2687 si,
1322 2656 1373 2679 etc.
1390 2653 1426 2686 (a.
1444 2650 1491 2686 T.).

1660 227 1717 259 137
1765 236 1955 263 An.c.1604
2007 236 2015 240 ‘

1800 723 1919 744 Clausulae.

1842 1308 1957 1333 nerogauo

1774 1336 1937 1355 contrariorum.
