2227 3241
43 242 91 271 An.
108 241 136 270 C.
159 240 226 269 1604

238 298 338 333 gnare
358 288 511 329 valerent,
539 287 707 331 suffragari
729 298 794 321 non
814 297 926 331 posse,
948 298 984 321 ac

238 342 329 383 alias,
349 347 446 386 prout
463 341 495 374 in
517 341 660 375 eiusdem
683 341 828 384 Gregorii
850 341 984 384 praede-

239 396 376 430 cessoris
397 395 510 429 litteris
536 396 674 439 desuper
694 395 726 428 in
748 395 852 428 forma
877 395 985 428 Brevis

238 449 298 483 sub
317 449 427 482 datum
450 448 501 482 die
522 459 552 482 vi
578 448 689 492 aprilis
709 458 850 482 MDLxxlv
870 448 981 492 ponti-

240 503 354 536 ficatus
371 502 432 543 sui,
456 512 540 535 anno
562 513 583 536 11
605 502 771 546 expeditis,
794 502 890 535 latius
908 512 984 536 eon-

241 555 394 589 tinetur¹.

68 622 176 648 Philippus
191 625 226 649 mx
286 611 302 652 g
323 608 353 642 4.
377 608 518 648 Quarum
544 608 722 642 litterarum
749 608 870 652 vigore,
901 608 984 642 sicut

42 649 226 706 ξῖἷῖἓῗνιῗῖρῗῖἐὲῗ
241 661 437 706 accepimus,
454 661 557 695 dictus
570 661 738 706 Philippus
756 673 811 695 rex
827 662 983 695 nonnulla

42 702 227 758 ἒὲἓῖιεξωέὲἕεῖἧῖἐ
242 726 277 748 ex
297 714 419 755 castris,
443 714 614 755 fortalitiis,
634 714 728 756 villis,
751 715 843 748 terris
861 720 891 749 et
905 715 983 748 loeis

42 753 227 832 Ξὲῖξὲῐιῖιὲὲξξιὶξ
240 768 551 802 iurisdictionalibus
564 768 761 810 huiusmodi,
774 769 813 802 ad
828 769 981 813 quasdam

42 833 226 883 ssffitnnffiiuffi
241 821 453 863 cathedrales,
471 821 566 855 etiam
582 822 847 866 metropolitanas
866 833 902 856 ae
918 823 983 867 pri-

43 874 397 917 eupmapsrsyeu-matiales‚
426 874 623 917 collegiatas,
652 880 682 908 et
705 875 982 919 parochiales-ec-

42 913 226 970 ggssissoesigifiiifziss
241 927 365 968 elesias,
397 938 433 961 ac
452 928 492 961 ad
519 928 714 962 monasteria
744 933 808 961 tam
836 928 982 962 virorum

41 967 181 994 ”numum
241 991 337 1025 quam
359 981 547 1023 mulierum,
571 982 746 1026 prioratus,
773 982 980 1026 praepositu-

240 1045 303 1076 ras,
324 1034 476 1079 capitula,
493 1041 679 1077 conventus,
700 1035 872 1078 dignitates
887 1035 982 1069 etiam

241 1088 479 1129 conventuales,
503 1099 539 1121 ae
565 1088 705 1122 maiores
730 1093 760 1121 et
787 1088 984 1132 principales

240 1140 537 1175 administrationes
551 1141 710 1183 etofficia,
725 1148 917 1186 caeteraque
928 1142 984 1176 be-

239 1193 355 1227 neficia
376 1194 604 1236 ecclesiastiea,
618 1195 649 1227 in
671 1194 791 1228 eisdem
806 1194 914 1237 regnis
931 1194 984 1228 Hi-

239 1247 427 1291 spaniarum
446 1247 666 1289 consistentia,
689 1247 867 1292 respective
887 1257 979 1291 spee-

241 1302 393 1343 tantibus,
403 1313 476 1335 cum
490 1302 556 1335 suis
567 1302 897 1343 iurisdictionibus,et
911 1313 982 1335 eum

240 1365 330 1389 mero
351 1360 383 1388 et
408 1355 506 1388 mixto
532 1355 682 1399 imperio,
706 1355 927 1398 fructibusque
954 1361 984 1388 et

237 1408 433 1450 redditibus,
465 1409 690 1453 proventibus,
718 1409 980 1451 obventionibus,

238 1463 479 1505 emolumentis,
501 1464 627 1497 iuribus
647 1470 677 1498 et
690 1464 894 1508 pertinentiis
914 1464 984 1508 qui-

239 1522 452 1564 buscumque,
477 1520 516 1553 ab
535 1520 656 1553 eisdem
683 1520 840 1561 ecclesiis,
865 1531 980 1554 mona-

239 1576 356 1616 steriis,
379 1575 590 1620 prioratibus,
619 1575 863 1620 praeposituris,
891 1576 980 1620 capi-

241 1630 326 1672 tulis,
341 1629 564 1671 conventibus,
582 1629 802 1672 dignitatibus,
824 1629 937 1663 officiis
948 1641 984 1663 ac

239 1684 416 1725 beneficiis,
434 1694 612 1728 corumque
627 1684 756 1725 mensis,
773 1684 943 1718 ordinibus
954 1690 984 1718 et

240 1739 319 1772 locis
343 1738 519 1782 respective
540 1738 713 1782 (assignata
730 1738 820 1782 prius
853 1738 985 1771 cuilibet

241 1803 354 1826 eorum
368 1802 428 1837 pro
446 1791 569 1825 ratione
585 1792 771 1825 reddituum
786 1802 981 1833 annuorum,

242 1858 277 1880 ex
291 1845 413 1887 eastris,
435 1845 607 1887 fortalitiis,
624 1845 717 1885 villis,
741 1845 835 1879 terris
849 1852 880 1879 et
892 1846 981 1886 locis,

242 1901 282 1934 ad
296 1900 349 1933 illa
362 1899 537 1944 respective
551 1899 783 1943 spectantibus,
795 1899 882 1933 iuxta
895 1900 986 1933 aesti-

243 1954 417 1988 mationem
439 1953 638 1997 praedictam
660 1953 782 1998 percipi
800 1953 981 1992 solitorum,

242 2007 458 2052 aequivalenti
479 2012 509 2040 et
525 2007 681 2041 tutissima
703 2007 734 2039 in
756 2007 876 2040 eisdem
896 2008 984 2041 dioe-

243 2061 368 2095 cesibus
379 2061 564 2094 consistenti
579 2061 716 2094 aliorum
728 2061 912 2095 reddituum
928 2072 984 2095 an-

244 2125 383 2149 nuorum
412 2115 636 2159 recompensa)
658 2115 922 2155 dismemln·avit;
950 2126 985 2148 ac

244 2181 279 2204 ex
300 2169 363 2203 illis
382 2169 555 2213 quaedam,
579 2169 732 2202 nimirum
748 2169 839 2202 titulo
857 2179 984 2213 permu-

245 2223 386 2264 tationis,
402 2222 432 2255 in
449 2222 558 2255 tertias
572 2232 725 2266 personas
738 2222 909 2263 transtulit,
926 2234 985 2267 pro

243 2277 371 2321 quibus,
395 2286 451 2310 seu
469 2286 610 2320 quorum
632 2277 715 2316 loco,
733 2276 795 2308 alia
820 2276 904 2309 bona
924 2282 985 2310 sta-

243 2330 319 2365 bilia
340 2331 449 2374 (prout
464 2340 480 2363 a
495 2330 575 2363 duce
596 2329 854 2365 Medinae-Coeli,
869 2329 899 2362 in
913 2341 985 2374 per-

243 2384 455 2418 mutationem
482 2383 678 2428 oppidorum
704 2384 844 2417 Utrellae
870 2389 900 2417 et
932 2385 984 2417 ΛΙ-

244 2448 367 2479 manez,
391 2438 546 2482 quasdam
566 2438 695 2478 salinas,
713 2449 793 2482 quas
808 2438 915 2481 regiae
931 2448 985 2472 ce-

243 2492 727 2537 ronaeincorporavit)1·ecepit;
742 2493 899 2536 quaedam
911 2502 986 2526 vero

281 2617 291 2643 1
314 2615 431 2644 Litterae
454 2616 608 2652 praedictae
633 2625 685 2644 nou
711 2617 844 2645 habentur
864 2617 890 2644 in
912 2618 985 2646 Ball.

245 2661 284 2696 (a.
301 2661 348 2695 T.).

331 2715 410 2743 Ball.
428 2715 510 2744 Rom.
527 2731 561 2737 —
582 2717 639 2744 Vol.
656 2716 704 2744 XI.
925 2718 957 2743 10

859 239 1006 264 CLEMENS
1026 241 1085 264 vm
1105 242 1155 266 PP.

1020 289 1090 321 aliis
1110 289 1259 322 similiter
1276 289 1374 323 tertiis
1392 290 1548 333 personis,
1566 290 1670 334 pretio
1686 301 1762 324 con-

1020 348 1124 383 vento,
1143 343 1381 387 inperpetuum
1397 343 1539 377 vendidit
1561 350 1589 377 et
1612 344 1760 377 alienavit

1020 396 1150 439 (horum
1167 402 1273 429 autem
1293 397 1348 437 sic,
1366 403 1398 430 ut
1413 398 1604 441 praefertur,
1619 398 1763 431 vendito-

1020 460 1089 481 rum
1117 455 1147 482 et
1175 449 1388 483 alienatorum
1418 451 1564 484 redditus
1593 451 1692 483 annui
1720 452 1759 483 ad

1018 512 1177 535 summam
1195 512 1307 535 norem
1320 503 1455 536 millium
1469 510 1497 537 et
1508 504 1760 548 quingentorum

1019 554 1147 588 circiter
1165 556 1370 597 ducatorum,
1386 563 1418 589 ut
1441 558 1636 601 accepimus,
1654 569 1763 591 ascen-

1019 608 1125 652 dunt);
1147 610 1306 652 quaedam
1329 610 1390 643 alia
1411 621 1550 644 coronae
1568 622 1644 644 suae
1662 612 1761 654 regali

1018 661 1208 706 simpliciter
1222 661 1451 705 incorporarit;
1466 665 1625 707 quaedam
1641 675 1717 698 vero
1732 666 1763 708 (a

1019 725 1157 759 quorum
1187 714 1448 749 universitatibus
1473 722 1576 750 certas
1603 718 1759 761 pecunia-

1018 779 1088 801 rum
1111 778 1253 801 summas
1283 769 1417 813 recepit,
1448 770 1613 804 nonnullis
1640 770 1761 804 eisdem

1018 820 1179 854 concessis
1196 821 1385 864 privilegiis)
1406 822 1510 856 eidem
1530 833 1669 856 coronae
1686 834 1762 857 suae

1018 874 1204 909 immediate
1217 874 1366 915 subiecit,
1384 875 1520 919 reliqua,
1538 887 1676 920 quorum
1692 877 1762 910 uni-

1018 928 1183 962 versitates
1203 938 1243 960 ne
1264 927 1295 960 in
1313 927 1393 961 alios
1415 929 1666 963 transferrentur
1687 940 1759 964 cer-

1020 988 1083 1015 tam
1116 981 1328 1025 pecuniarum
1366 981 1579 1024 quantitatem
1612 982 1762 1027 Philippo

1019 1035 1085 1078 regi
1117 1034 1355 1078 persolverunt,
1383 1044 1439 1067 seu
1471 1035 1605 1078 praedia
1627 1035 1674 1068 vel
1700 1035 1763 1068 alia

1018 1088 1102 1121 bena
1116 1087 1242 1120 stabilia
1255 1087 1327 1120 loco
1341 1086 1551 1131 pecuniarum
1571 1088 1675 1122 eidem
1695 1088 1763 1131 regi

1018 1141 1232 1184 assignarunt,
1255 1140 1313 1174 sub
1328 1140 1447 1174 eisdem
1467 1141 1607 1175 ecclesiis
1621 1152 1677 1175 seu
1695 1152 1763 1175 mo-

1017 1193 1176 1235 nasteriis,
1198 1194 1245 1226 rel
1266 1193 1476 1237 prioratibus,
1500 1199 1553 1228 aut
1573 1194 1643 1228 aliis
1666 1195 1763 1229 bene-

1018 1247 1098 1281 ficiis
1116 1247 1351 1288 ecclesiasticis,
1374 1248 1412 1281 ad
1435 1259 1517 1292 quae
1542 1249 1759 1292 pertinebant,

1018 1301 1150 1337 dimisit:
1167 1307 1261 1345 prout
1284 1301 1313 1334 in
1336 1301 1470 1335 diversis
1490 1302 1711 1335 instrumentIs
1733 1309 1761 1336 ct

1018 1357 1236 1394 documentis,
1266 1368 1300 1390 ac
1327 1357 1395 1389 aliis
1417 1357 1585 1400 scripturis
1610 1357 1759 1401 publicis,

1018 1414 1180 1457 regiisque
1200 1412 1442 1456 diplomatibus,
1464 1423 1560 1455 super
1578 1412 1762 1455 praemissis

1019 1467 1170 1502 confectis
1185 1472 1212 1500 ct
1232 1465 1398 1509 expeditis,
1416 1465 1540 1509 plenius
1555 1466 1673 1499 dicitur
1688 1477 1763 1500 con-

1021 1522 1125 1556 tineri.

1064 1579 1080 1619 ξ
1101 1576 1130 1609 ἶι.
1155 1577 1232 1610 Cum
1255 1582 1375 1616 autem,
1407 1575 1487 1609 sicut
1510 1576 1605 1609 etiam
1631 1577 1759 1621 accepi-

1020 1642 1102 1672 mus,
1118 1636 1228 1674 postea
1244 1630 1326 1663 idem
1349 1629 1518 1673 Philippus
1536 1641 1600 1671 rex,
1617 1631 1763 1664 conside-

1020 1695 1092 1718 rans
1113 1684 1258 1725 forsitan,
1276 1695 1311 1717 ex
1329 1694 1367 1717 eo
1388 1685 1475 1727 quod
1493 1685 1651 1727 Gregorio
1673 1696 1764 1729 prae-

1020 1738 1180 1772 decessori
1203 1738 1383 1782 expositum
1406 1748 1469 1771 non
1497 1739 1610 1779 suerat,
1638 1739 1763 1783 pridem

1020 1792 1213 1826 recolendae
1235 1791 1410 1825 memoriae
1432 1792 1521 1825 Pium
1538 1793 1656 1836 Papam
1670 1793 1704 1834 V,
1727 1804 1761 1827 e-

1022 1847 1095 1880 tiam
1126 1846 1410 1890 praedecessorem
1440 1852 1604 1887 nostrum,
1637 1847 1765 1890 ipsimet

1020 1901 1169 1945 Philippo
1192 1900 1257 1942 regi
1280 1901 1460 1933 facultatem
1476 1900 1671 1934 concessisse
1689 1901 1765 1934 alic-

1021 1954 1118 1988 nandi
1133 1953 1249 1987 similia
1262 1953 1346 1986 bona
1361 1953 1639 1995 iurisdictionalia,
1657 1954 1696 1987 ad
1716 1965 1765 1987 ec-

1021 2008 1143 2047 clesias,
1161 2007 1368 2047 n'ionasteria,
1386 2013 1414 2039 ct
1434 2007 1591 2040 beneficia
1609 2008 1762 2041 ecclesia-

1021 2062 1099 2095 stiea
1112 2072 1289 2105 regnorum
1301 2062 1540 2106 Hispaniarum,
1554 2062 1592 2095 de
1607 2072 1764 2096 consensu

1022 2122 1128 2149 tamen
1147 2116 1346 2159 praesulum,
1364 2120 1393 2148 et
1412 2115 1548 2148 aliorum
1572 2116 1765 2149 monasteria

1021 2176 1049 2203 ct
1076 2170 1234 2203 beneficia
1262 2169 1448 2202 huiusmodi
1479 2169 1707 2209 obtinentium,
1737 2176 1764 2203 et

1021 2223 1180 2265 assignata
1199 2223 1318 2256 eisdem
1334 2223 1489 2263 ecclesiis,
1514 2222 1718 2256 monasteriis
1736 2228 1764 2255 et

1021 2277 1197 2318 beneficiis,
1221 2278 1259 2310 ad
1282 2288 1364 2321 quae
1383 2277 1550 2321 ipsabona
1572 2276 1766 2309 iurisdictio-

1020 2331 1105 2364 nalia
1126 2331 1339 2375 pertinerent,
1357 2331 1477 2374 duplici
1500 2333 1710 2374 recompensa
1731 2330 1766 2362 il-

1021 2385 1125 2417 lorum
1147 2385 1245 2417 annui
1267 2385 1399 2425 valoris,
1421 2390 1449 2417 et
1465 2385 1560 2417 etiam
1577 2395 1611 2417 ex
1627 2394 1664 2417 ee
1679 2384 1765 2427 quod

1020 2438 1115 2472 etiam
1135 2438 1239 2471 eidem
1253 2438 1410 2481 Gregorio
1436 2438 1676 2482 praedecessori
1702 2440 1766 2471 tor-

1020 2503 1075 2525 san
1097 2493 1378 2537 praesuppositum
1400 2494 1515 2531 suerat,
1541 2492 1684 2525 redditus
1703 2492 1763 2525 bo-

1022 2556 1137 2579 norum
1155 2547 1469 2587 iurisdictionalium,
1480 2547 1519 2579 ad
1532 2545 1692 2588 ccclesias,
1703 2556 1768 2579 mo-

1021 2600 1160 2633 nasteria
1175 2606 1203 2633 et
1217 2600 1373 2633 beneficia
1384 2599 1548 2644 praedicta
1560 2599 1767 2643 pertinentes,

1022 2655 1165 2689 valerem
1203 2666 1346 2689 annumn
1384 2654 1598 2698 quadraginta
1629 2654 1765 2688 millium

1662 232 1725 266 <73
1773 242 1822 269 An.
1845 242 1873 269 c.
1894 243 1959 270 1604

1819 1584 1893 1604 I'mtea
1915 1590 1963 1604 xero

1779 1611 1964 1636 scrupulisdurtus

1779 1640 1904 1658 testariicute
1927 1637 1965 1657 dc-

1779 1667 1843 1684 crextl
1886 1671 1926 1683 cuii
1939 1670 1962 1682 uo

1781 1692 1883 1711 t't‘t'lvxlnt·
1926 1697 1963 1709 sut

1780 1718 1835 1738 bena
1851 1719 1939 1738 restitui⁴
