2227 3241
239 293 291 322 An.
308 294 337 321 c.
356 294 422 322 1604
468 284 531 317 ‘1⁶26

258 1433 424 1454 inobedientium

241 1466 331 1486 poenae.

313 1911 425 1935 Demeam}

243 1940 404 1959 wulturwrutu.

436 341 556 375 absolvi
580 339 717 384 possint,
740 347 866 372 necnon
890 336 1079 382 privationis
1103 347 1175 381 pern

438 400 552 439 petuae
576 392 756 427 officiorum
782 401 839 436 per
868 401 922 425 eos
947 391 1171 433 obtentorum,

438 460 474 481 ae
487 446 696 481 inhabilitatis
710 445 750 478 ad
763 445 817 478 illa
831 450 862 478 et
874 445 936 479 alia
952 455 1175 490 quaecumque

438 501 512 535 dicti
533 499 660 533 Ordinis
681 498 785 532 officia
815 499 1005 540 exercenda,
1033 509 1069 532 ac
1088 498 1175 532 vocis

440 560 503 588 tam
514 553 634 586 activae
647 562 743 596 quam
756 551 911 596 passivae,
925 562 962 586 eo
973 552 1042 596 ipso
1056 552 1176 596 absque

438 608 499 641 alia
517 606 735 641 declaratione
755 606 958 639 incurrendis
982 606 1106 650 poenis,
1130 605 1176 639 di·

437 660 578 695 strictius
591 660 785 701 inhibemus,
802 670 842 693 ne
856 660 895 693 ad
915 659 983 704 ipsa
1005 659 1176 693 tribunalia

438 713 614 748 saecularia
638 713 751 757 quovis
774 718 922 757 pretextu
948 719 1003 746 aut
1031 713 1176 757 quaesito

438 768 546 801 colore
570 767 744 811 appellare,
772 767 821 800 vel
845 767 885 800 ad
910 766 964 800 illa
989 767 1173 809 confugere,

437 826 492 854 aut
505 831 541 854 ea
561 826 733 864 propterea
746 830 879 864 quoquo
897 820 994 854 modo
1015 819 1102 854 adire
1123 830 1178 853 au-

437 875 534 908 deant
553 874 601 908 vel
621 879 839 918 praesumant:
863 874 929 915 sed,
952 874 978 908 si
995 884 1028 908 se
1049 884 1067 907 a
1085 884 1178 917 prae-

438 928 509 963 latis
540 928 667 972 gravari
698 929 932 972 praetendant,
968 928 1008 961 ad
1035 927 1177 972 priorem

438 983 621 1027 generalem
647 982 747 1027 ipsius
764 982 902 1023 Ordinis,
925 993 982 1016 seu
1000 981 1084 1015 illius
1104 992 1179 1025 pro-

438 1043 593 1072 tectorem
623 1042 678 1070 aut
710 1037 1017 1081 viee-protectorem
1051 1035 1084 1068 in
1114 1035 1177 1068 Ro-

439 1094 532 1126 mana
552 1091 658 1133 Curia,
687 1091 735 1124 vel
761 1091 801 1124 ad
825 1101 884 1124 nos
906 1090 971 1123 sive
996 1090 1177 1123 Romanum

438 1145 626 1179 Pontificem
645 1155 704 1189 pro
733 1150 878 1188 tempore
903 1143 1101 1183 existentem,
1124 1153 1177 1176 su-

438 1209 586 1243 premum
606 1198 639 1231 in
666 1197 805 1231 Ecclesia
832 1197 886 1231 Dei
917 1196 1069 1237 iudicem,
1098 1195 1179 1229 siout

439 1252 615 1296 antiquitus
639 1261 766 1295 semper
792 1251 896 1284 facere
921 1255 1174 1290 consueverunt,

439 1315 605 1340 recursum
620 1305 770 1345 habeant,
787 1305 872 1338 unde
893 1304 955 1337 illis
975 1303 1062 1337 brevi
1081 1313 1178 1336 manu

441 1360 561 1394 iustitia
586 1358 834 1392 ministrabitur.

484 1417 500 1457 g
521 1414 551 1447 3.
575 1413 723 1447 Volentes
743 1419 774 1447 et
796 1413 839 1445 ita
859 1412 1070 1451 declarantes,
1092 1411 1178 1455 quod

440 1468 560 1501 nedum
585 1467 662 1501 dicti
683 1466 809 1500 Ordinis
833 1466 997 1508 regulares
1021 1475 1178 1508 personae

440 1520 728 1560 contrafacientes,
743 1530 854 1553 verum
869 1519 965 1552 etiam
976 1529 1089 1552 eorum
1104 1528 1180 1561 quo-

442 1574 619 1607 modolibet
643 1573 763 1606 directe
788 1573 835 1605 vel
863 1572 1018 1605 indirecte
1040 1572 1179 1604 fautores

440 1632 469 1660 et
498 1627 698 1660 consultores
726 1626 855 1659 easdem
888 1635 1009 1669 poenas
1040 1634 1077 1658 eo
1111 1624 1179 1668 ipso

441 1679 573 1713 omnino
598 1679 774 1712 incurrant.
807 1679 1021 1712 Decernentes
1052 1677 1178 1710 irritum

441 1739 471 1767 et
492 1733 586 1766 inane
604 1732 758 1777 quiequid
778 1743 868 1765 secus
886 1742 982 1775 super
1000 1731 1049 1763 liis
1067 1741 1083 1763 a
1102 1740 1180 1774 quo-

441 1797 558 1831 quam,
592 1785 702 1830 quavis
733 1785 943 1825 auctoritate,
971 1783 1108 1817 scienter
1133 1782 1179 1815 vel

443 1840 637 1882 ignoranter,
666 1839 836 1882 eontigerit
855 1837 1015 1872 attentari.

486 1897 503 1937 g
524 1894 555 1927 li.
579 1894 648 1928 Non
673 1892 874 1926 obstantibus
899 1890 1180 1925 constitutionibus

443 1953 473 1981 et
486 1946 743 1981 ordinationibus
758 1945 952 1990 apostolicis,
961 1955 997 1978 ac
1007 1943 1180 1988 quibusviS,

443 2001 538 2035 etiam
565 2001 755 2040 iuramento,
784 1998 1030 2032 confirmatione
1055 2003 1181 2041 aposlo-

442 2054 503 2088 lica
534 2054 583 2088 vel
616 2053 726 2097 quavis
751 2052 902 2085 firmitate
923 2051 982 2085 alia
1007 2050 1177 2090 roboratis,

443 2108 565 2142 statutis
599 2114 630 2141 et
662 2105 970 2146 consuetudinibus,
1005 2103 1181 2148 privilegiis

443 2173 583 2207 quoque,
604 2161 736 2195 indultis
756 2172 793 2194 ac
812 2159 925 2194 litteris
946 2158 1129 2203 apostolicis
1150 2157 1181 2190 in

443 2216 640 2250 contrarium
665 2214 916 2259 praemissorum
937 2212 1182 2257 quomodolibet

444 2270 614 2310 concessis,
626 2267 824 2302 confirmatis
835 2273 865 2300 et
876 2266 1046 2300 innovatis.
1061 2265 1181 2305 Quibus

444 2323 604 2364 omnibus,
632 2333 744 2356 eorum
767 2328 904 2361 tenores,
932 2332 968 2354 ac
985 2320 1011 2353 si
1029 2320 1067 2354 de
1084 2319 1181 2353 verbo

444 2377 482 2410 ad
497 2377 630 2410 verbum
643 2375 899 2419 exprimerentur
910 2379 939 2407 et
952 2373 1182 2413 insererentur,

445 2429 665 2473 praesentibus
684 2439 743 2472 pro
763 2428 959 2462 sufficienter
977 2426 1133 2470 expressis
1151 2431 1182 2459 et

444 2482 570 2516 insertis
584 2482 749 2522 habentes,
767 2481 828 2514 illis
845 2481 923 2514 alias
936 2481 968 2513 in
988 2490 1046 2514 suo
1064 2480 1181 2513 robore

444 2536 680 2580 permansuris,
703 2535 763 2568 bac
788 2535 855 2568 vice
881 2535 1043 2568 dumtaxat
1072 2534 1111 2567 ad
1132 2534 1178 2566 el'-

445 2591 560 2622 sectum
576 2588 793 2633 praesentium
804 2587 985 2632 specialiter
995 2592 1024 2620 et
1036 2597 1182 2630 expresse

447 2642 650 2684 derogamus,
660 2642 859 2686 caeterisque
871 2640 1040 2675 contrariis
1051 2640 1183 2684 quibus-

449 2705 596 2738 cunique.

1010 288 1193 314 BULLARIUM
1212 288 1365 315 ROMANUM

1959 288 2009 314 An.
2025 287 2054 315 c.
2073 289 2138 317 1604

1254 339 1270 380 g
1291 337 1320 370 5.
1345 337 1498 371 Volumus
1523 341 1630 371 autem
1661 341 1696 370 ut
1725 337 1943 381 praesentium
2180 332 2181 335 ’

1210 390 1429 434 transumptis,
1457 390 1551 424 etiam
1573 390 1749 434 impressis,
1770 400 1868 424 manu
1887 400 1944 424 no-

1210 445 1280 478 tarii
1294 445 1415 489 publici
1429 444 1630 489 subscriptis,
1647 449 1678 478 et
1693 443 1797 487 sigillo
1811 444 1945 478 alicuius
2164 482 2179 486 Ἴ,

1209 508 1367 542 personae
1393 497 1426 530 in
1453 497 1609 540 dignitate
1630 497 1844 531 ecclesiastica
1864 507 1943 532 con·
2164 487 2175 534 «ξ

1209 551 1337 584 stitutae
1348 551 1491 592 munitis,
1503 551 1615 585 eadem
1628 561 1760 595 prorsus
1769 550 1850 585 fides
1863 551 1948 584 adhi-

1210 604 1341 645 beatur,
1366 615 1448 649 quae
1469 604 1546 648 ipsis
1566 604 1789 648 praesentibus
1809 604 1945 638 adhibe·

1210 663 1309 699 retur,
1333 658 1357 691 si
1379 658 1485 692 forent
1502 658 1662 692 exhibitae
1682 658 1729 691 vel
1751 663 1907 692 ostensae.

1253 711 1367 744 Datum
1391 712 1511 745 Romae
1536 712 1621 755 apud
1638 716 1784 745 sanctum
1806 711 1947 745 Marcum

1210 765 1269 798 sub
1290 765 1409 798 annulo
1430 764 1602 798 piscatoris
1619 765 1671 798 die
1688 776 1727 799 xx
1743 765 1944 809 septembris,

1212 829 1319 860 nnfflv,
1343 820 1550 863 pontificatus
1570 819 1682 861 nostri,
1709 829 1794 854 anno
1813 830 1881 854 xm.

1247 881 1305 909 Dat.
1327 881 1370 909 die
1390 882 1425 909 ⁶20
1444 886 1513 918 sept.
1539 882 1619 917 1604,
1641 890 1683 909 an.
1706 882 1798 918 pontif.
1820 888 1875 909 xm.

1959 349 2140 398 adamatam
2177 353 2180 362 ’

1501 1043 1652 1078 CCCLVII.
2155 1034 2194 1074 Ὗ.

1212 1140 1256 1175 Na
1279 1143 1348 1184 quis
1372 1142 1407 1174 in
1433 1141 1532 1175 Italia
1557 1142 1701 1176 habitum
1722 1146 1890 1176 externum
1908 1142 1951 1176 si-

1256 1194 1364 1227 milem
1389 1196 1418 1228 ct
1442 1205 1532 1238 quem
1555 1199 1678 1238 aestum
1707 1196 1825 1238 fratres
1848 1195 1950 1238 rosor·
2172 1197 2205 1241 ἢ

1256 1249 1338 1281 maci
1366 1257 1421 1281 scu
1445 1247 1633 1282 discalceata·
1658 1248 1792 1282 Ordinis
1816 1249 1951 1282 Ercmi-
2167 1238 2199 1287 Ti

1257 1305 1365 1334 {artam
1382 1300 1415 1333 S.
1436 1300 1621 1343 Auslustini,
1642 1301 1774 1344 deserat.
1800 1301 1828 1333 Ε
1833 1305 1843 1334 t
1859 1311 1951 1334 nemo

1257 1366 1296 1387 cz·
1312 1355 1389 1398 ipsis
1408 1355 1451 1387 ad
1465 1354 1568 1388 αἰίίωη
1587 1354 1743 1388 Ordinem
1757 1366 1851 1398 quum
1872 1355 1952 1389 Car·
2167 1346 2197 1395 ’ξ

1257 1409 1480 1441 tlmsianorum
1504 1412 1648 1441 transcat
1663 1408 1681 1441 ¹.
2155 1399 2198 1442 ’Υ

1413 1524 1546 1552 Clemens
1567 1525 1646 1559 Papa
1665 1525 1747 1557 vlu,

1354 1578 1390 1605 ad
1408 1577 1540 1605 futuram
1559 1577 1602 1606 rei
1623 1577 1805 1606 memoriam.
2179 1580 2190 1605 't
2206 1606 2207 1610 ,

1257 1676 1428 1709 Pastoralis
1448 1675 1545 1709 officii
1571 1675 1652 1709 ratio
1677 1675 1816 1720 postulat
1837 1681 1871 1709 ut
1895 1686 1948 1709 re-

1213 1730 1414 1772 ligiosorum,
1439 1730 1576 1763 maxime
1596 1729 1764 1763 strictioris
1782 1729 1953 1763 observan-

1214 1783 1292 1824 tiae,
1320 1783 1436 1827 quieti,
1463 1783 1623 1827 prosectui
1647 1783 1800 1827 bonoque
1828 1782 1953 1816 nomini
2101 1795 2103 1797 ¹
2172 1794 2195 1819 ςι

1214 1837 1369 1870 indefesse
1391 1837 1607 1870 consulamus.

1259 1893 1275 1933 ἓ
1295 1890 1323 1923 l.
1349 1891 1426 1925 Cum
1451 1890 1560 1932 igitur,
1581 1890 1662 1924 sicut
1683 1889 1877 1933 accepimus,
1898 1889 1951 1922 lia-
1984 1901 2151 1933 canerem-0111-
2179 1919 2183 1921 ,

1215 1943 1293 1983 bitu,
1317 1953 1380 1987 qno
1402 1943 1508 1977 dilecti
1527 1943 1584 1975 filii
1605 1942 1746 1985 religiosi
1764 1942 1950 1985 Congrega-
1968 1930 2062 1951 ¹¹¹²¹⁰⁰¹²²
2176 1933 2190 1964 f

1215 1997 1310 2030 tionis
1334 1997 1364 2030 S.
1392 1996 1576 2039 Augustini,
1604 1996 1866 2029 Reformatorum
1898 2005 1954 2029 seu

1214 2050 1483 2084 Discalceatorum
1508 2049 1696 2092 nuncupati,
1719 2054 1864 2090 utuntur,
1883 2049 1954 2093 plu-

1215 2113 1265 2137 res
1290 2109 1378 2136 extra
1409 2113 1479 2136 eam
1511 2102 1615 2136 induti
1647 2101 1892 2143 confusionem,
1924 2107 1955 2135 et

1214 2156 1332 2201 aliqui²
1349 2155 1444 2190 etiam
1461 2155 1648 2189 scandalum
1668 2155 1700 2188 in
1716 2154 1953 2199 praeiudicium

1214 2210 1399 2254 praedictae
1419 2208 1683 2252 Congregationis
1708 2212 1862 2251 generent
1871 2219 1879 2248 ;
2174 2238 2186 2248 Α

1259 2266 1275 2307 g
1297 2263 1326 2296 ⁶2.
1350 2264 1424 2304 Nos,
1447 2268 1483 2296 ut
1498 2263 1577 2296 haee
1594 2267 1625 2296 et
1645 2261 1707 2295 alia
1726 2260 1951 2295 inconvenienv
1994 2271 2154 2304 aemunitas
2172 2256 2191 2287 ’3-

1217 2318 1258 2351 tia
1283 2317 1415 2351 omnino
1441 2316 1609 2357 evitentur,
1638 2320 1819 2359 opportune
1847 2314 1954 2358 provi·
1969 2307 2010 2328 ‘¹¹¹³
2025 2306 2046 2321 ¹¹¹
2060 2299 2152 2320 ‘um-'⁶³'

1215 2372 1290 2405 dere
1308 2371 1461 2411 volentes,
1483 2375 1572 2403 motu
1591 2368 1738 2413 proprio,
1759 2373 1790 2401 et
1810 2378 1848 2401 ex
1869 2370 1956 2401 certa

1214 2423 1346 2457 scientia
1370 2426 1490 2463 nostra,
1518 2433 1554 2456 ac
1579 2422 1618 2455 de
1642 2420 1836 2465 apostolicae
1857 2425 1951 2464 pote-

1993 1690 2134 1712 Prooemium·
2173 1707 2181 1714 .

2171 2338 2195 2375 y..

2172 2394 2189 2427 I*

1251 2567 1260 2593 1
1286 2566 1322 2593 De
1341 2569 1397 2593 toto
1417 2565 1515 2593 Ordine
1535 2564 1714 2592 Eremitarum
1734 2563 1794 2590 vide
1808 2563 1834 2590 in
1850 2562 1953 2590 Consti-

1215 2615 1264 2639 tut.
1286 2617 1359 2645 xxix,
1380 2610 1455 2637 Alex.
1477 2610 1520 2645 lv,
1542 2610 1642 2642 Licet„
1664 2611 1728 2635 tom.
1750 2616 1791 2642 ιιι,
1811 2616 1873 2643 pag.
1893 2607 1947 2634 635

1250 2656 1266 2682 2
1281 2656 1360 2682 Ball.
1379 2655 1442 2682 Ord.
1469 2654 1533 2690 legit
1555 2653 1656 2687 alicui,
1680 2657 1707 2680 et
1726 2652 1763 2679 sie
1783 2651 1847 2687 legit
1872 2651 1954 2679 etiam

1217 2700 1365 2728 Cherubini
1379 2702 1416 2735 (R.
1433 2699 1482 2734 τ.).
