2227 3241
265 284 314 314 An.
336 284 363 313 c.
382 285 450 314 ¹603
495 276 537 309 40

276 698 300 710 on
319 698 323 710 Ι
345 697 385 710 ΜΙΞ

262 720 336 738 tuentis
353 717 405 739 Vlll,

296 1251 438 1273 Cordubensis

257 1278 368 1304 episcopus
396 1278 439 1299 alia

256 1305 350 1325 eiusdem
357 1306 439 1330 generis

255 1332 383 1353 monasteria
390 1337 439 1352 cou-

267 2050 328 2070 Cal'ti.
343 2050 364 2070 S.
375 2051 439 2070 Sme-

254 2082 313 2096 rinae
336 2077 438 2097 Constitu-

254 2104 321 2122 tmnes
330 2109 400 2129 pronis
411 2103 438 2123 cs-

255 2129 335 2150 format.

280 2638 336 2660 luem
345 2639 440 2661 Clemens

462 334 627 369 monachis
651 340 681 368 et
705 333 867 378 praelatisy
892 343 1017 367 necnon
1038 333 1198 377 suffragiis

462 388 694 422 monachorum
720 387 888 427 laicorum,
917 387 971 431 qui
997 387 1051 421 illa
1076 388 1193 422 sunda-

461 447 581 482 verant,
599 441 630 474 in
645 441 829 474 universum
849 440 986 474 sublatis
1002 451 1062 484 pro
1081 443 1197 484 magna

461 500 560 538 parte,
588 493 718 537 quidam
742 503 779 527 ex
804 493 896 527 dictis
917 493 1133 528 visitatoribus
1154 495 1197 528 fe—

460 546 538 580 cerit
562 547 737 586 defervcre3

503 601 520 641 5
545 599 573 632 6.
603 599 694 638 Quod
719 598 804 632 idem
836 599 867 632 in
898 600 962 634 alio
994 600 1045 634 del
1069 602 1196 635 Tardon

376 644 443 683 ¹⁰⁰³ssss
460 652 654 693 contigisset,
676 652 735 685 nisi
757 652 864 686 divino
881 653 999 687 auxilio
1016 659 1047 687 et
1067 654 1195 697 piorum

459 706 692 739 monachorum
729 705 887 740 industria
923 712 1076 748 tueretur,
1115 707 1197 742 sieut

457 759 553 793 hodic
571 759 690 793 nostris
710 760 750 794 ad
767 760 799 794 id
823 760 936 794 litteris
960 771 1193 803 anno-mnxclx,

457 812 508 846 die
532 823 589 847 xm
621 813 823 854 decembris,
857 814 1064 858 pontificatus
1095 815 1195 850 nostri

456 876 540 899 anno
565 871 678 900 octavo
703 866 787 900 datis
816 867 954 911 (quibus
985 868 1045 901 sub
1065 879 1195 903 excom-

457 920 684 954 municationis
704 926 735 954 et
748 920 818 954 aliis
830 921 956 965 poenis,
978 932 1020 955 ne
1037 921 1114 956 dicti
1128 932 1196 956 mo—

456 973 586 1007 nasterii
622 973 803 1008 institutum
828 974 868 1008 de
892 975 1004 1010 labore
1039 985 1194 1010 manuum

455 1026 625 1071 impediri,
652 1037 760 1071 neque
784 1027 936 1062 monachi
961 1028 1002 1062 ad
1026 1028 1107 1063 illud
1137 1039 1194 1063 nc-

455 1080 584 1114 eessarii
609 1081 649 1114 ab
674 1080 744 1125 ipso
768 1081 889 1115 auferri
921 1093 978 1116 seu
1006 1082 1061 1116 alii
1086 1082 1192 1117 intro—

455 1134 529 1168 duci
548 1135 682 1179 possint,
703 1134 946 1179 interdiximus)
967 1135 1195 1171 inviolabiliter

456 1192 563 1222 tuetur
587 1193 618 1222 ct
641 1188 882 1230 conservatur¹;

499 1243 516 1285 5
542 1241 571 1276 7.
599 1242 677 1277 Cum
695 1247 865 1287 praeterea
889 1242 1021 1278 ultimus
1047 1254 1084 1277 ex
1101 1243 1195 1279 dictis

454 1295 736 1337 reformatoribus,
757 1307 776 1330 a
791 1296 910 1330 nostris
928 1297 1055 1332 nunciis
1074 1297 1193 1337 missis,

454 1349 625 1393 episcopus
643 1350 859 1384 Cordubensis
869 1360 934 1384 non
947 1350 1051 1384 solum
1072 1350 1194 1384 dictum

453 1402 647 1444 institutum,
674 1403 731 1437 sed
750 1408 783 1437 et
800 1403 960 1447 reliquam
983 1404 1192 1438 monasticam

453 1455 656 1500 disciplinam
682 1458 798 1499 magna
823 1466 859 1490 ex
878 1461 970 1500 parte
987 1456 1019 1490 in
1033 1457 1103 1490 aliis
1124 1467 1194 1491 mo-

452 1508 601 1543 nasteriis
633 1509 880 1550 labefactatam,
918 1520 1046 1544 necnon
1075 1510 1194 1544 multos

451 1563 522 1606 pios
540 1563 728 1605 monachos,
745 1563 800 1607 qui
818 1563 916 1605 illam,
931 1569 1088 1607 quantum
1107 1574 1194 1598 eom-

453 1617 548 1650 mode
572 1617 706 1661 possint,
727 1617 883 1661 optabant
900 1617 1082 1659 restituere,
1107 1628 1194 1651 com-

452 1669 610 1713 perisset3
642 1680 708 1703 non
737 1671 842 1703 solum
876 1671 997 1704 dictum
1031 1676 1193 1704 monaste-

453 1723 535 1757 rium
557 1724 608 1757 del
624 1725 763 1765 Tardon,
786 1724 875 1768 quod
895 1724 1014 1767 regulis
1034 1724 1063 1758 S.
1087 1724 1193 1758 Basilii

453 1777 554 1819 magis
578 1788 707 1821 semper
730 1777 887 1820 adhaesit,
910 1777 966 1811 sed
991 1783 1021 1810 et
1045 1778 1109 1811 alia
1130 1778 1194 1812 duo

452 1831 642 1873 assignavit,
667 1831 699 1864 in
724 1841 807 1875 quae
836 1842 869 1865 se
905 1831 1110 1875 reciperent,
1138 1831 1193 1876 qui

453 1884 608 1928 quasdam
641 1884 681 1918 ab
707 1884 776 1928 ipso
813 1884 960 1918 conditas
991 1884 1191 1926 strictiores,

453 1949 549 1982 quam
583 1944 698 1980 antea,
734 1938 980 1972 constitutiones
1018 1938 1194 1973 voluissent

454 1992 637 2025 observare:

499 2047 515 2087 ξ
536 2044 566 2078 8.
595 2045 681 2084 Quae
699 2045 831 2089 quidem
852 2045 1100 2079 constitutiones
1120 2056 1193 2079 cum

454 2098 558 2131 bonae
579 2098 756 2132 memoriae
772 2098 857 2132 Julio
875 2098 1016 2132 Antonio
1037 2098 1193 2132 cardinali

453 2151 483 2184 S.
511 2151 681 2185 Severinae
705 2158 904 2196 nuncupato,
931 2162 991 2196 pro
1016 2158 1092 2185 tunc
1109 2152 1194 2186 eius-

453 2204 526 2237 dem
556 2204 684 2238 Ordinis
715 2206 802 2249 apud
831 2215 890 2239 nos
921 2211 952 2239 et
976 2205 1193 2249 Apostolicam

452 2258 567 2291 Sedem
592 2259 779 2302 protectori,
804 2259 938 2292 minime
959 2259 1191 2303 probarentur,

453 2311 565 2345 iisdem
591 2312 725 2353 recisis,
761 2313 839 2346 alias
870 2323 969 2346 novas
1004 2312 1191 2353 constituit,

453 2375 531 2407 quas
556 2376 573 2398 a
598 2365 691 2398 nobis
725 2370 756 2399 et
787 2366 972 2409 Apostolica
996 2366 1078 2400 Sede
1101 2366 1195 2410 petiit

452 2417 650 2458 confirmari,
667 2417 748 2451 sicut
760 2418 799 2451 de
817 2418 902 2452 sacto
916 2419 1190 2461 confirmavimus,

454 2476 550 2512 prout
573 2480 609 2503 ex
634 2470 752 2504 nostris
772 2470 887 2504 litteris
911 2472 952 2504 ad
976 2472 1009 2505 id
1033 2472 1126 2513 datis,
1142 2472 1194 2506 die

454 2522 625 2556 undecima
657 2523 809 2555 februarii
840 2534 952 2564 nmen,
987 2524 1195 2567 pontificatus

1039 285 1221 310 BULLARIUM
1238 285 1390 312 ROMANUM

1232 388 1288 422 bili
1312 389 1400 422 fratri
1425 394 1537 422 nostro
1557 389 1686 423 Sanctio
1707 389 1859 434 episcopo
1878 391 1973 425 Gien-

1231 442 1321 476 nensi
1347 443 1587 483 commisimus,
1615 448 1712 486 prout
1736 443 1833 476 etiam
1857 444 1890 477 in
1918 445 1971 478 lit-

1233 495 1308 529 teris
1335 496 1374 529 ad
1396 496 1501 540 ipsum
1523 496 1637 530 eadem
1661 496 1715 530 die
1738 497 1821 531 datis
1845 497 1971 541 plenius

1232 549 1415 583 continetur
1428 548 1450 583 ¹:

1275 602 1355 646 ΜΟ.
1375 603 1489 638 Postea
1507 614 1594 645 vero,
1614 604 1768 648 cumipse
1787 604 1967 649 episcopus,
1985 620 2013 641 ex
2025 620 2170 641 nsnonnuuaz

1984 647 2090 668 moderari
2099 653 2170 668 mona-

1230 655 1313 689 sicut
1336 666 1372 689 ex
1397 656 1483 690 illius
1512 657 1628 691 litteris
1652 658 1847 702 accepimus,
1874 669 1972 703 super
1985 674 2048 694 „acm
2063 676 2143 700 petunt.

1232 709 1324 742 dictis
1349 710 1634 744 constitutionibus
1670 711 1867 755 exequendis
1897 721 1971 745 cum

1232 761 1399 796 monachis
1428 762 1536 796 multis
1560 763 1665 797 dictae
1693 763 1878 807 provinciae
1911 769 1972 798 tra—

1232 821 1357 857 ctasset,
1374 816 1441 849 sere
1464 826 1577 850 omnes
1597 816 1712 850 iisdem
1733 817 1970 859 contradixere,

1230 874 1326 913 atque
1340 869 1380 902 de
1393 869 1554 913 aliquibus
1567 869 1853 915 principalioribus
1867 871 1972 914 (prae-

1231 923 1325 967 cipue
1339 933 1403 967 qua
1415 928 1509 967 parte
1528 923 1696 957 monachis
1712 924 1803 958 laicis
1819 924 1973 968 suffragia

1231 982 1262 1010 et
1274 976 1520 1020 praecedentiae
1533 977 1681 1011 locorum
1699 977 1972 1020 concedebantur,

1230 1040 1359 1074 quaque
1383 1030 1530 1065 vestitum
1549 1040 1586 1064 ex
1604 1029 1703 1074 sajal,
1726 1036 1757 1064 et
1774 1031 1972 1066 excalceatos

1229 1083 1327 1128 pedes
1347 1083 1380 1117 in
1393 1083 1556 1128 aliquibus
1576 1083 1727 1118 domibus
1747 1084 1878 1126 deferri,
1897 1095 1972 1120 nec-

1229 1147 1295 1172 non
1334 1138 1554 1183 eleemosynas
1592 1144 1715 1182 petere,
1754 1138 1971 1182 confessiones

1229 1190 1445 1225 saecularium
1459 1191 1585 1233 audire,
1605 1196 1638 1225 et
1657 1191 1791 1225 verbum
1811 1192 1866 1228 Dei
1881 1197 1971 1227 extra

1228 1244 1376 1288 proprias
1396 1243 1547 1278 ecclesias
1564 1254 1676 1278 omnes
1686 1244 1876 1288 praedicare
1894 1256 1971 1290 pro-

1229 1297 1450 1340 hibebantur),
1477 1307 1575 1342 super
1604 1297 1723 1342 quibus
1747 1309 1765 1332 a
1789 1298 1883 1332 nobis
1907 1299 1971 1333 dis-

1229 1350 1370 1395 pensari,
1397 1355 1428 1384 et
1445 1349 1609 1384 contraria
1629 1351 1793 1392 constitui,
1818 1362 1855 1385 ae
1873 1362 1971 1396 super

1229 1404 1300 1437 aliis
1339 1402 1491 1437 omnibus
1530 1403 1717 1437 facultatem
1760 1404 1969 1449 dispensandi

1229 1457 1315 1491 dicto
1339 1457 1493 1501 episcopo
1518 1456 1677 1490 committi
1701 1458 1921 1501 postularunt:

1273 1511 1290 1552 ξ
1317 1509 1368 1543 11.
1396 1509 1458 1543 Nos
1483 1509 1581 1552 igitur
1601 1510 1802 1544 attendentes
1825 1521 1881 1544 eos
1901 1521 1968 1545 mo—

1228 1562 1361 1604 nachos,
1388 1562 1444 1606 qui
1470 1563 1544 1596 talia
1568 1567 1700 1607 petunt,
1728 1564 1912 1598 nullatenus
1936 1564 1969 1598 in
1984 1550 2167 1601 ῗὲίῗ,“ῗέἷιῖι“ἑέ”ἕῖ
2187 1575 2209 1596 ο

1982 1603 2055 1624 Basilii
2082 1603 2169 1624 iustitu-

1228 1615 1396 1650 vocatione
1422 1615 1621 1649 monachalis
1645 1616 1776 1658 regulae
1793 1616 1894 1650 sancti
1911 1618 1968 1651 Ba·
1982 1632 2032 1650 uun.

1227 1668 1302 1710 silii,
1330 1679 1394 1712 qua
1417 1668 1520 1702 vocati
1545 1674 1630 1710 sunt,
1658 1669 1739 1702 velle
1763 1679 1965 1713 permanere,

1227 1722 1282 1755 sed
1308 1721 1366 1754 sub
1393 1721 1497 1754 dictae
1523 1721 1655 1764 regulae
1673 1721 1871 1756 monachalis
1894 1733 1969 1767 pro-

1228 1774 1367 1809 fessione
1388 1774 1637 1808 Mendicantium
1659 1775 1841 1810 institutum
1861 1777 1966 1821 sequi,

1228 1835 1259 1862 et
1278 1829 1322 1862 ita
1339 1829 1371 1862 in
1391 1828 1529 1862 alienam
1550 1835 1690 1872 segetem
1709 1830 1797 1873 (cum
1819 1831 1969 1865 dominus

1228 1893 1293 1916 non
1318 1883 1442 1916 miserit
1467 1884 1535 1927 eos)
1561 1883 1676 1917 falcem
1698 1883 1826 1918 mittere
1844 1884 1970 1919 deside-

1229 1947 1312 1977 rare,
1329 1936 1574 1980 cupientesque,
1591 1942 1688 1981 atque
1707 1940 1818 1972 nostra
1834 1941 1970 1982 paterna

1228 1991 1447 2034 pastoralique
1472 1993 1548 2024 cura
1570 1991 1767 2033 affectantes,
1790 1992 1892 2027 sancti
1911 1993 1970 2027 Ba-

1228 2044 1290 2077 silii
1315 2044 1460 2086 regulam
1487 2055 1560 2077 cum
1592 2055 1651 2078 suo
1680 2045 1835 2079 laudabili
1860 2046 1900 2079 de
1924 2046 1970 2080 la-

1228 2097 1308 2131 bore
1333 2107 1489 2131 manuum
1525 2097 1672 2131 instituto
1697 2098 1729 2131 in
1754 2100 1812 2132 sua
1835 2099 1969 2144 propria

1228 2155 1260 2184 et
1283 2150 1447 2194 primitiva
1474 2156 1661 2184 sanctorum
1686 2151 1818 2185 Patrum
1856 2152 1968 2186 obser-

1228 2204 1334 2237 vantia
1358 2203 1495 2237 stabiliri
1521 2209 1552 2238 et
1576 2209 1734 2248 perpetuo
1765 2206 1964 2246 conservari,

1228 2257 1407 2301 peritorum
1422 2257 1453 2290 in
1467 2257 1528 2291 hac
1538 2263 1629 2301 parte
1642 2257 1784 2292 virorum
1799 2258 1846 2292 usi
1858 2261 1968 2302 opera,

1228 2311 1329 2345 dictas
1349 2311 1594 2346 constitutiones
1614 2311 1730 2345 iterum
1750 2312 1825 2346 satis
1843 2318 1968 2347 mature

1229 2363 1492 2406 examinavimus,
1521 2364 1716 2408 easdemque
1735 2374 1801 2398 non
1818 2365 1858 2398 ad
1882 2365 1968 2399 Men-

1229 2417 1419 2458 dicanfium,
1442 2422 1478 2451 ut
1500 2417 1682 2462 petebatur,
1713 2418 1769 2451 sed
1796 2418 1835 2451 ad
1856 2429 1967 2452 verum

1229 2471 1361 2514 regulae
1391 2470 1493 2504 sancti
1524 2470 1631 2504 Basilii
1661 2470 1743 2504 vitae
1768 2472 1966 2516 contempla-

1230 2524 1310 2558 tivae
1331 2529 1362 2558 et
1380 2524 1578 2558 monachalis
1601 2524 1788 2568 laborisque
1812 2535 1967 2559 manuum

455 2575 554 2607 nostri
579 2585 663 2609 anno
684 2576 868 2617 undecimo,
892 2577 986 2610 latius
1005 2578 1191 2621 apparebit:
1229 2577 1412 2612 institutum
1451 2577 1634 2621 (quatenus
1675 2577 1724 2611 his
1767 2578 1968 2622 temporibus

499 2626 557 2668 ἐξ).
575 2627 715 2666 Quarum
729 2629 989 2673 exequutionem,
1003 2640 1075 2662 cum
1087 2631 1195 2664 multis

494 2690 502 2715 1
527 2688 581 2716 Hae
597 2689 690 2718 literae
705 2699 812 2727 quoque
826 2700 841 2719 a
856 2692 931 2720 Bzcll.
950 2691 1048 2722 desunt
1062 2692 1099 2728 (a.
1117 2692 1165 2728 r.).

1270 2649 1278 2675 1
1301 2648 1354 2675 Has
1373 2648 1464 2675 literas
1479 2651 1506 2675 et
1520 2647 1671 2683 praedictas
1691 2648 1742 2675 suh
1762 2648 1806 2676 die
1826 2649 1968 2678 undecima

1229 2692 1307 2720 Febr.
1327 2692 1393 2722 1602
1407 2691 1434 2720 in
1448 2692 1484 2720 M.
1503 2691 1580 2720 Bull.
1598 2700 1652 2720 non
1667 2692 1818 2735 reperimus
1832 2693 1870 2729 (R.
1886 2694 1933 2728 τ.).

1986 290 2034 316 An.
2055 291 2086 317 C.
2103 290 2171 318 1603

1232 335 1302 369 aliis
1322 335 1535 379 potestatibus
1553 341 1584 369 et
1600 335 1818 377 facultatibus,
1838 347 1971 371 venera·
1987 358 2059 372 aarum
2079 358 2170 379 exequu-

1986 379 2063 399 tionem
2070 379 2170 405 episcopo

1987 405 2100 434 Giennensi
2116 411 2171 427 eom-

1986 434 2051 452 misit..

2023 1523 2119 1544 Clemens
2135 1529 2167 1544 rc-
