2227 3241
176 1618 179 1621 -
216 1606 402 1628 tumueresseta-
435 1623 440 1627 .

217 301 265 327 An.
282 300 310 328 c.
333 299 399 327 1608
446 289 509 323 50⁹2
988 297 1170 322 nummatum
1190 296 1342 321 normann
1938 297 1986 325 An.
2003 296 2032 325 c.
2054 296 2121 325 ¹60ss

420 346 568 380 triarehis
588 352 617 379 et
643 345 810 389 episcopis,
846 345 940 378 etiam
973 345 1155 388 provinciae
1171 347 1173 403 l
1190 351 1217 378 et
1239 345 1277 378 ad
1299 344 1360 378 hoc
1389 354 1504 377 munus
1530 344 1715 378 obeundum
1737 355 1755 378 a
1774 345 1838 379 suis
1859 355 1925 380 ma-

418 400 535 433 Chinae
556 405 585 432 et
605 399 742 443 Iaponis,
775 399 833 432 sub
860 399 1020 432 interdicti
1049 399 1151 432 eccle-
1171 398 1316 448 :gistris‚
1355 398 1507 431 ministris
1527 398 1585 438 ‚vel
1625 398 1787 442 prioribus
1822 409 1921 442 gene-

416 452 532 486 siastici
563 458 590 485 et
623 452 841 496 suspensionis
866 453 904 485 :th
932 452 1074 495 ingressu
1105 451 1310 502 ee-‚iralihus
1344 461 1397 484 seu
1432 451 1501 483 aliis
1532 451 1753 494 superioribus
1778 451 1871 485 electi
1895 456 1926 486 et

416 505 530 538 etesiae
563 511 588 537 et
624 505 857 548 pontificalium
889 505 1057 543 exercitio,
1086 504 1369 547 aliislapprobati,
1391 509 1454 537 tam
1479 505 1517 538 ad
1544 504 1709 548 laponicas
1733 504 1922 548 praedictas,

418 568 492 591 vero
517 558 758 598 sacerdotibus,
783 559 907 592 clericis
939 565 969 592 et
1001 558 1154 591 ministris
1170 544 1172 588 l
1189 567 1285 601 quam
1323 557 1361 590 ad
1388 557 1465 590 alias
1489 557 1650 600 proximas
1675 563 1704 591 et
1729 557 1923 598 adiacentes,

415 611 657 651 ecclesiasticis,
703 617 765 644 tam
806 611 1026 645 saecularibus
1056 607 1283 659 quam'Zetiam
1307 610 1423 644 Cbinae
1451 617 1478 644 et
1509 611 1720 644 finitimorum
1752 620 1926 654 regnorum

415 663 552 697 cuiusvis
572 664 698 698 Ordinis
725 665 945 707 regularibus,
971 665 1153 698 cuiuscum-
1171 685 1172 709 t
1189 670 1215 698 et
1230 665 1460 698 Terraelirmae
1474 665 1582 698 lndiae
1599 664 1780 705 Orientalis‚
1797 664 1926 706 insulas,

415 727 477 760 que
501 722 622 758 status,
651 718 769 760 gradus
795 724 825 751 et
850 718 1043 752 conditionis
1068 718 1151 752 exis·
1171 711 1172 733 ³
1190 719 1336 761 regiones
1357 724 1387 751 et
1413 718 1593 762 provincias
1611 719 1762 752 accedere
1782 723 1922 763 possent.

414 775 536 810 terent,
565 771 624 803 sub
658 771 999 805 excommunicationis
1025 771 1155 805 maioris
1171 792 1173 818 ζ
1189 772 1353 804 Caeterum
1387 771 1537 805 omnibus
1558 777 1587 805 et
1611 771 1744 814 singulis
1768 770 1926 814 religiosis

412 822 525 865 poenis
544 823 611 866 ipso
631 824 712 857 sacto
743 824 966 866 incurrendis,
991 824 1151 858 interdixit
1171 837 1173 871 J
1190 825 1421 868 cuiuscumque
1441 830 1550 866 status,
1575 825 1692 867 gradus
1707 852 1714 865 ‚
1728 851 1731 853 >
1747 824 1870 858 ordinis
1897 829 1927 858 et

414 881 444 909 et
468 875 629 916 inhibuit,
659 887 698 910 ne
728 878 767 911 ad
794 878 921 911 easdem
950 878 1097 920 regiones
1126 882 1153 911 et
1190 878 1383 912 conditionis
1405 883 1519 919 essent,
1543 878 1601 911 sub
1622 877 1927 912 excommunicatio-

412 929 592 972 provincias
620 930 798 973 laponims,
831 931 991 974 Evangelii
1022 932 1149 975 praedi-
1171 965 1172 972 χ
1190 931 1237 964 nis
1252 931 1392 972 maioris,
1408 942 1424 964 a
1439 942 1500 976 qua
1514 931 1642 965 nonnisi
1656 942 1673 964 a
1687 932 1832 965 Romano
1846 931 1928 965 Pon-

414 982 505 1015 eandi
531 982 577 1015 vel
592 983 775 1016 Doctrinam
791 984 1000 1018 Christianam
1017 985 1153 1018 docendi
1171 975 1172 998 ³
1191 984 1285 1025 tifiee,
1310 990 1536 1029 praeterquam
1567 985 1598 1018 in
1625 985 1738 1019 mortis
1765 985 1924 1027 articulo,

413 1041 467 1068 aut
491 1042 691 1069 sacramenta
706 1037 909 1071 ministrandi
931 1038 1031 1071 aliave
1046 1039 1155 1071 inunia
1171 1042 1172 1074 t
1190 1035 1309 1068 absolvi
1332 1041 1472 1079 possent,
1495 1046 1620 1069 necnon
1640 1036 1829 1080 privationis
1842 1036 1927 1070 vocis

413 1089 626 1124 ecelesiastica
647 1091 787 1124 obeundi
822 1094 927 1127 eausa.
949 1092 1016 1125 sine
1042 1095 1097 1125 sua
1125 1098 1152 1125 et
1189 1094 1252 1122 tam
1274 1089 1393 1122 activae
1422 1099 1517 1132 quam
1539 1089 1701 1133 passivae,
1725 1100 1762 1123 ae
1783 1089 1924 1132 dignita-

412 1142 502 1175 Sedis
522 1143 725 1186 Apostolicae
752 1146 899 1188 expressa
926 1145 1052 1178 lieentia
1074 1140 1172 1189 pro-¹¹
1190 1147 1267 1183 tum,
1281 1142 1595 1175 administrationum
1610 1142 1834 1176 etosficiorum
1849 1153 1928 1187 quo-

414 1194 510 1229 ficisci
532 1197 698 1230 auderem,
1189 1206 1412 1239 rumeunique,
1423 1206 1547 1229 necnon
1562 1196 1770 1243 inhabilitatis
1780 1197 1820 1244 ad
1831 1196 1885 1230 itta
1898 1203 1927 1230 et

459 1250 476 1291 S
502 1249 531 1282 2.
570 1250 779 1283 Postmodum
817 1257 923 1285 autem
965 1253 1154 1286 recolendae
1189 1249 1250 1282 alia
1271 1250 1480 1293 imposterum
1500 1250 1674 1284 obtinenda
1687 1260 1724 1284 ao
1738 1251 1928 1292 exercenda,

415 1303 591 1336 memoriae
608 1304 753 1337 Clemens
773 1306 857 1349 Papa
887 1305 974 1346 vlll,
1007 1293 1300 1351 similiter-{poenis
1323 1303 1390 1346 ipso
1421 1304 1502 1337 sacto
1534 1303 1654 1347 absque
1685 1304 1748 1337 ulla
1781 1304 1926 1338 deelara-
1975 1317 1979 1320 ¹

242 1368 336 1389 emmens
352 1366 398 1396 rin
415 1357 642 1399 praedecessor
668 1364 788 1399 noster,
816 1365 958 1402 accepto,
982 1360 1067 1403 quod
1092 1365 1153 1392 tam
1172 1360 1173 1400 ζ
1191 1356 1276 1390 tione
1298 1357 1512 1398 incurrendis,
1526 1357 1689 1390 interdixit
1704 1363 1735 1390 et
1747 1357 1924 1402 prohibuit,

214 1395 400 1446 ἓῗζῗιέἒῗίἶῗῖἳᾞέ
416 1409 535 1443 Chinae
557 1416 588 1444 et
615 1412 781 1455 lupellum,
806 1423 900 1456 quam
922 1413 1002 1446 aliae
1024 1413 1084 1446 illis
1106 1414 1151 1446 vi-
1172 1401 1228 1443 lne
1250 1421 1284 1443 ex
1304 1410 1415 1443 insulis
1431 1410 1621 1454 Philippinis
1641 1411 1843 1455 nuncupatis,
1861 1411 1927 1446 'sive

1190 1463 1330 1507 qualibet
1364 1463 1423 1496 alia
1456 1463 1620 1497 Indiarum
1649 1463 1924 1505 Occidentalium,

216 1447 401 1495 ῧῗῗῖἓῗιὲιᾞῗίῖι-’Ᾰῖ
417 1463 507 1496 cinae
529 1470 555 1497 et
580 1464 761 1499 adiacentes
790 1465 933 1507 insulae,
959 1466 1105 1509 regiones
1126 1473 1153 1500 et

1172 1513 1173 1522 ¹
1189 1517 1235 1548 vel
1258 1527 1339 1560 quae
1353 1527 1412 1560 pro
1432 1517 1577 1560 partibus
1595 1517 1759 1550 Indiarum
1774 1517 1928 1552 Occiden-

1171 1568 1300 1603 >¹talium
1330 1577 1403 1604 tune
1433 1571 1645 1613 habebantur,
1671 1577 1760 1615 parte
1789 1572 1828 1606 ad
1858 1571 1927 1605 illas

215 1501 235 1521 di
251 1501 350 1521 facultate
366 1499 401 1519 de-
500 1516 505 1521 .
555 1517 560 1522 .
742 1518 747 1523 .
768 1518 772 1523 .
1032 1520 1036 1524 .

215 1527 280 1547 nrm-n
296 1527 322 1547 ab
343 1527 401 1547 hisce
417 1527 613 1559 provmciae,
637 1528 672 1551 ac
694 1518 829 1551 finitima
854 1530 951 1561 regna
970 1520 1078 1553 Indiae
1099 1519 1155 1553 Oc-

1189 1623 1390 1666 pertinente‚
1415 1622 1468 1656 ad*
1502 1624 1664 1668 laponicas
1697 1630 1727 1658 et
1757 1625 1835 1658 alias
1867 1624 1927 1659 illis

216 1559 402 1601 fflsssstssffi‘llilffi
418 1569 599 1603 eidentalis’
615 1571 811 1614 atnplissima
825 1577 851 1604 et
868 1572 994 1615 populis
1016 1573 1155 1606 refertis-

219 1634 323 1656 cienaum.
416 1633 496 1655 sima
514 1629 615 1664 erant,
640 1630 669 1656 et
689 1634 747 1668 pro
768 1627 852 1657 tanta
871 1625 1050 1658 animarum
1074 1628 1154 1659 mul-
1171 1634 1172 1657 t

417 1677 554 1711 titudine
568 1678 607 1711 ad
622 1678 717 1711 sidem
734 1679 922 1712 catholicam
945 1680 1151 1721 traducenda,

417 1734 446 1762 et
467 1730 686 1774 spiritualibus
716 1731 875 1765 alimentis
901 1733 1057 1770 fovenda,
1086 1734 1154 1776 plu-

415 1793 465 1815 res
485 1783 624 1827 operarii
640 1794 674 1817 ac
695 1784 831 1818 ministri
853 1786 1022 1819 necessarii
1049 1792 1150 1825 erant,
1170 1795 1172 1817 1

415 1846 510 1879 quam
532 1847 567 1870 ex
587 1837 653 1870 sola
672 1837 895 1880 religiosorum
915 1838 1071 1872 Societate
1086 1840 1153 1872 lesu

415 1888 525 1922 haberi
539 1894 698 1934 poterant,
715 1891 865 1924 omnihus
880 1897 907 1925 et
922 1891 1055 1934 singulis
1070 1893 1154 1925 Men-

416 1942 590 1976 dicantinm
624 1944 777 1977 Ordinum
806 1945 965 1986 magistris
984 1956 1040 1978 seu
1060 1945 1149 1989 prio-

417 1995 505 2029 ribus
534 1997 737 2039 generalibus
764 2003 837 2031 tunc
868 2004 897 2030 et
922 2009 980 2042 pro
1010 2005 1153 2043 tempore

416 2049 624 2083 existentibus
649 2051 798 2092 indulsit,
822 2057 867 2092 ut,
885 2063 955 2085 cum
983 2053 1171 2086 Ilffl‘CSSllssSt

414 2103 617 2146 postulasset,
641 2105 801 2148 quoslibet
816 2105 944 2139 Ordinis
963 2106 1009 2139 sui
1031 2113 1153 2150 specta-

416 2161 465 2190 tae
493 2157 573 2190 vitae
599 2163 628 2190 et
656 2158 846 2191 eruditionis
873 2160 1049 2201 religioso&
1074 2170 1153 2204 quos

415 2209 566 2243 nimirum
593 2211 631 2243 ad
656 2211 819 2255 praedicta
851 2212 957 2246 officia
987 2219 1017 2246 et
1042 2214 1152 2247 minis-

416 2262 495 2296 teria
526 2263 658 2297 idoneos
694 2269 722 2296 et
754 2265 846 2298 utiles
868 2266 934 2299 sore
960 2266 989 2299 in
1016 2267 1170 2300 Domino*

417 2315 604 2356 iudicarent,
635 2326 692 2359 per
721 2317 914 2350 Lusitaniam
941 2319 1100 2353 dumtaxat
1124 2326 1151 2353 et

414 2364 560 2412 suscepta
581 2368 654 2401 inde
686 2369 909 2412 navigatione,
942 2371 971 2404 in
999 2372 1102 2405 lndias
1124 2378 1170 2419 ot,

416 2420 572 2454 civitatem
587 2421 785 2455 Goanensem
802 2429 897 2466 atque
915 2424 953 2455 ad
968 2424 1151 2467 superiores
1168 2420 1170 2439 Ι

415 2473 569 2508 Ordinum
586 2475 616 2507 in
632 2475 692 2508 illis
706 2475 850 2519 partibus
869 2477 1038 2510 existentes
1053 2473 1169 2511 trans-¹

416 2526 552 2568 mittere,
581 2533 611 2561 et
640 2534 701 2561 tam
733 2529 790 2572 ipsi
823 2529 867 2562 sic
891 2531 1148 2571 transmittendi,

416 2590 511 2622 quam
533 2580 585 2613 alii
607 2581 811 2625 superiorum
833 2582 987 2616 Ordinum
1010 2583 1150 2626 religiosi

417 2631 447 2664 in
469 2633 586 2667 eisdem
612 2635 773 2668 indiarum
796 2636 940 2679 partibus
965 2637 1148 2677 existentes,

452 2696 465 2721 t
487 2696 627 2724 videretur
643 2699 730 2733 potius
748 2699 889 2733 legendum
902 2699 1102 2734 Orientali-5111.
1114 2702 1149 2734 T).
1168 2705 1169 2710 ¹

1190 1677 1351 1720 proximas
1372 1677 1553 1710 adiacentes
1573 1683 1601 1710 et
1622 1677 1773 1711 finitimas
1794 1678 1924 1720 insul‘as,

1189 1730 1369 1774 provincias
1394 1737 1421 1763 et
1444 1731 1591 1771 regiones
1615 1731 1796 1774 praedictas
1816 1732 1925 1775 (etiam

1189 1794 1469 1827 quortum··umque
1514 1784 1755 1827 privilegiorum
1794 1784 1838 1818 eis
1878 1785 1926 1819 vel

1188 1837 1252 1870 suis
1272 1837 1445 1871 Ordinibus
1470 1848 1486 1869 a
1514 1837 1599 1870 dicto
1625 1837 1788 1872 Clemente
1813 1845 1842 1872 et
1865 1838 1928 1872 Ro-

1189 1891 1290 1923 manis
1311 1889 1519 1924 Pontificibus
1542 1891 1842 1934 praedecessoribus
1861 1891 1926 1926 suis

1187 1945 1246 1977 sub
1275 1945 1532 1988 quibuscumque
1561 1945 1724 1978 tenoribus
1745 1950 1773 1978 et
1796 1945 1923 1987 formis,

1189 1997 1218 2029 in
1241 2008 1357 2039 genere
1387 1997 1432 2030 vel
1459 1997 1489 2030 in
1510 1998 1627 2041 speeie,
1652 1998 1747 2031 etiam
1767 2008 1863 2042 super
1883 1998 1926 2032 fa-

1188 2052 1303 2085 cultate
1324 2051 1531 2095 praedicandi
1551 2051 1684 2085 verbum
1703 2051 1756 2086 Dei
1777 2062 1836 2096 per
1856 2052 1927 2085 uni-

1188 2116 1314 2138 versum
1338 2105 1513 2147 mundum7
1533 2107 1663 2138 eatenus
1683 2115 1922 2147 concessorum,

1187 2169 1241 2192 seu
1268 2159 1476 2203 imposterum
1508 2159 1602 2193 etiam
1628 2159 1921 2200 concedendorum,

1187 2213 1470 2257 approbandorum
1497 2218 1528 2246 et
1556 2213 1812 2247 innovandorum
1829 2240 1836 2254 ,
1864 2213 1923 2246 nisi

1188 2266 1218 2298 in
1238 2266 1298 2299 illis
1317 2266 1354 2299 de
1375 2266 1593 2310 prohibitione
1613 2266 1797 2300 huiusmodi
1817 2272 1848 2300 et
1870 2266 1920 2300 in-

1188 2319 1322 2352 terdicto
1351 2319 1515 2363 specialis,
1544 2319 1693 2364 specifica
1719 2325 1750 2353 et
1777 2329 1923 2364 expressa

1187 2372 1307 2405 mentio
1328 2383 1399 2405 eum
1419 2372 1588 2406 sufficienti
1603 2373 1809 2416 derogatiOne
1823 2372 1924 2412 fieret,

1186 2431 1239 2458 aut
1264 2425 1375 2469 quovis
1399 2426 1461 2458 alio
1480 2431 1642 2469 praetextu
1660 2431 1692 2459 et
1711 2425 1854 2470 quaesito
1872 2436 1924 2460 co-

1187 2479 1268 2522 lore)
1293 2478 1452 2522 proticisci
1471 2484 1502 2512 et
1532 2479 1666 2512 transire
1690 2472 1858 2512 auderent*
1875 2479 1922 2512 rel

1186 2537 1438 2575 praesumerent,
1463 2537 1490 2564 et
1512 2532 1537 2564 si
1559 2531 1612 2575 qui
1633 2533 1762 2565 eatenus
1790 2532 1836 2565 vel
1865 2531 1924 2564 im-

1185 2590 1348 2628 posterum
1361 2594 1452 2618 secus
1463 2585 1612 2623 facerent,
1626 2583 1923 2628 postquammoniti

1187 2643 1301 2678 essent,
1329 2637 1434 2671 statim
1460 2637 1519 2670 sub
1544 2638 1662 2671 eisdem
1688 2637 1810 2681 poenis,
1834 2638 1922 2670 omni

1224 2702 1232 2727 1
1256 2700 1326 2727 Edit.
1347 2699 1423 2727 ttain.
1448 2699 1537 2735 inepte
1552 2700 1616 2734 legit
1636 2703 1662 2727 ec
1675 2700 1712 2734 (n.
1733 2700 1780 2733 T.)-
