2227 3241
229 275 277 301 Ani
296 274 322 301 e.
348 274 412 301 ιῆω
460 264 523 297 >tw

1000 271 1182 296 BULLAntvM

1206 271 1360 296 ROMANUM

427 322 576 355 Castellac¹
593 321 622 352 in
638 319 774 353 comitiis
794 325 867 352 tunc
883 318 999 351 habitis
1017 319 1066 353 (ut
1086 329 1168 351 sum-
1183 319 1186 370 Ι
1202 325 1229 351 et
1252 318 1395 361 singulos
1424 319 1656 352 ecclesiasticos
1683 321 1722 353 ad
1752 320 1937 353 solvendam

426 380 499 418 ptus
520 373 717 406 necessarios
746 372 929 411 bellorum,
953 382 1036 416 quae
1063 372 1167 405 clarae

428 426 603 460 memoriae
629 425 794 470 Philippus
814 425 942 468 genitor
962 430 1032 458 tuus
1058 431 1167 458 contra

427 480 533 512 hostes
547 478 723 512 catholicae
740 478 813 517 fidei
829 478 935 521 gessit,
953 483 984 511 et
996 483 1048 511 tua
1060 478 1169 511 maies-

428 538 473 564 tas
486 531 578 574 gerit,
588 531 696 575 aliquo
710 530 852 564 subsidio
862 537 1044 575 opportune
1057 541 1169 575 suppe-

427 584 579 626 ditarent)
590 585 747 627 quaedam
760 583 1066 627 superadditionalia
1076 583 1169 616 servi-

428 637 467 669 tia
485 642 678 681 nuncupata,
691 636 783 681 quae¹
795 637 826 669 in
841 642 941 670 totum
956 636 995 669 ad
1008 646 1167 669 summam

427 690 537 723 decem
554 695 580 722 et
601 696 674 723 octo
693 689 873 723 millionum
890 699 1098 722 nummorum
1113 699 1168 722 au-

428 753 555 776 reorum
579 744 800 782 ascenderent,
819 743 857 775 ad
872 743 1058 776 sexennium
1074 743 1168 776 dura-

428 802 497 829 tura
514 807 610 840 super
622 796 696 829 vino
710 802 741 829 et
755 796 826 829 oleo
840 801 1002 839 praestare
1019 802 1168 839 prompte

427 849 598 889 obtulisse;
617 854 787 893 propterea
809 848 891 881 idem
910 847 1053 880 Clemens
1071 853 1105 880 ut
1124 848 1167 880 fa-

428 901 571 935 ciliorem
592 902 742 935 redderet
762 900 1002 945 praedictorum
1024 900 1186 934 servitio—v

427 965 497 987 rum
521 954 551 986 in
571 964 698 987 causam
722 953 887 997 religionis
904 952 1164 997 praestationem,
1184 973 1185 992 2

428 1007 658 1040 ecclesiasticas
684 1006 778 1039 etiam
806 1016 961 1051 personas
982 1005 1034 1039 illa
1058 1005 1167 1039 subire

427 1060 542 1100 voluit3
566 1071 603 1094 ae
617 1065 705 1093 motu
723 1059 790 1093 eius
807 1059 954 1104 proprio,
971 1069 1008 1092 ae
1026 1069 1061 1092 ex
1080 1060 1166 1091 certa
1183 1100 1185 1107 ,

427 1113 560 1147 scientia
585 1124 620 1147 ac
646 1116 769 1146 matura
796 1113 1030 1147 deliberatione
1055 1122 1167 1146 omnes

428 1172 458 1199 et
478 1167 620 1209 singulas
646 1166 878 1200 ecclesiasticas
903 1176 1073 1210 personas,
1103 1171 1165 1198 tarn

427 1221 607 1254 saeculares
632 1231 728 1264 quam
755 1219 892 1253 cuiusvis
912 1219 1007 1252 etiam
1029 1219 1166 1262 exempti

427 1273 554 1307 Ordinis
572 1274 746 1316 regulares,
765 1273 794 1306 iu
809 1273 930 1306 eisdem
948 1272 1055 1314 regnis
1074 1281 1164 1305 com-

429 1333 601 1364 morantes,
619 1327 657 1359 ad
676 1326 959 1366 contribuendum,
976 1331 1071 1369 prout
1086 1325 1168 1366 laici,

429 1381 458 1412 in
480 1381 572 1414 dictis
590 1381 738 1421 servitiis,
754 1387 780 1414 et
801 1381 839 1413 ad
857 1380 1045 1413 solvendum
1061 1379 1169 1422 gabel-

429 1435 490 1467 lam
521 1445 576 1468 seu
609 1434 729 1467 sisam²
749 1445 845 1478 super
876 1434 948 1467 vino
978 1439 1005 1467 et
1037 1433 1108 1466 oleo
1137 1433 1167 1465 in

428 1489 599 1532 praedietis
626 1488 731 1531 regnis
763 1488 951 1531 colligendis
984 1494 1014 1521 et
1046 1498 1164 1521 consu-

429 1542 553 1575 mendis
579 1542 822 1585 imponendam,
850 1552 906 1574 seu
933 1542 1038 1574 forsan
1065 1541 1168 1585 impo-

428 1595 530 1637 sitam,
541 1595 675 1629 durante
690 1595 775 1628 dicto
789 1595 949 1635 sexennio,
960 1600 990 1629 et
1000 1604 1062 1629 non
1075 1596 1167 1637 ultra,

430 1649 530 1681 teneri
553 1649 726 1689 man’davit,
750 1654 846 1692 prout
867 1649 898 1681 in
924 1645 990 1682 eius
1017 1649 1047 1682 in
1072 1641 1186 1682 similig

430 1703 530 1735 forma
552 1701 658 1735 Brevis
679 1701 833 1745 expeditis
851 1701 964 1735 litteris
977 1702 1035 1734 sul]
1058 1702 1166 1735 datum

430 1756 482 1789 die
502 1765 577 1789 xxm
600 1755 735 1788 ianuarii
765 1765 840 1789 tinet
867 1755 994 1799 plenius
1017 1755 1165 1789 contine-

432 1815 496 1842 tur:
520 1815 549 1842 et
570 1809 686 1842 deinde
708 1809 816 1853 quod,
849 1814 981 1852 accepto
1010 1808 1107 1842 etiam
1129 1809 1168 1842 ab

430 1864 543 1899 eodem
565 1863 737 1902 Clemente,
762 1863 794 1895 in
822 1862 960 1895 comitiis
987 1872 1043 1895 seu
1072 1862 1169 1895 curiis

430 1917 619 1950 corumdem
646 1925 820 1958 regnorum
847 1920 921 1948 tunc
944 1915 1089 1959 proxime
1115 1915 1170 1948 lia-

429 1969 514 2010 bitis,
531 1980 570 2002 ne
581 1969 717 2003 nimium
733 1969 843 2013 populi
856 1973 1066 2011 gravarentur
1078 1979 1170 2012 prae-

430 2023 566 2056 statione
586 2022 730 2065 gabellae
755 2033 810 2056 seu
835 2021 915 2055 sisae
936 2032 1033 2066 super
1048 2021 1122 2055 vino
1141 2027 1171 2055 et

431 2077 502 2110 oleo
523 2081 656 2115 tantum,
681 2076 720 2109 ad
742 2086 853 2109 carnes
874 2075 969 2109 etiam
997 2076 1027 2108 in
1049 2076 1168 2109 eisdem

432 2129 537 2172 regnis
566 2129 747 2162 vendendas
770 2129 833 2172 (ita
864 2134 969 2162 tamen
990 2134 1024 2161 ut
1044 2135 1170 2163 stimma

432 2184 542 2217 decem
565 2188 595 2216 ct
608 2188 681 2215 octo
696 2182 876 2215 millionum
892 2192 1101 2215 nummorum
1116 2194 1171 2216 au-

432 2247 561 2270 reorum
584 2236 673 2268 nullo
695 2236 791 2269 modo
809 2236 979 2278 cresceret)
1000 2236 1170 2270 extendere

433 2289 620 2329 decrevisse,
638 2289 757 2322 idcirco
771 2289 915 2323 Clemens
928 2289 1120 2333 praedictus,
1138 2295 1173 2323 ut

433 2343 558 2376 facilius
571 2342 666 2376 etiam
682 2347 764 2375 esset
777 2342 1065 2375 ecclesiastieorum
1081 2352 1170 2384 onus,

433 2396 528 2429 simili
549 2401 638 2429 motu
659 2394 791 2439 proprio
821 2405 856 2427 ac
877 2405 911 2427 ex
933 2396 1020 2428 certa
1039 2394 1172 2428 seientia

433 2461 469 2483 ac
480 2450 603 2482 matura
618 2447 1051 2492 deliberatione,praedictos
1061 2458 1172 2481 omnes

472 2541 480 2565 t
505 2539 579 2565 Hane
594 2546 687 2565 vocem
703 2545 779 2572 quae
798 2544 847 2564 nos
862 2536 986 2564 addimus
999 2537 1037 2572 (a.
1052 2536 1099 2571 aa).

468 2582 484 2609 2
504 2583 580 2616 Sisa,
597 2582 673 2617 Siza,
689 2582 765 2609 Sisia
785 2581 922 2616 impositio
934 2583 974 2607 est
985 2583 1012 2607 et
1026 2581 1172 2616 praestatio

435 2627 539 2654 tributi.
554 2627 623 2653 Vide
637 2627 674 2653 sis
698 2626 828 2660 Ducange
856 2633 941 2660 super
967 2625 1066 2652 relatas
1094 2634 1172 2653 voees

437 2672 470 2697 sn.
485 2671 531 2705 T.)⁴

1202 371 1359 413 gabellam
1388 382 1444 404 seu
1466 371 1560 404 sisam
1582 382 1679 416 super
1699 382 1795 405 carne
1816 373 1911 406 etiam
1930 400 1936 413 ‚

1204 423 1246 456 ita
1268 429 1373 457 tamen
1395 430 1429 457 ut
1452 434 1510 457 nec
1534 435 1660 458 summa
1685 425 1858 468 praedicta,
1882 436 1940 458 nec

1203 482 1329 520 tempus
1346 477 1487 510 sexennii
1508 483 1691 520 augeretur,
1708 487 1808 521 aeque
1826 487 1862 511 ac
1883 479 1940 511 lai-

1203 540 1256 563 cos
1277 530 1435 572 obligatos
1449 541 1517 564 esse
1534 531 1634 564 voluit
1651 537 1681 564 et
1701 531 1822 571 statuit,
1836 531 1940 564 decla-

1204 583 1304 616 rando
1326 588 1432 617 tamen
1455 585 1507 629 (ne
1528 583 1635 628 aliqua
1655 583 1832 617 iurisdictio
1852 584 1941 617 laicis
1986 621 1989 624 ,

1203 636 1233 669 in
1250 637 1492 677 ecclesiasticos,
1509 647 1565 670 seu
1579 637 1793 681 compellendi
1810 638 1941 670 facultas

1203 700 1353 723 concessa
1374 690 1571 732 censeretur)
1592 691 1679 734 quod
1700 700 1776 723 suae
1796 689 1943 723 intentio-

1203 743 1251 776 nis
1272 744 1374 777 fuerat
1406 750 1436 781 et
1468 749 1533 777 erat
1564 744 1651 787 quod
1682 749 1846 777 exactores
1877 754 1942 777 non

1202 801 1333 839 possent
1352 806 1410 839 per
1429 806 1462 829 se
1479 796 1565 840 ipsos
1594 801 1645 829 aut
1667 795 1746 829 alios
1763 796 1942 829 saeculares

1204 848 1367 881 ministros
1387 849 1442 882 sed
1470 848 1717 882 Ordinariorum
1751 848 1943 882 auctoritate

1203 901 1304 934 dictos
1328 901 1561 935 ecclesiasticos
1587 902 1782 946 compellere
1817 908 1942 935 et‘eos-

1203 954 1274 987 dem
1294 964 1401 987 coram
1417 955 1462 988 eis
1482 955 1668 988 convenire:
1687 954 1803 998 quihus
1821 954 1941 988 ideirco

1203 1007 1409 1040 mandaverat
1433 1013 1467 1041 ut
1493 1013 1605 1041 contra
1630 1007 1812 1052 praedictos
1837 1008 1942 1041 eccle-

1202 1059 1345 1094 siasticos
1366 1067 1551 1094 recusantes
1565 1062 1688 1095 solvere
1706 1061 1745 1095 ad
1759 1071 1943 1105 quamcum-

1202 1123 1264 1156 que
1284 1112 1463 1157 simplicem
1478 1115 1665 1148 eorumdem
1688 1119 1873 1148 exactorum
1895 1125 1943 1149 re-

1202 1165 1407 1210 quisitionem
1419 1167 1617 1212 exequutive‚
1630 1167 1717 1201 omni
1728 1159 1943 1211 appellatione

1202 1222 1344 1261 remota,
1369 1220 1561 1254 auctoritate
1585 1222 1641 1254 sua
1671 1221 1886 1265 procederent
1913 1226 1944 1254 ct

1203 1273 1447 1316 compellerent,
1468 1279 1563 1317 prout
1579 1273 1610 1305 in
1625 1273 1696 1306 aliis
1716 1273 1859 1306 eiusdem
1881 1273 1943 1307 Cle-

1203 1326 1318 1359 mentis
1339 1326 1451 1360 litteris
1473 1327 1504 1359 in
1524 1326 1619 1359 simili
1643 1327 1745 1360 forma
1761 1326 1868 1360 Brevis
1889 1337 1943 1359 ex-

1202 1380 1320 1424 peditis
1346 1380 1404 1413 sub
1423 1380 1533 1413 datum
1556 1381 1607 1414 die
1626 1391 1655 1414 xi
1677 1381 1802 1423 augusti
1822 1390 1940 1422 mucul,

1202 1434 1328 1477 plenius
1351 1433 1556 1474 continetur;
1580 1439 1611 1467 et
1639 1445 1749 1467 rursus
1770 1434 1875 1478 quod,
1899 1434 1944 1467 illi

1203 1487 1346 1531 exposito
1370 1487 1502 1520 nomine
1523 1487 1697 1521 maiestatis
1723 1494 1806 1529 tuae,
1830 1494 1943 1532 quate-

1203 1551 1262 1574 nus
1292 1540 1322 1573 in
1350 1540 1464 1574 ultimo
1490 1540 1583 1574 dietis
1611 1541 1751 1575 comitiis
1770 1552 1827 1575 seu
1848 1542 1944 1576 curiis

1203 1595 1399 1628 declaratum
1421 1594 1535 1635 fuerat,
1548 1595 1626 1628 utin
1645 1595 1729 1628 dicta
1750 1596 1875 1638 gabella
1888 1607 1944 1629 seu

1202 1648 1262 1681 sisa
1285 1647 1346 1680 vini
1368 1652 1395 1680 ct
1411 1647 1473 1680 olei
1488 1647 1694 1681 contribuere
1712 1649 1944 1683 deberentnon

1202 1701 1304 1734 solum
1317 1706 1458 1734 ementes
1473 1707 1502 1734 et
1520 1702 1703 1743 vendentes,
1719 1702 1774 1735 sed
1789 1702 1834 1735 illi
1848 1703 1943 1736 etiam

1203 1753 1258 1797 qui
1279 1753 1332 1786 illa
1361 1753 1564 1797 perciperent
1593 1765 1628 1787 ex
1649 1755 1788 1799 propriis
1811 1756 1945 1789 terrenis

1204 1812 1259 1840 aut
1279 1817 1314 1840 ex
1340 1806 1499 1840 affictibus
1514 1834 1522 1847 ‚
1547 1813 1601 1840 aut
1625 1814 1771 1842 emerent
1793 1808 1825 1842 in
1847 1809 1917 1843 uvis
1932 1836 1940 1851 ,

1204 1865 1258 1893 aut
1275 1859 1375 1902 olivis,
1396 1870 1452 1893 seu
1473 1870 1509 1898 ex
1534 1860 1678 1902 decimis,
1707 1867 1762 1895 aut
1786 1862 1872 1896 dono
1896 1863 1944 1896 vel

1204 1914 1282 1948 alias
1299 1915 1411 1958 quovis
1431 1915 1494 1948 alio
1519 1915 1648 1948 redditu
1673 1916 1868 1960 acciperent,
1890 1917 1945 1950 lia-

1204 1968 1317 2001 berent
1337 1974 1368 2001 et
1388 1974 1613 2001 consumerent
1629 1968 1659 2001 in
1680 1969 1821 2013 propriis
1841 1970 1945 2003 domi-

1204 2022 1284 2063 hus,
1310 2026 1341 2054 et
1363 2031 1423 2065 pro
1449 2031 1507 2054 suo
1538 2027 1567 2054 et
1594 2021 1788 2055 familiarum
1813 2033 1944 2056 suarum

1204 2075 1325 2117 usibus,
1345 2080 1376 2108 et
1393 2085 1457 2108 non
1478 2075 1581 2108 solum
1609 2075 1647 2108 de
1672 2075 1756 2123 vino,
1776 2076 1832 2109 sed
1849 2076 1944 2110 etiam

1206 2129 1245 2162 de
1266 2133 1382 2169 musto,
1402 2133 1520 2172 aquato
1539 2133 1568 2161 et
1588 2134 1679 2162 aceto
1700 2129 1942 2172 intelligeretur;

1206 2187 1237 2215 et
1256 2181 1402 2223 ulterius,
1418 2182 1506 2225 quod
1524 2181 1636 2215 eadem
1652 2182 1777 2224 gabella
1791 2193 1892 2226 usque
1905 2183 1945 2217 ad

1207 2234 1364 2277 integram
1387 2234 1584 2268 exactionem
1606 2234 1710 2268 dictae
1729 2245 1874 2269 summae
1891 2235 1946 2269 de-

1207 2298 1275 2322 cem
1297 2293 1328 2321 et
1352 2292 1424 2321 octo
1450 2287 1632 2320 millionum
1657 2298 1865 2322 nummorum
1891 2299 1946 2322 au-

1207 2351 1336 2375 reorum
1363 2340 1480 2373 durare
1505 2340 1652 2381 debere13
1681 2347 1712 2375 et
1735 2341 1844 2386 quod,
1872 2352 1943 2375 cum

1207 2394 1310 2428 dictae
1327 2393 1559 2427 declarationes
1574 2393 1604 2426 in
1619 2393 1762 2428 eiusdem
1774 2394 1946 2429 Clementis

1207 2447 1322 2481 litteris
1342 2443 1515 2491 praedictis
1532 2457 1699 2491 expressae
1719 2457 1784 2480 non
1805 2447 1947 2489 fuissent,

1207 2506 1260 2534 tua
1281 2500 1429 2534 maiestas
1448 2500 1488 2533 ad
1509 2500 1684 2534 tollendum
1703 2510 1832 2534 omnem
1854 2500 1947 2534 dubi-

1208 2554 1294 2588 tandi
1309 2553 1510 2588 occasionem
1524 2564 1583 2597 per
1593 2553 1792 2597 praedictum
1803 2554 1946 2587 Clemen-

1207 2613 1270 2640 tem
1291 2607 1404 2641 eadem
1430 2605 1587 2640 declarari
1608 2605 1768 2650 cupiebat,
1788 2616 1825 2640 ac
1849 2605 1944 2640 etiarn

1207 2665 1333 2705 tempus
1364 2659 1506 2694 sexennii
1538 2658 1663 2692 extendi
1693 2664 1724 2693 et
1756 2659 1942 2703 prorogari;

1950 271 1998 299 An.
2015 271 2044 299 c.
2067 270 2144 301 160⁷:

2021 971 2141 994 nannenten
2156 968 2173 997 ,,’

1958 1003 2007 1019 mm
2030 998 2057 1019 ὼ
2081 998 2175 1020 θωὺᾏ

1957 1024 2024 1045 uariis
2047 1024 2143 1047 locorum
2158 1034 2177 1046 a«,

1958 1051 2066 1072 dumtaxat
2079 1057 2142 1077 poss·
2177 1057 2179 1071 :

1958 1078 2063 1105 compone
2156 1079 2158 1081 ’
