2227 3241
1123 307 1164 312 ·—
1190 297 1234 321 XII
1271 307 1301 311 —

447 352 510 375 Edit.
535 353 606 374 'saun
978 349 1044 373 Edit.
1068 351 1139 373 Rom.

476 391 534 413 Toni
570 398 591 413 xi
926 390 994 412 Tom.
1020 396 1042 415 ν,
1063 392 1126 420 part.
1152 397 1178 413 ιιι

448 431 503 453 1ῑῖοῧ
658 431 700 453 VII
718 430 753 453 Ex
765 429 876 452 iniuncto
889 429 961 452 nobis
965 448 1109 454 ..........
1164 430 1178 452 7

475 471 486 479 '¹
647 469 701 492 VIII
718 470 786 496 Cum,
797 469 860 492 sicut
872 467 1024 500 accepimus,
1035 477 1117 500 nuper
1164 470 1178 491 9

668 510 700 531 IX
720 508 897 540 Exponinobis
910 508 991 532 fecisti
995 527 1108 532 ........
1151 509 1178 531 10

680 548 699 571 X
718 548 777 571 Cum
791 556 836 571 nos
848 547 923 571 hodie
933 566 1110 572 ............
1163 549 1179 571 8

668 589 700 610 XI
718 588 785 615 Cum,
797 588 860 612 sicut
872 588 1024 620 accepimus,
1036 588 1116 613 felicis
1150 589 1177 610 ll

654 629 697 651 XII
716 628 841 652 Perlatum
854 634 891 652 nst
904 630 934 653 ad
946 637 992 653 nos
997 647 1109 653 ........
1150 630 1179 652 12

641 668 698 691 XIII
715 668 785 695 Quod
797 677 878 700 nuper
887 688 1109 693 ...............
1150 670 1178 692 13

642 708 697 731 XIV
715 710 782 737 Cum,
806 709 871 733 sicut
893 710 1049 741 accepimus,
1073 710 1115 734 dr:-

747 749 833 772 functo
837 769 1108 774 ..................
1150 751 1176 773 14

656 788 698 810 XV
716 788 790 812 Cum.
812 789 875 813 sicut
899 790 1058 821 accepimus,
1084 798 1115 814 ex

747 828 833 859 regula
838 848 1107 853 ..................
1149 830 1178 853 15

640 868 696 890 XVI
713 868 739 890 In
753 876 822 892 sacra
835 869 902 892 Petri
915 869 980 892 Sede
994 888 1108 893 ........
1133 869 1177 892 130

629 906 695 930 XVII
712 908 748 931 Ex
760 908 873 931 iniuncto
886 909 958 932 nobis
963 928 1107 932 ..........
1148 909 1177 932 16

618 946 698 969 XVIII
714 946 827 971 Altitudo
846 948 947 972 divinae
962 967 1106 972 ..........
1149 949 1177 972 17

639 986 694 1008 XIX
714 987 826 1018 Superna
840 988 1030 1019 dispensatione
1041 1008 1108 1013 .....
1149 989 1177 1011 17

654 1027 697 1049 XX
715 1028 921 1052 Sanctissimus...
937 1036 995 1052 cum
1013 1037 1044 1052 ex
1056 1029 1113 1060 plu-

743 1068 812 1091 rimis
822 1088 997 1093 ............
1009 1088 1012 1090 -
1024 1088 1106 1093 ......
1148 1070 1177 1093 18

639 1107 696 1130 XXI
714 1107 751 1130 Ad
764 1108 891 1132 Ecclesiae
913 1109 1091 1132 militantis...
1101 1128 1106 1133 .
1148 1109 1177 1132 19

625 1147 695 1170 XXII
712 1149 733 1170 A
746 1148 910 1172 pontificatus
914 1168 1107 1173 .............
1146 1149 1177 1173 20

613 1186 695 1210 XXIII
712 1188 738 1210 In
752 1189 868 1212 maximis
871 1207 1107 1213 ................
1148 1189 1175 1213 21

617 1227 695 1250 XXIV
713 1228 781 1252 Inter
792 1229 954 1260 gravissimas
977 1249 1106 1255 .........
1146 1231 1176 1253 92

627 1267 694 1290 XXV
712 1268 780 1295 Cum,
796 1269 860 1293 sicut
873 1270 1024 1302 accepimus.
1048 1278 1112 1294 non-

743 1308 827 1332 nullae
837 1328 1106 1334 ..................
1146 1311 1176 1334 23

616 1347 697 1370 XXVI
712 1348 781 1371 Inter
793 1353 892 1373 caetera
897 1369 1106 1374 .............
1146 1351 1176 1373 94

603 1386 695 1410 XXVII
712 1388 848 1412 Pastoralis
859 1390 937 1413 nostri
954 1390 1075 1414 muneris.
1086 1409 1090 1414 ,
1102 1409 1106 1414 .
1147 1390 1176 1414 25

435 1423 493 1445 1600
589 1425 692 1449 XXVIII
709 1428 845 1452 Pastoralis
856 1429 935 1452 nostri
952 1430 1074 1454 muneris.
1086 1450 1089 1453 .
1101 1449 1105 1453 .
1146 1430 1176 1453 26

466 1464 477 1470 '¹
616 1466 693 1488 XXIX
712 1466 854 1498 Religiosos
867 1468 942 1492 viros.
957 1488 961 1492 .
979 1488 983 1492 .
999 1488 1003 1492 .
1021 1488 1025 1492 .
1044 1488 1048 1492 .
1063 1488 1067 1492 .
1083 1488 1088 1492 .
1106 1488 1110 1492 .
1162 1470 1175 1493 7

624 1506 691 1528 XXX
710 1507 830 1538 copiosus
853 1508 1068 1533 immisericordia.
1083 1529 1088 1533 .
1105 1529 1109 1533 .
1146 1510 1176 1533 28

612 1545 693 1568 XXXI
711 1547 779 1570 Inter
788 1551 902 1572 caeteras
916 1567 1110 1573 ..........
1145 1550 1175 1573 ΞΕ)

563 1597 565 1599 -
602 1585 694 1609 XXXII
710 1586 820 1611 Iniuncti
833 1588 905 1613 nobis
917 1608 1110 1614 ..........
1146 1590 1176 1614 30

588 1626 693 1649 XXXIII
709 1627 858 1658 Expositum
869 1630 942 1653 nobis
958 1649 1108 1654 ........
1145 1631 1173 1653 31

588 1666 691 1689 XXXIV
711 1668 799 1691 Vestra
812 1668 948 1699 singularis
959 1688 1109 1694 ........
1145 1671 1175 1694 32

598 1705 690 1729 XXXV
709 1707 736 1729 In
749 1707 872 1731 eminenti
877 1727 1109 1733 ............
1145 1711 1175 1733 33

590 1746 692 1769 XXXVI
710 1748 737 1770 In
750 1748 905 1779 apostolicae
918 1768 1108 1774 ..........
1145 1751 1173 1773 34

577 1786 693 1810 XXXVII
710 1788 818 1812 Iniuncti
830 1790 903 1813 nobis
917 1809 1110 1815 ..........
1145 1792 1175 1814 35

564 1826 692 1849 XXXVIII
708 1828 787 1852 Decet
799 1830 828 1852 R.
847 1830 935 1853 Pontis
937 1849 1108 1854 .........
1145 1832 1175 1854 36

590 1867 692 1890 XXXIX
711 1869 851 1893 Romanum
865 1871 938 1895 decet
956 1872 1048 1895 Pontif.
1064 1891 1068 1895 .
1105 1891 1109 1894 .
1145 1872 1174 1894 37

653 1909 694 1931 XL
710 1910 838 1934 Romanus
849 1911 968 1936 Pontifex
979 1930 1109 1935 .......
1145 1912 1175 1935 38

641 1949 694 1972 XLI
711 1950 789 1973 Decet
800 1952 872 1975 Rom.
892 1952 980 1975 Pontis
981 1970 1108 1975 .......
1145 1953 1174 1975 39

628 1989 693 2012 XLII
709 1990 867 2015 Praestantia
879 1991 982 2016 dilecti.
1000 2011 1004 2015 .
1021 2012 1025 2015 .
1041 2006 1048 2016 ,v
1064 2012 1068 2016 .
1085 2012 1088 2015 .
1104 2011 1108 2015 .
1144 1993 1174 2016 40

614 2029 691 2052 XLIII
710 2030 799 2054 Divina
811 2031 963 2063 disponente
976 2052 1108 2056 .......
1143 2034 1171 2056 41

620 2070 692 2093 XLIV
712 2071 738 2093 In
751 2072 948 2102 Superniinentis
959 2092 1108 2096 ........
1144 2074 1171 2096 41

629 2110 692 2132 XLV
710 2111 816 2134 Romani
829 2112 965 2141 Pontificis,
982 2113 1006 2136 in
1019 2121 1069 2144 quo
1083 2132 1087 2136 .
1103 2132 1106 2136 .
1143 2115 1173 2136 42

617 2148 692 2172 XLVI
712 2151 815 2175 Romani
834 2152 925 2175 Pontis.
951 2153 1112 2184 providentia
1143 2154 1174 2177 43

606 2188 692 2211 XLVII
712 2190 847 2214 Maiestatis
861 2195 918 2215 tuae
929 2193 955 2215 in
968 2200 1013 2215 nos
1024 2210 1109 2215 .....
1143 2193 1173 2215 44

593 2227 691 2250 XLVIII
712 2229 747 2252 Ad
760 2238 834 2254 aures
847 2234 944 2254 nostras
959 2250 1108 2255 ........
1144 2233 1174 2254 45

620 2266 694 2289 XLIX
713 2268 820 2291 Iniuncti
834 2270 905 2294 nobis
919 2289 1108 2294 ..........
1144 2271 1174 2293 46

677 2308 693 2329 I¹
712 2308 779 2332 Inter
790 2317 876 2332 ornnes
891 2310 955 2333 vitat:
979 2328 1107 2334 .......
1143 2311 1174 2333 47

665 2346 692 2368 LI
711 2348 837 2371 Romanus
850 2349 966 2372 Pontifex
982 2358 1011 2373 ea
1032 2350 1110 2373 inter-

744 2386 802 2409 (lum
816 2406 1108 2412 ...............
1144 2390 1174 2412 48

656 2426 695 2448 LII
717 2426 788 2450 Vices
800 2427 867 2451 illius
881 2447 1109 2452 ............
1145 2430 1174 2451 49

643 2465 694 2487 LIII
712 2466 750 2489 Ad
765 2467 855 2491 uberes
874 2486 961 2491 .....
967 2479 973 2486 ·
979 2487 1109 2492 .......
1146 2470 1175 2492 50

644 2504 696 2527 LIV
714 2507 774 2529 Cum
787 2506 848 2530 alias
860 2508 942 2531 felicis
959 2528 963 2531 .
980 2528 984 2531 .
1002 2527 1006 2532 .
1022 2528 1026 2532 .
1045 2527 1048 2531 .
1065 2528 1068 2532 .
1087 2528 1109 2532 ..
1146 2510 1173 2532 51

656 2545 695 2568 LV
714 2547 824 2571 Eximiae
837 2548 965 2572 fidelitatis
979 2567 1108 2572 .......
1145 2550 1175 2572 52

645 2585 696 2608 LVI
714 2586 821 2617 Regium
834 2587 958 2619 hospitale
963 2607 1110 2612 ........
1146 2589 1175 2612 53

635 2625 697 2648 LVII
714 2627 841 2651 Romanus
854 2628 968 2652 Pontifex
983 2628 1071 2652 fideles
1087 2648 1091 2652 .
1107 2648 1110 2652 .
1145 2630 1175 2651 511

621 2663 693 2686 LVIII
712 2666 780 2693 Quae
794 2667 923 2698 regulares
938 2687 1110 2692 .........
1145 2669 1174 2691 552

1772 346 1838 371 Edit.
1862 347 1934 371 Rom.

1729 387 1800 411 Tomy
1824 394 1848 413 v,
1862 391 1927 419 part.
1947 394 1973 410 111

1439 427 1490 449 LIX
1508 425 1657 449 Iamdudum
1677 444 1909 450 ............
1943 426 1974 450 58

1451 466 1492 488 LX
1512 466 1579 494 Cum,
1590 465 1655 489 sicut
1663 466 1814 497 accepimns,
1825 466 1911 490 dilecti
1943 467 1973 490 57

1441 507 1494 529 LXI
1511 506 1608 538 Exponi
1621 506 1694 530 nobis
1707 513 1789 538 nuper
1800 506 1866 530 fecit*
1883 525 1888 530 .
1904 525 1908 530 .
1943 508 1974 531 58

1232 347 1297 372 Edit.
1321 348 1395 371 Taur.

1263 389 1332 412 Toni.
1357 395 1380 411 xi

1233 428 1292 452 1606

1430 548 1494 570 LXII
1512 547 1671 579 Accepimus,
1686 547 1753 570 inter
1763 546 1812 570 alia
1822 565 1910 570 .....
1944 547 1974 571 59

1415 588 1493 611 LXIII
1511 588 1585 615 Cum,
1601 587 1666 611 sicut
1678 587 1834 618 accepimus,
1849 586 1912 610 alias
1944 587 1974 610 60

1234 629 1293 652 1607
1308 654 1311 657 ,
1416 628 1492 651 LXIV
1512 627 1622 652 Postulat
1634 627 1765 659 apostolici
1779 646 1909 651 .......
1944 627 1973 650 61

1264 671 1276 678 ”
1429 669 1494 692 LXV
1512 669 1581 693 Aliiis
1592 669 1658 693 sicut
1669 669 1813 700 accepimus
1822 687 1910 692 .....
1944 668 1975 691 62

1419 710 1494 732 LXVI
1513 709 1660 741 Expositum
1672 708 1746 733 nobis
1759 717 1846 740 nuper.
1864 727 1869 732 .
1885 726 1889 731 .
1905 727 1909 731 .
1944 708 1975 731 63

1404 750 1493 773 LXVII
1511 750 1659 777 Cunusicut
1672 749 1831 781 accepimus.
1848 756 1912 773 non-

1542 789 1605 813 nulli
1609 806 1910 812 ...............
1944 788 1975 810 64

1393 830 1493 852 LXVIII
1507 829 1633 856 Quoniam
1653 829 1779 853 novitates
1800 848 1804 852 .
1821 847 1825 852 .
1842 847 1846 852 .
1865 837 1869 841 ·
1884 846 1889 851 .
1904 846 1909 851 .
1944 827 1976 851 65

1414 869 1492 892 LXIX
1509 870 1626 900 Regnum
1645 869 1745 893 Siciliae
1759 886 1908 892 ........
1944 868 1975 891 66

1426 910 1493 932 LXX
1511 909 1585 933 Vices
1598 909 1672 937 illins,
1686 916 1847 941 quamquam.
1863 927 1867 931 .
1883 926 1888 931 .
1903 925 1910 932 .
1945 907 1975 930 67

1417 950 1494 972 LXXI
1511 950 1578 978 Cum¹
1593 949 1658 973 sicut
1669 949 1821 981 accepimus,
1834 948 1858 972 in
1871 956 1911 972 or-

1541 989 1600 1013 dine
1614 1006 1909 1013 ...............
1944 988 1974 1011 68

1404 1029 1494 1052 LXXII
1513 1030 1581 1056 Cum!
1596 1028 1662 1053 sicut
1673 1029 1827 1060 accepimus,
1848 1027 1912 1051 dile-

1542 1072 1597 1092 ctus
1616 1085 1908 1092 ...............
1944 1067 1974 1090 69
2009 1066 2015 1071 ’

1392 1109 1492 1131 LXXIII
1509 1109 1577 1132 Inter
1589 1112 1689 1133 caetera
1700 1108 1868 1132 christianae.
1884 1127 1888 1131 .
1905 1126 1910 1130 .
1944 1107 1975 1130 70

1394 1148 1494 1171 LXXIV
1512 1149 1580 1176 Cum,
1606 1149 1672 1172 sicut
1690 1148 1843 1180 accepimus,
1865 1155 1913 1172 nec

1539 1189 1594 1213 sine
1598 1206 1910 1212 ................
1944 1188 1972 1211 71

1403 1229 1492 1252 LXXV
1511 1229 1579 1256 Quae
1592 1229 1623 1252 ad
1635 1228 1812 1259 religiosorum
1821 1246 1910 1252 .....
1943 1228 1975 1250 72

1393 1268 1495 1292 LXXVI
1513 1269 1541 1291 In
1554 1268 1622 1292 beati
1634 1268 1703 1292 Petri
1716 1285 1910 1292 ..........
1944 1267 1975 1290 7³

1380 1309 1494 1331 LXXVII
1511 1307 1652 1339 Singularis
1664 1311 1723 1332 tuus
1736 1326 1741 1331 .
1757 1326 1761 1331 .
1777 1327 1782 1331 .
1796 1312 1807 1330 ἴ
1819 1325 1910 1330 .....
1944 1307 1975 1329 ’14

1367 1348 1493 1371 LXXVIII
1510 1347 1609 1379 Exponi
1620 1347 1692 1371 nobis
1705 1354 1788 1378 nuper
1795 1347 1913 1371 fecerunt
1945 1345 1976 1369 75

1391 1388 1493 1411 LXXIX
1510 1387 1579 1411 Alias
1591 1387 1673 1411 felicis
1676 1405 1908 1411 ............
1945 1385 1975 1408 76

1403 1429 1493 1451 LXXX
1511 1430 1579 1456 Cum,
1603 1427 1668 1452 sicut
1687 1427 1840 1459 accepimus,
1865 1426 1912 1450 ho-

1541 1468 1631 1500 spitale
1635 1485 1909 1492 ..............
1944 1466 1974 1490 77

1391 1509 1494 1531 LXXXI
1510 1508 1579 1532 Alias
1592 1516 1623 1532 ex
1635 1508 1718 1532 causis
1737 1526 1846 1532 ......
1863 1515 1868 1520 ’
1883 1526 1887 1530 .
1905 1525 1910 1530 .
1944 1506 1975 1530 ’78

1377 1549 1494 1571 LXXXII
1511 1547 1696 1579 Religiosorum
1717 1565 1910 1572 ..........
1945 1547 1975 1570 79

1367 1589 1493 1612 LXXXIII
1509 1588 1634 1616 Quoniam
1645 1587 1780 1620 multiplici
1798 1605 1910 1612 ......
1945 1586 1976 1610 80

1369 1629 1493 1651 LXXXIV
1511 1628 1637 1655 Quoniam
1649 1636 1724 1652 nemo
1736 1645 1909 1652 .........
1944 1627 1973 1650 81

1377 1669 1492 1692 LXXXV
1510 1668 1690 1700 Exponinobis
1703 1671 1747 1692 tua
1758 1687 1763 1692 .
1779 1686 1784 1692 .
1800 1673 1817 1691 .·
1820 1686 1908 1692 .....
1945 1667 1975 1692 82

1366 1709 1493 1732 LXXXVI
1509 1709 1547 1732 Ex
1558 1708 1655 1732 credito
1673 1725 1910 1732 ............
1944 1707 1975 1730 83

1354 1749 1493 1772 LXXXVII
1510 1749 1591 1772 Decet
1607 1749 1638 1772 R.
1656 1747 1749 1771 Pontis.
1780 1765 1910 1772 .......
1944 1747 1975 1770 84

1345 1788 1493 1811 LXXXVIII
1510 1789 1545 1811 Ex
1557 1795 1607 1820 quo
1620 1787 1706 1811 divina
1719 1805 1909 1811 ..........
1945 1787 1976 1810 85

1363 1828 1488 1851 LXXXIX
1507 1828 1643 1859 Cupientes
1653 1817 1869 1852 conssttutionem.
1885 1845 1890 1850 .
1906 1845 1910 1850 .
1945 1827 1975 1849 86

1454 1869 1494 1892 XC
1511 1868 1658 1893 Charissimi
1671 1869 1696 1892 in
1709 1868 1808 1892 Christo
1821 1886 1909 1892 .....
1945 1867 1975 1890 87

1438 1909 1491 1932 XCI
1508 1910 1586 1938 Cum,
1612 1908 1678 1933 sicut
1697 1908 1858 1940 accepimus,
1886 1908 1911 1931 in

1540 1958 1619 1982 regno
1632 1967 1909 1974 ..............
1943 1948 1974 1972 88

1230 1992 1290 2014 1608
1427 1991 1491 2014 XCII
1507 1991 1682 2015 Admonemus·
1694 2008 1908 2014 ...........
1943 1989 1974 2013 89

1261 2033 1273 2039 “’
1416 2032 1491 2055 XCIII
1509 2032 1556 2055 Pro
1567 2034 1639 2063 parte
1652 2034 1694 2055 tua
1697 2048 1825 2055 .......
1844 2039 1848 2044 ·
1862 2049 1867 2054 .
1882 2049 1888 2055 .
1904 2050 1908 2053 .
1943 2030 1974 2054 90

1415 2073 1489 2096 XCIV
1507 2073 1605 2105 Exponi
1617 2072 1688 2097 nobis
1702 2079 1783 2104 nuper
1798 2071 1866 2096 fecit.
1883 2089 1887 2094 .
1905 2089 1909 2094 .
1944 2070 1972 2095 91

1425 2113 1490 2136 XCV
1507 2113 1543 2136 Ex
1556 2112 1673 2137 omnibus
1685 2111 1839 2136 christianae
1862 2130 1866 2134 .
1883 2131 1888 2135 .
1904 2130 1908 2135 .
1944 2111 1974 2134 92

1414 2153 1491 2176 XCVI
1508 2152 1646 2176 Maiestatis
1659 2155 1717 2176 tuae
1729 2151 1832 2176 nomine
1843 2169 1848 2174 .
1863 2169 1868 2175 .
1884 2170 1888 2174 .
1905 2170 1909 2174 .
1944 2151 1975 2175 93

1400 2192 1488 2215 XCVII
1504 2193 1633 2216 Romanus
1646 2191 1765 2216 Pontifex
1778 2209 1907 2215 .......
1943 2190 1975 2213 94

1389 2231 1488 2255 XCVIII
1506 2232 1575 2255 Inter
1586 2239 1677 2263 graves
1691 2248 1904 2255 ...........
1941 2229 1971 2253 95

1412 2271 1489 2295 XCIX
1507 2271 1647 2295 Romanum
1661 2270 1734 2295 decet
1755 2288 1906 2294 ........
1943 2268 1973 2292 96

1472 2311 1489 2333 C
1505 2310 1666 2342 Apostolicae
1678 2309 1747 2334 sedis
1760 2326 1909 2333 ........
1943 2308 1973 2332 97

1462 2351 1492 2374 CI
1508 2351 1647 2375 Maiestatis
1658 2354 1716 2374 tuae
1727 2349 1792 2374 votis
1799 2367 1909 2373 ......
1943 2348 1975 2372 98

1450 2391 1492 2414 CII
1509 2390 1627 2415 Solemue
1644 2392 1683 2415 est
1696 2407 1908 2414 ...........
1943 2388 1974 2411 99

1451 2430 1493 2453 CII
1505 2431 1539 2453 bis
1556 2429 1686 2462 Collapsae
1698 2428 1822 2460 regularis
1842 2447 1847 2452 .
1863 2447 1867 2452 .
1884 2447 1888 2451 .
1903 2447 1908 2451 .
1945 2428 1972 2457 (‘)

1442 2470 1494 2493 cm
1511 2469 1632 2494 Caelestis
1645 2476 1725 2501 aquae
1737 2468 1840 2493 flumen.
1861 2487 1865 2491 .
1881 2487 1885 2491 .
1903 2486 1908 2491 .
1930 2467 1974 2491 100

1437 2510 1489 2533 CIV
1506 2508 1576 2534 Alitis
1585 2517 1630 2541 per
1641 2516 1687 2533 nos
1699 2510 1819 2541 acceptae
1840 2527 1845 2531 .
1861 2528 1865 2532 .
1881 2526 1886 2532 .
1903 2526 1908 2531 .
1928 2508 1972 2531 101

1450 2550 1491 2573 CV
1508 2549 1580 2574 Sedis
1591 2548 1745 2581 apostolicae
1767 2567 1772 2572 .
1788 2567 1792 2572 .
1808 2567 1812 2572 .
1830 2548 1872 2572 109
1885 2544 1911 2572 et
1927 2548 1973 2572 314

1437 2589 1490 2613 CVI
1507 2590 1572 2613 Dum
1583 2596 1709 2620 generosa
1715 2606 1908 2612 ..........
1929 2587 1973 2611 103

1425 2629 1489 2654 CVII
1505 2628 1653 2661 Expositum
1665 2628 1737 2652 nobis
1751 2636 1833 2660 nuper
1840 2628 1899 2652 feeit
1929 2628 1973 2651 104

1415 2669 1492 2692 CVIII
1508 2668 1681 2692 Admonemur
1694 2685 1907 2692 ...........
1928 2667 1972 2690 10⁵

470 2739 494 2765 ζ’)
514 2738 549 2762 Ex
567 2741 623 2763 tom.
639 2746 683 2769 seq
710 2741 769 2763 mlii,
790 2742 863 2764 Mam,
878 2747 944 2765 etex
962 2743 1045 2766 Const.
1064 2750 1120 2766 xLix
1139 2742 1243 2773 Gregor.
1264 2744 1320 2767 XV.
