2227 3241
19 282 105 327 Auso.
127 295 195 324 1605

69 357 200 385 Supplicatio

20 388 78 411 ducis
93 385 164 407 Urbini
180 386 201 413 et

19 413 100 437 abbatis
117 411 200 432 Ordinis

21 440 163 464 monitorum
170 442 200 458 re-

20 466 125 495 (niarium.

56 1955 171 1978 Restituino
180 1958 207 1978 se·

32 1983 131 2005 unvitans.

14 2168 27 2660 x
61 2545 167 2567 Clausal-0
179 2544 213 2565 de-

37 2576 167 2598 nze-:tiorum

28 2940 34 2960 1

30 2962 33 2970 ι

28 2974 35 3093 t

31 3097 37 3163 1

32 3166 38 3241 Ι
56 3209 61 3214 .

857 291 977 316 PAULUS
1002 292 1020 314 V
1045 292 1094 315 PP.

262 343 290 385 ξ.
315 341 345 374 i.
370 341 548 386 Piis-igitur
563 351 599 374 ac
612 340 733 374 devotis
751 339 959 384 supplicatio-

216 395 311 429 nibus
341 394 449 428 dilecti
480 394 537 427 filii
567 394 684 428 nobilis
713 394 771 426 viri
799 393 960 428 Francisci

214 449 332 484 Mariae
351 448 465 483 Urbini
487 448 576 482 ducis
607 453 637 481 et
665 447 856 481 dilectorum
879 447 961 480 filio-

1643 281 1706 315 239
1753 291 1802 317 An.
1824 290 1851 318 c.
1870 291 1938 319 1605

976 339 1052 371 'sub
1073 340 1193 373 annulo
1215 339 1398 380 piscatoris,
1422 340 1473 373 die
1497 350 1566 373 xxvi
1596 339 1738 373 octobris

976 368 979 408 1

994 403 1090 433 mcv,
1112 393 1320 437 pontificatus
1341 394 1442 427 nostri
1457 403 1542 427 anno
1560 393 1601 427 1¹.

1031 455 1089 482 Dat.
1108 455 1150 483 die
1171 455 1205 482 ⁵26
1225 456 1344 483 octobris
1361 457 1440 490 1605,
1462 456 1557 492 pontif.
1581 465 1624 483 an.
1647 463 1663 483 1.

216 513 288 536 rum
307 501 432 535 abbatis
450 501 610 544 generalis
636 506 666 533 et
686 501 855 533 universae
882 510 960 533 con·
977 502 979 546 1

215 555 412 599 gregationis
429 554 666 589 Canonicorum
680 555 888 597 Regularium
904 555 960 587 La-

216 608 436 643 teranensium
457 608 585 641 Ordinis
603 608 632 641 S.
655 607 825 650 Augustini
847 607 956 641 nomi—

215 663 310 696 nibus
323 661 416 696 nobis
440 661 606 695 humiliter
623 661 781 706 porrectis
800 661 956 702 inclinati,

217 728 252 750 ac
273 727 310 749 ex
330 721 404 749 voto
420 714 650 749 venerabilium
674 715 808 748 fratrum
832 720 959 748 nostro-

217 780 288 803 rum
314 770 344 803 S.
373 770 408 803 R.
437 769 470 802 E.
500 769 712 802 cardinalium
739 779 835 813 super
860 769 958 802 sacris

217 823 333 857 ritibus
364 829 392 856 et
426 822 619 856 ceremoniis
644 822 893 867 deputatorum,
926 828 959 856 ut

217 875 474 910 christifidelium
488 875 653 909 veneratio
668 886 743 919 erga
760 882 905 910 sanctum
920 877 959 910 L*-

215 929 359 971 baldum,
375 929 450 963 olim
462 929 648 973 episcopum
663 929 880 972 Eugubinum,
894 940 960 963 ma-

216 983 264 1027 gis
277 988 445 1026 augeatur,
467 993 562 1027 quem
584 983 625 1016 ob
640 983 777 1026 insignia
791 983 957 1025 miracula,

217 1047 299 1082 quae
317 1036 402 1070 illius
424 1036 665 1077 intercessione,
683 1043 715 1070 ut
731 1037 782 1081 pie
803 1037 957 1078 creditur,

217 1090 422 1134 omnipotens
442 1090 525 1124 Deus
546 1090 674 1135 operari
697 1091 846 1134 diguatus
868 1096 913 1124 est
931 1097 961 1125 et

220 1144 251 1178 in
274 1144 343 1178 dies
360 1144 486 1188 operari
506 1144 666 1188 dignatur,
685 1145 821 1178 maxime
834 1145 865 1177 in
880 1145 960 1178 libc-

217 1198 326 1232 randis
346 1209 364 1231 a
386 1198 543 1232 daemone
571 1199 725 1239 obsessis,
751 1204 779 1232 et
807 1199 847 1232 ob
876 1199 959 1232 cele-

217 1252 308 1285 brem
323 1251 356 1284 in
376 1251 525 1285 universo
544 1252 621 1285 orbe
641 1252 724 1286 illius
743 1252 822 1285 vitae
844 1251 960 1285 sancti-

218 1311 338 1345 tatem,
368 1305 467 1338 felicis
498 1305 733 1338 recordationis
765 1305 962 1339 Coelestinus

218 1360 303 1404 Papa
320 1359 359 1393 III
380 1359 609 1403 praedecessor
629 1365 739 1393 noster
767 1359 797 1392 in
822 1360 958 1393 Sancto-

220 1423 290 1446 rum
313 1423 485 1446 numerum
504 1413 625 1454 retulit,
650 1419 677 1447 et
700 1424 776 1455 erga
797 1424 891 1458 quem
915 1414 962 1447 di-

219 1472 288 1500 ctus
312 1467 502 1500 Franciscus
531 1466 627 1499 Maria
653 1467 714 1499 dux
737 1467 777 1499 ob
807 1467 962 1511 speciales

219 1520 337 1563 gratias
351 1531 368 1553 a
382 1521 457 1561 Deo,
476 1520 574 1564 ipsius
588 1520 688 1553 sancti
710 1520 824 1553 L'baldi
840 1521 962 1554 meritis

220 1580 249 1607 et
266 1574 506 1615 intercessione,
527 1580 561 1608 ut
574 1574 723 1608 similiter
740 1575 791 1619 pie
807 1575 959 1616 creditur,

219 1633 394 1672 susceptas,
416 1635 444 1661 et
471 1629 583 1661 eadem
603 1629 836 1662 Canonicorum
860 1630 963 1672 Regu-

220 1681 335 1714 larium
358 1682 583 1725 congregatio,
608 1682 698 1716 cuius
718 1682 846 1716 Ordinis
868 1683 960 1716 insti-

221 1740 324 1768 tutum
352 1741 378 1767 et
406 1735 531 1768 vivendi
562 1735 718 1768 rationem
743 1736 810 1779 ipse
835 1741 963 1770 sanctus

219 1788 360 1822 Ubaldus
382 1788 412 1821 in
434 1789 589 1822 canoniea
608 1789 777 1823 Portuensi
799 1791 885 1834 apud
904 1791 961 1823 Ra-

222 1852 356 1875 vennam
383 1842 533 1886 suscepit,
557 1842 756 1885 singularem
783 1849 899 1886 gerunt
920 1843 963 1876 af-

223 1895 353 1935 sectum,

267 1951 283 1992 ἓ
304 1948 334 1982 2.
359 1949 479 1982 Harum
501 1950 583 1983 serie
609 1955 766 1994 perpetuo
795 1950 964 1984 statuimus

223 2003 460 2045 etordinamus,
475 2010 509 2037 ut
523 2004 621 2048 ipsius
631 2005 660 2038 S.
676 2005 788 2038 Ubaldi
803 2005 964 2049 pontificis

223 2062 250 2090 et
280 2057 472 2091 confessoris
500 2057 566 2091 dics
595 2058 691 2091 festus
712 2059 742 2091 in
771 2059 964 2092 Kalendario

223 2111 369 2145 Romano
387 2112 426 2144 ad
445 2111 529 2145 diem
552 2112 713 2145 deciminn
733 2118 855 2146 sextum
877 2124 964 2146 men-

222 2165 264 2198 sis
281 2165 355 2198 maii
377 2165 591 2206 adscribatur,
615 2172 645 2199 et
666 2167 704 2199 dc
726 2168 838 2200 codem
855 2174 964 2202 sancto

223 2219 346 2253 Ubaldo
358 2219 511 2264 pontifice
525 2225 556 2253 ct
568 2221 751 2254 consessore
768 2221 797 2253 in
813 2221 964 2256 universo

223 2273 301 2307 orbe
329 2284 345 2306 a
373 2273 497 2307 clericis
517 2274 737 2308 saecularibus
758 2280 788 2307 et
809 2276 966 2317 regulari-

224 2326 282 2360 bus
319 2327 589 2371 quibuscumque,
625 2327 678 2371 qui
712 2327 856 2361 divinum
889 2329 961 2362 osli-

225 2379 308 2414 cium
336 2381 472 2414 recitare
498 2386 657 2419 tenentur,
684 2391 720 2414 00
740 2381 790 2414 die
817 2392 962 2415 comine-

227 2434 373 2474 moratio,
404 2440 566 2479 tamquam
582 2435 621 2468 de
642 2436 720 2469 sesto
737 2434 874 2479 simplici
897 2435 965 2469 sieri

228 2487 350 2521 debeat

273 2540 338 2583 53.
363 2543 431 2575 Non
456 2542 657 2575 obstantibus
686 2541 967 2576 constitutionibus

229 2601 258 2627 ct
276 2595 532 2629 ordinationibus
551 2595 745 2639 apostolicisv
768 2596 967 2640 caeterisque

231 2647 399 2681 contrariis
419 2649 690 2693 quibuscumque.

273 2700 385 2734 Datum
404 2701 523 2735 Romae
545 2703 630 2747 apud
654 2708 797 2736 sanctum
824 2703 964 2736 Marcum

1315 616 1417 650 xvnl.

980 713 1193 757 7ΑρριὉὸαίίο
1215 713 1344 757 00119911
1360 715 1419 747 sub
1442 716 1644 749 invocatione
1662 727 1738 749 san-

1038 768 1081 799 cti
1109 766 1320 810 Hieronymi,
1345 778 1363 799 a
1385 768 1416 801 S.
1446 769 1482 801 R.
1512 769 1546 802 E.
1568 769 1738 802 cardinale

1038 820 1219 854 Manliano
1245 822 1366 855 Romae
1392 823 1552 863 instituti,
1579 823 1622 855 ad
1643 824 1737 867 piam

1037 885 1210 918 cycnorum
1243 876 1466 917 scholarium,
1502 876 1544 909 ad
1569 888 1739 910 sacrarum

1040 928 1227 961 litterarum
1250 933 1278 961 e!
1306 929 1389 962 iuris
1414 930 1567 963 canonici
1590 931 1737 963 studium

1040 982 1313 1023 incumbentium,
1326 982 1560 1024 educationem,
1578 995 1648 1016 cum
1663 995 1738 1028 qra-

1041 1036 1160 1069 li'arum
1184 1040 1213 1069 ct
1229 1037 1485 1080 priri'leye'ornm
1504 1038 1712 1084 concessione.

1220 1109 1331 1136 Paulus
1353 1109 1511 1143 episcopus

1183 1154 1294 1181 Servus
1316 1153 1476 1182 Servorum
1492 1155 1554 1188 Dei,

994 1205 1109 1234 Dilecto
1125 1206 1186 1234 filio
1202 1209 1305 1234 nostro
1321 1207 1350 1234 in
1366 1208 1441 1235 Urbe
1457 1207 1582 1242 eiusque
1599 1208 1740 1236 djstriotu

1083 1250 1195 1278 vicario
1217 1251 1247 1278 in
1271 1252 1480 1286 spiritualibus
1502 1253 1650 1287 generali,

1037 1297 1165 1323 salutem
1186 1299 1216 1324 et
1232 1297 1427 1330 apostoticam
1441 1297 1692 1326 benedictionem.

1040 1358 1184 1391 Altitudo
1206 1358 1331 1392 (livinae
1362 1360 1601 1403 providentiae,
1631 1371 1647 1394 a
1675 1372 1738 1405 qua
1782 1375 1920 1394 minantum,

996 1410 1079 1443 bona
1102 1418 1131 1444 et
1156 1417 1266 1444 sancta
1289 1423 1388 1456 opera
1408 1413 1517 1446 onmia
1537 1414 1735 1457 procedunt,

996 1476 1031 1498 ea
1043 1476 1174 1498 suorum
1189 1466 1334 1499 fidelium
1348 1467 1462 1500 animis
1472 1467 1657 1511 frequenter
1671 1479 1741 1511 sug-

996 1519 1089 1562 gerit,
1114 1530 1197 1563 qnae
1226 1520 1265 1552 ad
1298 1521 1508 1563 collegiorum
1540 1528 1569 1554 ct
1599 1522 1738 1555 aliorum

997 1573 1126 1617 piorum
1149 1573 1295 1606 locorum
1309 1574 1589 1618 propagationem,
1607 1585 1642 1609 ac
1663 1586 1741 1620 pau-

996 1637 1109 1670 perum
1125 1626 1221 1659 studii
1238 1626 1416 1660 litterarum
1433 1627 1622 1661 incumbere
1634 1629 1742 1662 volen-

999 1681 1076 1714 tium
1108 1681 1384 1715 manutenti0nein
1416 1688 1446 1715 et
1473 1683 1738 1719 instructionem.

998 1735 1226 1779 bonorumque
1239 1746 1296 1779 per
1310 1746 1363 1768 cos
1378 1736 1587 1769 emeritorum
1610 1747 1741 1780 promo-

1000 1789 1118 1822 tionem
1145 1795 1321 1823 noscantur
1349 1789 1531 1834 pertinerej,
1555 1790 1640 1824 unde
1661 1801 1737 1831 1105,

998 1842 1116 1886 quibus
1135 1844 1246 1876 cadem
1261 1843 1465 1887 providentia
1481 1843 1670 1877 universalis
1692 1855 1741 1878 ec—

999 1896 1113 1930 clesiae
1136 1897 1280 1940 regimen
1300 1903 1343 1930 cst
1359 1897 1579 1937 conmissum,
1597 1898 1740 1941 ipsorum

1000 1951 1156 1991 fidelium,
1174 1951 1363 1995 pracsertim
1379 1951 1408 1984 S.
1424 1952 1458 1984 R.
1470 1951 1502 1984 E.
1517 1951 1742 1992 cardinalium,

998 2004 1067 2048 pias
1088 2005 1268 2037 voluntates
1290 2005 1329 2037 ad
1352 2005 1381 2037 id
1405 2005 1584 2045 tendentes,
1608 2010 1642 2037 ut
1662 2005 1742 2038 voti-

999 2068 1053 2091 vos
1073 2058 1249 2091 sortiantur
1270 2058 1412 2098 effecius,
1436 2069 1507 2091 cum
1531 2068 1546 2090 a
1567 2058 1660 2091 nobis
1685 2068 1742 2102 pe-

1001 2112 1087 2151 titur,
1113 2112 1281 2156 apostolici
1301 2111 1583 2153 t'avoris‘suss'ragio
1605 2112 1742 2145 libenter

999 2165 1239 2210 prosequimur,
1257 2176 1291 2198 ac
1314 2165 1344 2197 in
1366 2165 1414 2197 liis
1435 2165 1532 2198 oflicii
1555 2165 1655 2198 nostri
1669 2176 1741 2208 par-

1001 2225 1046 2253 tes
1061 2219 1277 2252 sarorabilitcr
1296 2219 1541 2263 interponimus,
1562 2224 1741 2262 [1101110011-

999 2273 1154 2317 spicimus
1174 2272 1346 2306 salubriter
1366 2273 1527 2317 expedire.

1046 2328 1061 2369 ξ
1087 2326 1112 2359 1.
1129 2326 1275 2360 Exliibita
1289 2326 1448 2370 siquidem
1462 2326 1555 2359 nobis
1569 2336 1672 2370 nuper
1684 2336 1741 2369 pro
1757 2330 1941 2377 mgjffiffirgjsgff

1002 2387 1090 2424 parte
1108 2380 1298 2421 dilectorum
1323 2380 1464 2413 tiliorum
1479 2379 1599 2424 Cyristci
1618 2385 1647 2412 et
1666 2379 1741 2412 Ilas-
1757 2385 1840 2404 ¹¹¹-·‹···¹³
1878 2384 1942 2404 (⁰¹¹⁹-

1037 2489 1046 2514 1
1073 2487 1161 2514 Pridie
1184 2487 1264 2513 huius
1292 2486 1344 2513 diei
1369 2487 1545 2513 contii-maiae
1569 2485 1694 2519 leguntur
1716 2485 1742 2511 in

1001 2533 1086 2560 forma
1107 2531 1241 2560 communi
1261 2532 1471 2559 Constitutiones
1489 2531 1648 2557 clericorum
1665 2538 1744 2565 regn-

1001 2578 1095 2604 tarium
1108 2577 1242 2604 minorum
1258 2577 1284 2603 in
1300 2576 1386 2609 Brevi,
1398 2575 1439 2602 cui
1455 2575 1570 2601 initium:
1592 2576 1676 2602 Decet
1687 2576 1743 2602 Ro-

1003 2631 1121 2649 manum
1134 2623 1311 2656 Pontificem,
1330 2625 1355 2647 et
1371 2620 1443 2655 qnod
1459 2621 1555 2655 legitur
1571 2620 1596 2646 in
1613 2620 1740 2656 Conipen·

1000 2665 1044 2692 dio
1060 2665 1271 2701 priiilegioruin,
1300 2665 1411 2691 huiusce
1434 2664 1665 2700 Congregationis,
1687 2664 1739 2691 no-

1000 2718 1058 2738 mae
1079 2709 1149 2738 edito
1170 2716 1297 2737 nnccxxvt
1313 2713 1338 2737 et
1354 2708 1461 2746 quidem
1475 2716 1535 2746 pag.
1553 2709 1596 2736 30.
