2227 3241
51 262 99 291 An.
115 261 145 289 C.
169 260 236 287 1605

886 258 1008 284 PAULUs
1034 261 1051 283 V
1078 261 1121 283 ΡΡ.

249 307 404 352 proprio,
432 316 498 340 non
523 307 563 340 ad
590 311 676 340 tuam
702 307 750 340 vel
774 306 906 340 alterius
931 317 991 351 pro

251 366 281 393 te
300 360 360 393 sibi
381 361 520 405 desuper
539 360 666 394 oblatae
686 361 850 405 petitionis
870 360 992 394 instan-

250 413 346 455 tiam,
373 415 430 448 sed
451 426 488 449 ex
512 416 580 450 eius
604 417 694 448 mera
722 414 931 456 liberalitate,
955 425 991 448 ac

250 470 337 502 certa
347 469 491 512 scientia,
502 470 607 514 deque
618 469 814 513 apostolicae
825 469 991 513 potestatis

249 522 460 566 plenitudine,
469 523 635 565 maiestati,
645 528 728 564 tuae,
741 523 849 567 quoad
861 522 990 564 viveres,

250 575 299 609 ius
310 576 501 610 nominandi
512 576 572 620 ipsi
582 575 737 611 Clementi
750 576 990 619 praedecessori

250 635 282 663 et
293 639 353 673 pro
367 635 513 674 tempore
526 629 734 663 existentibus
747 630 900 664 Romanis
912 630 992 664 Pon-

251 682 389 717 tificibus
413 683 652 717 successoribus
665 683 730 717 suis
743 694 898 728 personas
917 695 992 728 pro-

250 737 340 770 batas
364 736 442 770 boni
466 737 608 771 nominis
629 744 660 771 et
684 738 862 771 secundum
885 748 992 772 sacro-

248 800 321 824 rum
341 800 504 824 canonum
529 791 773 836 dispositionem
800 791 932 825 idoneas
952 792 992 825 ad

249 854 471 889 quascumque
497 844 698 878 cathedrales
719 850 749 878 et
771 845 993 889 metropolita-

249 908 306 931 nas
326 897 477 932 ecclesias
498 903 528 932 et
548 898 744 932 monasteria
761 909 994 942 quorumcum-

250 962 312 996 que
326 951 482 985 Ordinum
498 951 530 984 in
545 951 663 986 ducatu
676 951 861 985 Britanniae
876 957 905 985 et
918 962 994 996 pro-

251 1005 354 1039 vincia
373 1005 560 1039 Provinciae
578 1005 752 1050 praedictis
772 1006 990 1047 consistentia,

251 1059 377 1103 quoties
402 1059 456 1092 illa
481 1059 646 1104 quibusvis
675 1059 780 1094 modis
804 1065 834 1094 et
858 1071 893 1094 ex
915 1071 995 1105 quo-

251 1123 466 1157 rumcumque
483 1113 641 1157 personis,
658 1124 723 1147 non
739 1119 846 1148 tamen
859 1125 918 1159 per
931 1115 996 1148 obi-

253 1171 332 1208 tum,
356 1167 442 1211 apud
466 1167 582 1201 Sedem
614 1168 762 1201 eamdem
782 1178 895 1202 vacare
920 1179 996 1202 con-

252 1220 383 1263 tigisset,
416 1231 475 1265 per
505 1221 610 1266 ipsum
636 1222 831 1256 Clementem
862 1223 996 1266 praede-

253 1284 412 1307 cessorem
441 1285 478 1308 ac
506 1285 708 1309 successores
740 1275 924 1320 praedictos
956 1277 995 1310 ad

254 1328 509 1362 nominationem
524 1329 710 1363 huiusmodi
726 1330 869 1363 ecclesiis
883 1336 914 1363 et
926 1341 995 1364 mo-

253 1382 402 1416 nasteriis
421 1382 595 1427 praedictis
614 1382 850 1427 praeficiendus
868 1390 996 1427 aposto-

254 1435 316 1469 lica
339 1436 530 1470 auctoritate
560 1437 781 1477 reservaverit,
803 1437 996 1470 concesserit

255 1494 286 1522 et
304 1488 528 1532 assignaverit;
545 1491 723 1524 decernens
743 1490 791 1524 ius
806 1491 996 1524 nominandi

254 1542 441 1577 huiusmodi
475 1544 514 1577 ad
551 1544 702 1577 ecclesias
734 1550 765 1578 et
800 1545 996 1578 monasteria

253 1596 420 1640 praedicta
430 1596 496 1639 tibi,
506 1598 660 1642 quamdiu
673 1598 804 1640 viveres,
813 1604 997 1643 competere

256 1649 387 1691 debere,
402 1661 508 1694 neque
526 1651 584 1684 sub
602 1662 807 1696 quacumque
825 1658 997 1696 quantum-

255 1703 301 1737 vis
314 1704 445 1748 speciali
465 1705 675 1748 derogatione
689 1706 934 1750 comprehendi,
951 1707 998 1740 vel

256 1756 285 1790 ei
306 1758 418 1802 quovis
440 1759 548 1799 modo,
570 1765 600 1792 et
620 1770 657 1792 ex
677 1770 884 1804 quacumque
903 1763 998 1794 causa

257 1811 417 1854 derogari,
438 1818 479 1853 et,
503 1812 528 1846 si
549 1812 576 1846 ei
598 1813 749 1856 derogari
774 1813 997 1856 contingeret,

258 1866 502 1909 derogationem
523 1866 709 1900 huiusmodi
732 1867 865 1900 minime
886 1867 1000 1900 suffra-

256 1920 324 1962 gari
348 1930 454 1964 posse,
482 1925 513 1953 et
541 1920 752 1954 nihilominus
778 1931 999 1965 quascumque

256 1973 464 2007 ecclesiarum
479 1979 510 2006 et
525 1974 795 2008 monasteriorum
812 1974 999 2007 huiusmodi

256 2027 470 2071 provisiones,
498 2028 709 2061 commendas
735 2034 766 2061 et
789 2028 869 2061 alias
890 2029 929 2061 de
955 2028 1000 2062 eis

257 2081 494 2126 dispositiones,
510 2081 605 2115 etiam
618 2093 690 2115 cum
713 2082 790 2115 iuris
811 2081 999 2115 nominandi

257 2135 443 2169 huiusmodi
469 2135 680 2178 derogatione
701 2131 821 2169 eontra
838 2136 914 2169 dicti
932 2135 1001 2169 Cle-

259 2189 377 2223 mentis
408 2190 665 2234 praedecessoris
693 2190 873 2223 litterarum
906 2197 998 2223 teno-

260 2254 340 2285 rem,
358 2244 454 2278 ctiam
470 2255 528 2288 per
542 2244 646 2288 ipsum
659 2245 857 2278 Clementem
872 2245 1003 2288 praede-

260 2308 420 2331 cessorem
447 2303 477 2331 et
502 2297 570 2331 eius
594 2308 796 2331 successores
820 2298 1004 2341 praedictos

261 2357 292 2384 et
312 2351 428 2385 Scdem
454 2352 602 2385 eamdem
624 2351 745 2395 absque
767 2351 828 2384 tuis
848 2351 1000 2384 nomina-

263 2404 424 2445 tionibus,
449 2405 544 2438 ctiam
571 2410 676 2446 motu,
698 2404 829 2437 scientia
852 2410 882 2437 et
907 2409 1001 2448 pote-

263 2457 352 2491 statis
375 2457 578 2502 plenitudine
595 2458 754 2491 similibus
774 2458 886 2501 quovis
909 2458 1004 2491 modo

265 2522 324 2556 pro
348 2518 496 2556 tempore
517 2511 690 2552 faciendas,
719 2518 749 2545 et
770 2512 908 2555 desuper
927 2521 1004 2544 con-

267 2566 363 2599 sectas
379 2565 512 2606 litteras,
533 2576 569 2599 ac
587 2565 661 2599 inde
679 2570 814 2609 sequuta
832 2575 1006 2608 quaecum-

268 2630 330 2663 que
351 2619 439 2652 nulla
456 2625 487 2653 et
504 2619 652 2659 invalida,
677 2619 861 2662 nulliusque
883 2618 1007 2651 roboris

270 2678 300 2706 ct
319 2673 473 2706 momenti
495 2684 562 2707 esse
588 2678 617 2706 et
648 2673 732 2712 sore3
761 2678 854 2716 teque
883 2672 922 2705 ad
950 2672 1008 2705 do-

347 2734 426 2762 Butt.
447 2735 530 2762 Rom.
556 2751 584 2754 —
606 2735 663 2762 Vol.
681 2735 730 2762 XI.

912 2734 944 2760 ⁶32·

1669 248 1732 281 2225

1026 309 1163 341 cendum
1185 308 1224 341 dc
1244 308 1360 342 litteris
1381 307 1519 341 aliorum
1539 307 1767 351 praedecesso-

1025 371 1097 394 rum
1126 361 1320 405 praedictis,
1345 372 1402 395 seu
1427 361 1496 395 illas
1516 361 1765 401 ostendendum,

1025 419 1055 447 et
1072 414 1104 447 in
1122 414 1167 448 eis
1183 420 1333 448 contenta
1350 425 1575 459 quaecumque
1592 414 1769 448 iustifican-

1025 468 1102 501 dum
1118 468 1251 501 minime
1266 469 1379 509 teneri,
1395 469 1451 502 sed
1462 468 1576 502 litteris
1590 467 1689 512 ipsius
1700 467 1768 502 Cle-

1026 521 1142 554 mentis
1161 522 1420 565 praedecessoris
1445 527 1569 555 tantum
1590 522 1635 556 uti
1660 531 1766 566 posse,

1025 574 1154 618 illisque
1180 580 1244 607 tam
1267 574 1299 607 in
1320 575 1440 608 iudicio
1461 586 1559 619 quam
1585 581 1673 609 extra
1690 575 1769 609 illud

1025 627 1144 661 adstari
1159 628 1296 668 debere;
1320 628 1441 672 sieque,
1463 634 1494 662 et
1513 639 1578 663 non
1599 629 1693 662 aliter
1712 639 1770 673 per

1025 691 1249 725 quoscumque
1263 681 1385 716 iudices
1399 688 1430 715 et
1442 682 1682 716 commissarios
1696 693 1770 727 qua-

1025 734 1070 767 vis
1084 735 1274 768 auctoritate
1287 735 1468 778 fungentes,
1486 735 1582 769 etiam
1598 729 1769 770 causarum

1026 788 1138 820 Palatii
1151 788 1326 831 Apostolici
1340 788 1504 822 auditores
1518 794 1549 822 et
1566 794 1695 822 sanctae
1708 790 1770 823 Ro-

1027 851 1141 874 manae
1170 841 1330 875 Ecclesiae
1347 842 1534 883 ,cardinales
1555 842 1700 886 (sublata
1726 843 1771 876 eis

1026 901 1055 928 et
1077 905 1191 928 eorum
1213 894 1343 928 cuilibet
1364 896 1476 939 quavis
1493 896 1586 929 aliter
1606 895 1771 929 iudicandi

1027 954 1057 982 et
1078 948 1314 992 interpretandi
1336 949 1486 982 facultate
1507 955 1537 982 et
1558 949 1770 992 auctoritate)

1028 1002 1161 1036 iudicari
1183 1008 1213 1036 ct
1231 1002 1359 1036 definiri
1381 1003 1511 1044 debere,
1535 1013 1571 1036 ac
1593 1003 1720 1036 irritum
1742 1008 1770 1036 et

1029 1057 1122 1090 inane
1147 1056 1305 1100 quidquid
1334 1066 1432 1100 super
1462 1056 1510 1090 liis
1536 1067 1553 1089 a
1582 1067 1769 1101 quoquam,

1029 1110 1139 1155 quavis
1160 1110 1362 1150 auctoritate,
1385 1110 1525 1144 scienter
1547 1111 1594 1144 vel
1619 1111 1772 1154 ignoran-

1030 1170 1087 1205 ter,
1102 1164 1270 1207 contigerit
1293 1164 1442 1198 attentari
1454 1161 1515 1205 3'ac
1532 1165 1610 1198 alias
1630 1172 1727 1209 prout
1741 1165 1773 1198 in

1030 1218 1128 1263 ipsius
1143 1218 1315 1253 Clementis
1339 1218 1598 1268 praedecessoris
1619 1219 1678 1252 sub
1700 1219 1774 1253 data

1031 1272 1081 1306 dic
1106 1283 1180 1306 xxm
1203 1272 1281 1305 iunii
1309 1282 1459 1313 mnxcvu,
1494 1272 1700 1316 pontificatus
1725 1273 1774 1307 sui

1030 1336 1114 1358 aimo
1140 1331 1228 1359 sexto
1254 1325 1409 1369 expeditis
1430 1325 1556 1369 plenius
1574 1326 1768 1359 continetur:

1076 1381 1090 1417 ξ
1122 1378 1151 1411 2.
1182 1379 1244 1412 Nos
1274 1379 1422 1412 eamdem
1448 1379 1648 1412 maiestatem
1670 1384 1768 1420 tuam,

1030 1433 1120 1465 cuius
1140 1432 1290 1465 eximiam
1311 1432 1475 1476 pietatem,
1500 1432 1678 1466 catholicae
1697 1433 1772 1466 fidei

1030 1486 1132 1519 zel‘um
1155 1492 1184 1519 et
1210 1486 1407 1528 singularem
1433 1486 1465 1518 in
1486 1496 1545 1519 nos
1566 1492 1597 1519 et
1617 1486 1773 1530 apostoli-

1032 1551 1100 1573 cam
1129 1540 1244 1573 Sedem
1277 1539 1514 1573 observantiam
1547 1540 1708 1583 cognitam
1746 1547 1775 1574 et

1032 1595 1230 1638 exploratam
1248 1594 1416 1634 habemus,
1437 1603 1502 1628 non
1517 1594 1651 1627 minoris
1662 1594 1777 1628 favoris

1032 1648 1133 1690 gratia
1158 1647 1312 1692 prosequi
1333 1647 1495 1688 volentes,
1527 1658 1563 1680 ac
1595 1647 1774 1681 litterarum

1032 1701 1189 1744 praedicti
1211 1700 1383 1735 Clementis
1399 1701 1658 1745 praedecessoris
1676 1700 1775 1735 verio-

1035 1766 1102 1789 rem
1124 1766 1160 1789 ac
1183 1761 1285 1789 totum
1306 1760 1451 1788 tenorem
1472 1755 1699 1799 praesentibus
1719 1766 1778 1799 pro

1033 1820 1185 1854 expresso
1206 1809 1374 1850 habentes,
1398 1815 1490 1843 motu
1511 1809 1606 1843 etiam
1630 1809 1775 1854 proprio,

1034 1874 1099 1897 non
1125 1863 1164 1896 ad
1191 1869 1277 1896 tuam
1304 1864 1351 1896 vel
1385 1863 1516 1896 alterius
1540 1873 1601 1907 pro
1628 1869 1657 1896 te
1684 1863 1778 1896 nobis

1034 1928 1131 1962 super
1155 1917 1217 1951 hoc
1243 1918 1370 1951 oblatae
1396 1917 1561 1962 petitionis
1582 1917 1777 1959 instantiam,

1034 1973 1088 2006 sed
1115 1983 1151 2005 ex
1178 1974 1267 2005 mera
1292 1971 1486 2005 liberalitate
1512 1977 1541 2005 et
1567 1973 1652 2005 certa
1674 1972 1778 2005 scicn-

1036 2026 1077 2059 tia
1104 2026 1234 2067 nostris,
1257 2026 1361 2070 deque
1382 2025 1586 2070 Apostolicae
1613 2025 1778 2070 potestatis

1036 2080 1255 2124 plenitudine,
1276 2079 1435 2113 indultum
1454 2079 1657 2123 praedictum
1675 2079 1778 2112 nomi-

1036 2134 1132 2167 nandi
1162 2143 1319 2177 personas
1346 2133 1480 2167 idoneas
1505 2133 1545 2167 ad
1574 2133 1724 2167 ccclesias
1749 2140 1778 2166 ct

1037 2187 1231 2221 monasteria
1250 2187 1396 2220 ducatus¹
1406 2187 1590 2220 Britanniae
1604 2192 1634 2220 et
1650 2186 1779 2230 provin-

1037 2241 1084 2274 cia
1106 2240 1293 2273 Provinciae
1311 2251 1370 2284 pro
1392 2246 1538 2284 tempore
1556 2245 1643 2273 extra
1664 2240 1779 2272 Roma-

1038 2305 1111 2327 nam
1126 2294 1252 2328 Curiam
1267 2293 1523 2337 quomodolibet,
1537 2300 1571 2326 ut
1589 2293 1780 2337 praefertur,

1038 2348 1180 2381 vacantia
1212 2348 1304 2380 nobis
1332 2354 1361 2380 et
1393 2346 1632 2380 successoribus
1661 2346 1779 2379 nostris

1038 2401 1190 2435 Romanis
1212 2400 1422 2435 Pontificibus
1432 2400 1453 2441 ’ἢ
1479 2400 1534 2433 tibi
1555 2410 1612 2444 per
1629 2400 1778 2433 eumdem

1039 2454 1235 2488 Clementem
1272 2455 1555 2499 praedecessorem
1578 2481 1584 2494 ,
1620 2459 1655 2486 ut
1690 2464 1780 2496 prac-

1041 2510 1161 2550 l'ertur,
1186 2519 1397 2547 concessum,
1429 2518 1463 2541 ac
1488 2506 1609 2540 litteras
1634 2506 1778 2540 ciusdem

1075 2591 1086 2616 1
1108 2590 1202 2625 Aptius
1221 2590 1310 2616 forsan
1326 2589 1464 2624 legeretur
1481 2589 1509 2615 in
1528 2588 1643 2620 ducatu,
1659 2595 1721 2614 uam
1737 2595 1781 2623 po·

1041 2638 1097 2662 steti
1118 2634 1240 2670 sequitur
1256 2634 1409 2669 provincii?
1430 2634 1467 2668 (tt.
1484 2632 1532 2668 r).

1077 2680 1092 2706 2
1114 2679 1177 2706 llcic
1193 2679 1281 2707 forsan
1298 2677 1478 2713 supplendum
1492 2678 1628 2712 probatus
1643 2683 1680 2711 tn.
1697 2677 1745 2712 Τ.).

1780 259 1827 284 An.
1845 258 1874 284 C.
1900 258 1966 285 1605

1802 1393 1913 1414 Confirmat
1925 1394 1976 1415 l'au-

1787 1421 1827 1442 lus.
