2227 3241
260 269 350 296 Aac.
374 269 441 296 ¹601

281 914 332 933 l¹«·til
349 914 436 933 militiae

253 940 436 960 uniit-turuiufllau-

266 974 295 986 iii
321 969 340 986 rt
362 966 436 986 Lazari

286 1614 383 1633 petitioni
399 1620 436 1634 an-

252 1643 295 1661 nuit
309 1641 410 1663 Clemens,

488 260 529 293 84

1035 266 1218 290 nULLAmUM
1237 266 1390 291 ROMANUM

455 324 599 361 tempore
613 316 798 349 existentem
814 324 966 356 magnum
979 314 1122 346 eiusdem
1137 314 1192 346 mi·
1224 314 1410 348 huiusmodi
1437 313 1698 347 confirmavimus
1718 319 1749 347 et
1772 313 1964 357 approbavi-

454 370 540 402 litiae
566 369 754 410 magistrum
768 366 787 406 ¹,
816 367 900 399 iuxta
919 366 1004 400 illius
1024 371 1141 400 statuta
1161 372 1191 400 et

453 422 680 461 stabilimenta,
698 419 861 463 provideri
877 425 906 452 ct
919 419 1048 463 disponi
1063 419 1190 463 debeat>

454 475 654 516 erigerentur
678 479 707 505 et
737 473 997 513 instituerentur,
1032 473 1186 516 illaeque,

452 528 496 560 sic
518 533 652 567 erectae,
677 526 780 560 eidem
804 526 937 560 militiae
955 527 1050 560 etiam
1076 537 1190 571 perpe-

453 587 506 614 tuo
530 581 717 621 unirentur,
745 586 1009 621 annecterentur,
1037 580 1189 625 incorpo-

452 641 611 675 rarentur,
635 635 878 679 applicarentur
895 641 923 668 et
942 635 1191 679 appropriaren-

453 695 513 728 tur,
531 700 565 721 ex
587 688 646 721 bec
660 689 806 732 profecto
821 688 924 721 dictae
942 688 1089 728 militiae,
1108 698 1190 732 quae

451 742 652 785 potissimum
685 742 835 775 adversus
868 741 1013 774 infideles
1046 741 1189 774 instituta

451 801 508 835 est,
527 795 648 836 decori,
664 805 863 838 suorumque
881 794 1020 827 militum
1038 794 1191 838 imposte-

450 859 522 881 rum
536 848 738 882 subventioni
753 854 936 892 opportune
953 849 1186 881 consuleretur.

496 903 512 944 ἓ
533 901 563 934 02.
585 901 689 940 Quare
706 911 765 945 pro
782 907 872 946 parte
897 901 973 934 dicti
998 901 1099 935 Caroli
1116 902 1190 934 Em-

452 954 610 987 manuelis
631 954 723 987 ducis
736 959 768 987 et
781 954 924 996 magistri
943 954 1037 987 nobis
1053 954 1114 987 suit
1132 954 1192 987 hu-

452 1007 571 1041 militer
582 1007 853 1051 supplicatum,nt
867 1007 898 1040 in
912 1007 1065 1047 ecelesiis,
1075 1018 1131 1040 seu
1145 1018 1193 1040 ca-

451 1061 554 1104 pele,
575 1066 606 1094 et
622 1060 819 1104 prioratibus
836 1060 1033 1098 huiusmodi,
1045 1061 1188 1102 nomina,

453 1115 584 1156 titulos,
615 1113 917 1155 denominationes,
949 1114 1096 1155 ordines,
1121 1124 1190 1147 om-

451 1178 591 1212 nemque
612 1174 740 1209 statum,
764 1167 934 1200 essentiam
957 1173 987 1200 et
1006 1167 1192 1211 dependen-

452 1221 527 1254 tiam
556 1221 721 1263 regulares
748 1225 906 1264 perpetuo
934 1220 1138 1264 supprimere
1162 1227 1193 1254 et

452 1274 650 1316 extinguere,
671 1284 708 1307 ac
724 1283 777 1306 eas
797 1273 828 1306 in
850 1273 983 1306 totidem
1004 1279 1192 1317 praecepto-

450 1328 514 1361 rias
532 1327 656 1370 erigere
673 1333 704 1361 et
723 1327 907 1368 instituere,
931 1327 1067 1370 illasque
1087 1327 1190 1360 eidem

452 1380 586 1414 militiae
614 1380 728 1422 unire,
751 1387 941 1421 annectere,
968 1380 1191 1424 incorporare,

451 1434 614 1478 applicare
626 1439 657 1467 et
668 1434 889 1478 appropriare,
903 1433 1046 1476 aliasque
1057 1433 1088 1465 in
1103 1443 1193 1477 prae-

452 1487 557 1520 missis
577 1493 760 1531 opportune
784 1487 955 1530 providere
981 1487 1021 1519 de
1044 1486 1191 1528 benigni-

453 1546 515 1574 tate
536 1540 712 1585 apostolica
733 1540 950 1583 dignaremur.

497 1595 514 1635 ἓ
535 1593 565 1626 3.
588 1594 651 1627 Nos
669 1593 766 1636 igitur
786 1593 855 1637 (qui
878 1593 999 1626 dudum
1022 1593 1106 1626 inter
1130 1593 1191 1626 alia

453 1647 624 1688 voluimus,
641 1647 740 1691 quod,
758 1652 904 1691 petentes
916 1646 1075 1680 beneficia
1087 1647 1190 1680 eccle-

453 1700 579 1734 siastica
600 1700 669 1733 aliis
690 1700 787 1740 uniri,
804 1705 992 1733 tenerentur
1012 1700 1191 1743 exprimere

452 1764 562 1801 rerum
581 1763 723 1786 annuum
738 1753 893 1793 valorem,
907 1753 1084 1786 secundum
1098 1753 1191 1785 aesti-

452 1807 627 1840 mationem
656 1807 867 1851 praedictam,
896 1805 950 1839 et²
969 1805 1118 1839 beneficii
1139 1806 1190 1839 cui

451 1861 539 1893 aliud
560 1860 645 1893 uniri
666 1865 840 1904 peteretur,
864 1859 1008 1903 alioquin
1029 1858 1105 1892 unio
1125 1869 1189 1892 non

450 1914 582 1954 valeret,
606 1918 636 1946 et
653 1923 781 1956 semper
798 1913 829 1945 in
845 1912 1021 1946 unionibus
1041 1912 1190 1945 commis-

450 1967 497 2000 sio
518 1967 609 2000 fieret
630 1967 669 1999 ad
690 1971 814 2010 partes,
838 1966 959 1999 vocatis
983 1976 1121 2009 quorum
1145 1966 1191 1998 in-

451 2026 604 2060 teresset;
629 2019 750 2062 quique
770 2029 874 2062 nuper
894 2024 981 2051 certa
1008 2018 1187 2061 privilegia,

451 2072 684 2113 concessiones,
702 2072 838 2112 indulta,
859 2070 1084 2113 indulgentias,
1103 2081 1193 2114 prae-

451 2125 659 2166 eminentias,
681 2125 847 2158 facultates
868 2131 898 2157 et
918 2124 1036 2166 gratias
1050 2124 1127 2157 alias
1145 2124 1190 2157 ei-

451 2180 523 2212 dem
542 2178 675 2211 militiae
696 2183 726 2211 et
746 2177 831 2210 illius
849 2177 1001 2219 magistro
1026 2187 1085 2220 pro
1112 2183 1191 2210 tem-

449 2242 529 2275 pore
547 2232 691 2266 existenti
712 2243 729 2264 a
750 2231 883 2264 diversis
904 2231 1056 2264 Romanis
1076 2230 1187 2263 Ponti-

450 2285 565 2318 ficibus
576 2284 881 2328 praedecessoribus
894 2283 1011 2316 nostris
1025 2293 1187 2324 concessa,

450 2348 487 2371 ac
499 2338 594 2370 etiam
607 2337 781 2370 unionem³
792 2336 926 2369 militiae
939 2336 1040 2369 sancti
1054 2336 1189 2369 lllauritii

486 2455 496 2480 1
520 2452 652 2480 Addimus
666 2452 839 2486 maqistrum
852 2459 883 2478 ex
900 2450 1013 2486 praecit.
1031 2450 1108 2478 Rutz.
1123 2451 1187 2479 Ord.

450 2498 475 2524 in
487 2506 545 2533 quo·
555 2497 675 2524 vicissim
690 2496 766 2523 deest
781 2504 922 2530 tnaynum
942 2498 982 2528 (n.
998 2495 1047 2529 T.).

485 2543 501 2568 ⁶2
521 2542 596 2570 Bulz.
613 2541 676 2568 Ord.
693 2540 804 2576 praecit.
822 2540 886 2575 legit
900 2540 1000 2572 etiam;
1017 2539 1131 2566 sortasse
1148 2540 1189 2567 le-

450 2586 582 2621 gendum:
601 2587 733 2620 illorum,
750 2589 776 2612 et
791 2585 880 2613 etiam
896 2585 937 2620 (n.
957 2585 1006 2619 T.).

486 2632 502 2657 3
522 2630 617 2658 Nescio
633 2638 721 2659 annon
738 2630 808 2658 foret.
822 2629 981 2664 legendum:
997 2629 1137 2656 unionem
1158 2629 1190 2656 cle

455 2676 557 2705 utilitia
578 2676 668 2704 sancet
684 2675 789 2703 Lazari
805 2674 927 2703 miliciae
942 2673 1037 2702 sancti
1052 2673 1190 2703 Mauritii

1224 378 1306 408 mus,
1320 378 1357 401 ac
1371 368 1410 401 de
1421 377 1504 400 novo
1519 366 1735 400 concessimus
1745 372 1776 400 et
1787 366 1960 408 univimus,

1224 427 1321 465 prout
1352 421 1383 454 in
1412 420 1530 454 nostris
1561 420 1620 454 sub
1647 420 1768 453 annulo
1795 420 1963 464 piscatoris

1224 475 1362 519 desuper
1382 474 1536 508 consectis
1553 473 1653 507 literis
1672 473 1802 517 plenius
1820 473 1964 506 contine-

1224 529 1286 572 tur)
1305 529 1407 561 eidem
1427 527 1574 568 militiae,
1594 532 1629 560 ut
1645 537 1742 560 onera
1760 526 1821 559 sibi
1839 526 1964 559 incum-

1223 582 1331 615 bentia
1349 581 1515 615 decentius
1536 581 1746 624 imposterum
1771 584 1963 623 supportare

1223 636 1332 679 possit,
1341 646 1400 679 pro
1409 635 1563 677 singulari
1575 634 1751 667 catholicae
1763 633 1837 667 fidei
1852 633 1919 666 zelo
1933 638 1965 666 et

1223 688 1348 722 sincera
1370 699 1446 731 erga
1461 688 1545 721 lianc
1564 688 1713 721 Sanctam
1729 687 1845 720 Sedem
1859 686 1965 720 obser-

1223 741 1329 775 vantia
1342 747 1373 775 et
1387 742 1568 782 devotione,
1585 741 1702 785 quibus
1718 746 1779 774 tam
1796 740 1896 784 ipsius
1909 739 1965 774 Ca-

1223 795 1284 828 roli
1297 795 1517 828 Emmanuelis
1528 794 1617 828 ducis
1631 794 1853 838 progenitores
1867 803 1962 838 quam

1225 848 1318 881 etiam
1338 848 1613 892 ipsemetCarolus
1625 847 1814 880 Emmanuel
1829 846 1966 880 emicue-

1225 906 1315 937 runt.
1340 900 1511 944 providere
1530 901 1692 942 volentes,
1715 900 1886 944 ipsumque
1907 899 1965 933 Ca-

1227 954 1329 987 rolum
1350 954 1593 987 Emmanuelem
1620 954 1735 987 ducem
1760 963 1778 986 a
1800 953 1965 997 quibusvis

1225 1007 1575 1048 excommunicationis,
1590 1006 1809 1051 suspensionis
1822 1011 1854 1039 et
1867 1006 1964 1040 inter—

1225 1061 1299 1094 dicti
1316 1088 1323 1102 ,
1358 1061 1493 1105 aliisque
1524 1060 1746 1094 ecclesiasticis
1773 1059 1961 1101 sententiis,

1225 1115 1368 1148 censuris
1379 1120 1410 1148 et
1423 1114 1548 1158 poenis,
1570 1125 1587 1147 a
1607 1114 1676 1147 iure
1692 1113 1741 1147 vel
1761 1113 1801 1146 ab
1818 1113 1962 1154 homine,

1225 1168 1335 1212 quavis
1352 1168 1522 1201 occasione
1534 1168 1583 1200 vel
1596 1169 1692 1200 causa
1708 1167 1791 1207 tatis,
1807 1167 1832 1200 si
1847 1167 1964 1210 quibus

1225 1220 1471 1264 quomodolibet
1503 1220 1675 1253 innodatus
1701 1219 1826 1261 existit,
1853 1219 1893 1252 ad
1919 1219 1964 1252 ef-

1225 1274 1342 1307 fectum
1361 1273 1577 1317 praesentium
1592 1273 1757 1306 dumtaxat
1769 1282 1967 1316 consequen—

1226 1327 1314 1368 dum,
1336 1327 1453 1360 harum
1473 1326 1556 1359 serie
1573 1326 1774 1360 absolventes
1791 1330 1823 1359 et
1842 1325 1966 1359 absolu-

1228 1386 1294 1414 tum
1314 1380 1382 1413 sore
1403 1385 1584 1421 censentes,
1607 1390 1644 1412 ac
1668 1380 1826 1413 dictarum
1841 1379 1964 1412 littera-

1226 1443 1310 1474 rum,
1327 1439 1357 1466 et
1378 1433 1512 1466 aliarum
1531 1432 1688 1466 unionum
1708 1432 1810 1465 dictae
1830 1431 1965 1464 militiae

1225 1486 1380 1519 haetenus
1394 1486 1550 1519 saetarum
1566 1491 1704 1526 tenores,
1721 1484 1768 1518 et¹
1787 1485 1961 1524 fruetuum,

1227 1539 1410 1572 reddituum
1430 1545 1460 1572 et
1480 1544 1695 1582 proventuum
1708 1538 1812 1571 dictae
1830 1537 1964 1570 militiae

1225 1602 1317 1625 veros
1345 1601 1471 1625 annuos
1497 1592 1622 1624 valores
1653 1590 1876 1635 praesentibus
1902 1599 1962 1634 pro

1225 1645 1381 1689 expressis
1409 1645 1575 1685 habentes,
1598 1644 1784 1678 huiusmodi
1805 1644 1964 1688 supplica·

1224 1699 1367 1731 tionibus
1380 1698 1535 1739 inclinati,
1549 1698 1581 1730 in
1594 1697 1809 1739 ecclesiis‚seu
1820 1697 1960 1741 capellis,

1224 1762 1307 1795 quae
1327 1751 1395 1784 sine
1416 1753 1493 1784 cura
1509 1756 1600 1792 sunt,
1621 1761 1657 1784 ac
1669 1750 1680 1767 ⁹
1696 1751 1751 1795 qui
1772 1751 1868 1784 etiam
1886 1753 1964 1784 cura

1225 1810 1256 1837 et
1273 1810 1433 1838 conventu
1448 1809 1569 1845 carent,
1583 1814 1619 1837 ac
1638 1804 1684 1836 illi
1697 1809 1728 1837 et
1741 1803 1895 1838 ecelesiae
1907 1814 1963 1837 seu

1224 1858 1366 1901 capellae
1388 1857 1573 1891 huiusmodi
1596 1857 1798 1900 personalem
1819 1857 1963 1890 residen-

1226 1910 1300 1943 tiam
1321 1920 1386 1943 non
1407 1909 1589 1953 requirunt,
1613 1909 1809 1953 prioratibus
1829 1909 1961 1953 praedi-

1225 1963 1293 2005 ctis,
1308 1973 1379 1996 cum
1394 1963 1534 2006 primum
1550 1963 1619 1996 illas
1633 1968 1663 1996 et
1677 1963 1749 1996 illos
1761 1973 1819 2007 per
1828 1972 1964 2003 cessum,

1225 2016 1320 2049 etiam
1349 2026 1386 2049 ex
1406 2018 1500 2048 eausa
1527 2015 1784 2059 permutationis,
1815 2015 1911 2048 etiam
1931 2015 1964 2048 in

1225 2069 1373 2102 manibus
1392 2069 1528 2102 Romani
1557 2068 1721 2102 Pontificis
1740 2078 1800 2112 pro
1820 2073 1965 2112 tempore

1225 2122 1398 2163 existentis,
1414 2123 1461 2155 vel
1474 2122 1652 2162 decessum,
1668 2132 1723 2155 seu
1736 2121 1961 2165 privationem,

1224 2181 1279 2209 aut
1293 2177 1437 2220 quamvis
1454 2176 1549 2209 aliam
1569 2175 1789 2209 dimissionem
1807 2175 1855 2208 vel
1870 2174 1966 2208 amis-

1224 2229 1348 2262 sionem
1371 2229 1440 2262 illas
1461 2234 1493 2262 et
1513 2229 1584 2262 illos
1610 2228 1856 2272 quomodolibet
1879 2227 1965 2260 obti-

1224 2282 1369 2316 nentium
1385 2309 1392 2323 ,
1414 2282 1509 2316 simul
1527 2282 1575 2315 vel
1596 2281 1774 2315 successive
1795 2280 1906 2324 (etiam
1932 2279 1964 2313 in

1223 2406 1256 2434 de
1287 2415 1340 2442 qua
1371 2406 1472 2434 unione
1500 2406 1560 2433 vide
1588 2414 1669 2442 supra
1701 2404 1815 2433 Constit.
1844 2411 1964 2433 cccxxvu

1224 2452 1347 2479 eiusdem
1366 2451 1450 2478 Clem.
1468 2450 1525 2478 Vlll
1541 2459 1603 2487 pag.
1618 2451 1652 2478 30
1665 2450 1706 2486 (n.
1722 2450 1772 2486 T.).

1258 2496 1272 2522 ‘1
1295 2495 1393 2523 Partic.
1406 2498 1431 2523 et
1441 2494 1520 2522 nobis
1535 2495 1590 2522 visa
1605 2494 1656 2521 suit
1669 2494 1842 2530 adiungenda
1857 2494 1895 2530 (n.
1908 2494 1958 2529 aa).

1259 2540 1275 2567 2
1295 2540 1413 2576 Nempe:
1435 2549 1469 2567 ac
1487 2541 1518 2567 in
1531 2540 1712 2575 prioratibus
1728 2539 1892 2574 praedictis
1909 2539 1962 2574 qui

1223 2585 1313 2612 eciam
1328 2586 1398 2612 eui-{t
1413 2587 1524 2618 carent,
1540 2591 1573 2611 ac
1588 2586 1650 2612 turn
1664 2583 1711 2611 illi
1731 2582 1884 2618 (prioratus)
1901 2585 1962 2610 turn

1223 2629 1358 2657 ecclesiae
1370 2629 1555 2664 personalem
1574 2628 1765 2656 residentiam
1784 2635 1843 2655 non
1862 2626 1962 2662 requi-

1223 2677 1292 2702 runt
1307 2674 1348 2709 (n.
1364 2674 1412 2709 ¹12).

1992 1700 2017 1720 Et
2027 1699 2131 1721 beneficia
2139 1699 2161 1721 iu
2176 1717 2182 1720 Α
2192 1723 2198 1727 ,

1978 1727 2073 1747 ecelesiis
2080 1726 2171 1753 emptio-s
2192 1739 2193 1744 ,

1978 1753 2060 1773 ratibus
2074 1752 2162 1778 praedi-

1978 1780 2017 1800 ctis
2028 1779 2145 1804 existentia,

2006 2070 2056 2092 Cum
2073 2069 2162 2097 primum
2177 2067 2197 2100 '32

1979 2099 2066 2123 vacent,
2187 2104 2190 2108 ·

2180 2189 2199 2202 ‚⁴

2170 2208 2197 2334 mus·-

2175 2432 2194 2461 '‘1‘.
2171 2355 2194 2425 §5:33
2175 2339 2186 2350 v

2183 2594 2186 2602 .
2183 2536 2193 2546 4,
2170 2461 2193 2514 3⁶52,
