2227 3241
244 288 296 316 An.
313 289 341 316 C.
365 288 430 317 1607

278 514 372 535 Ambitus
388 514 429 534 rte-

244 542 427 567 gulariumimpro-

245 568 312 588 tratur,

282 1099 382 1120 Canoniri
400 1107 431 1121 re-

248 1126 332 1151 gulares
347 1127 368 1147 S.
384 1127 431 1148 Sal-

247 1153 366 1175 vator-isati
380 1155 433 1175 obti-

246 1179 326 1200 nendas
341 1181 432 1207 dignita·

247 1208 277 1226 tus
293 1206 390 1231 Ordinis.
404 1208 432 1229 fa-

248 1238 309 1252 vores
331 1239 431 1259 persona-

246 1265 290 1279 rum
307 1263 365 1281 extra
384 1262 432 1282 reli-

246 1286 328 1311 ginnem
361 1290 433 1315 requi-

247 1315 328 1335 rebant.

310 1787 368 1807 Hune
384 1792 433 1812 ergo

250 1814 351 1834 ambitum
363 1814 433 1833 Panti-

249 1841 280 1860 fex
291 1841 330 1860 illis
339 1840 377 1859 suh
389 1846 434 1865 gra-

249 1867 308 1887 vibus
320 1867 392 1892 poenis
405 1867 434 1887 in·

249 1894 341 1914 tererent.

477 279 541 313 438
763 325 765 327 ‚

681 336 790 364 Paulus
811 337 890 372 Papa
909 337 948 372 V,

563 389 599 417 ad
620 393 794 424 perpetuam
815 390 859 418 rei
880 390 1050 418 memoriam

488 496 644 536 Quoniam
677 507 771 530 nemo
804 497 896 531 debet
929 498 987 531 sibi
1021 509 1184 532 assumere

445 549 632 591 honorem',
650 551 709 584 nisi
736 557 864 584 vocatus
889 562 906 584 a
930 552 994 585 Deo
1021 558 1183 596 tamquam

444 605 561 644 Aaron,
583 610 611 637 et
626 614 643 637 a
657 604 812 647 regularis
830 605 910 638 ritae
932 605 1076 639 instituto
1095 606 1184 639 valde

444 657 584 690 alienum
601 663 657 699 est,
678 664 711 690 ut
728 658 879 701 Religiosi
901 659 1100 700 mendicatis,
1117 670 1185 693 sae-

445 711 602 744 cularium
624 712 812 755 praesertim
827 723 1054 756 personarum,
1071 713 1185 746 studiis

445 764 484 797 ad
506 764 697 807 dignitatum
712 765 830 808 gradus
844 766 904 799 sibi
925 766 1046 800 aditum
1065 766 1186 810 patesa-·

444 828 516 852 cere
538 814 744 860 contendant,
761 819 846 853 unde
868 830 983 863 magna
1000 820 1032 853 in
1045 820 1184 853 Ecclesia

443 871 497 905 Dei
521 871 602 905 mala
623 873 792 916 provenire
813 874 937 916 solent3
953 885 1022 915 nos,
1042 884 1101 918 pro
1117 885 1185 907 mu-

444 925 530 958 neris
555 925 654 959 nostri
671 926 791 967 debito,
809 927 883 960 buit·
910 927 1005 968 nialo,
1029 934 1185 971 quantum

444 978 476 1010 in
490 978 582 1012 nobis
600 985 656 1021 est,
674 987 891 1024 opportunum
908 981 1086 1015 remedium
1101 981 1187 1015 adbi-

446 1031 587 1065 bendum
607 1034 800 1067 censuimus.

491 1086 507 1127 ξ
526 1085 555 1118 1.
580 1086 655 1119 Cum
672 1087 789 1131 itaque,
806 1087 886 1122 sicut
903 1088 1096 1132 accepimus,
1117 1089 1187 1132 qui-

447 1138 519 1172 dam
543 1139 572 1171 in
596 1139 850 1183 Congregatione
871 1141 1106 1175 Canonieorum
1128 1143 1187 1175 nc-

447 1193 607 1235 gularium
623 1194 724 1227 sancti
742 1194 925 1236 Salvatoris,
946 1195 1073 1229 Ordinis
1087 1196 1187 1229 saneti

447 1246 636 1289 Augustini,
662 1247 851 1290 dignitatum
885 1254 916 1282 et
947 1249 1129 1282 officiorum
1156 1249 1187 1282 in

448 1299 530 1332 dicta
552 1300 717 1343 Religione
739 1301 915 1335 ambitione
936 1303 1041 1343 ducti,
1064 1313 1123 1346 pro
1152 1303 1188 1336 iis

447 1354 693 1397 consequendis,
707 1355 995 1389 ecclesiasticorum
1009 1361 1039 1389 et
1051 1357 1189 1390 saecula-

447 1406 529 1440 rium
552 1407 736 1452 principum
755 1415 807 1442 aut
823 1409 957 1442 aliarum
975 1420 1186 1453 personarum

445 1461 551 1494 studia
572 1460 749 1505 requirant,
774 1469 803 1495 et
828 1474 845 1495 a
871 1469 998 1496 sanctae
1023 1464 1187 1497 Romanae

447 1513 604 1547 Ecclesiae
630 1515 848 1549 cardinalibus
877 1516 1011 1560 aliisque
1038 1517 1188 1560 praelatis

446 1568 725 1601 commendatitIas
747 1569 877 1610 litteras,
902 1569 1045 1613 aliosque
1066 1570 1188 1603 favores

447 1627 476 1653 et
491 1621 608 1662 gratias
622 1629 807 1665 procurem,
824 1623 940 1666 quibus
954 1624 1054 1656 adiuti
1069 1625 1188 1667 gradus

448 1680 476 1706 et
494 1674 663 1716 dignitates
679 1675 709 1708 in
724 1676 834 1709 eadem
856 1677 1019 1719 lleligione
1035 1678 1187 1721 consequi

449 1728 571 1761 valeant
587 1740 591 1760 :
923 1723 935 1733 ⁶

494 1783 510 1824 S
536 1781 566 1815 ΕΖ,
596 1783 769 1826 Propterea
789 1794 857 1825 nos,
883 1784 985 1824 (llatae
1014 1784 1189 1827 Religionis

449 1834 553 1868 officia
574 1841 603 1868 et
624 1835 794 1878 dignitates
811 1848 869 1880 pro
891 1837 1012 1870 meritis
1034 1837 1189 1881 cuiusque

450 1888 569 1933 absque
591 1889 714 1923 ambitu
739 1891 877 1924 conferri
899 1891 1075 1935 cupientes,
1100 1896 1189 1924 motu

448 1943 580 1987 proprio
602 1950 630 1977 et
650 1955 686 1978 ex
707 1947 793 1978 certa
813 1945 945 1978 scicntia
971 1956 1006 1978 ac
1025 1946 1114 1978 mera
1136 1945 1189 1978 de-

449 1995 639 2030 liberatione
651 1998 780 2039 nostris,
799 2008 910 2032 omnes
925 2004 955 2032 et
975 1999 1118 2042 singulos
1135 1998 1190 2032 Ca-

448 2048 583 2083 nonicos
603 2051 768 2093 regulares
794 2051 896 2085 dictae
926 2051 1190 2095 Congregationis

448 2108 478 2135 et
498 2102 636 2145 Ordinis,
661 2104 892 2148 cuiuscumque
909 2110 1029 2145 status,
1057 2104 1186 2147 gradus,

447 2156 652 2198 conditionis,
670 2158 953 2201 praeeminentiae,
978 2158 1140 2202 qualitatis
1161 2164 1192 2192 et

447 2208 612 2251 dignitatis
633 2210 811 2251 existentes,
836 2212 890 2255 qui
919 2212 957 2245 de
983 2217 1109 2245 caetero
1130 2221 1190 2255 pro

447 2263 649 2305 praelaturis,
667 2253 1036 2305 gradibussbonoribus,
1054 2265 1191 2307 dignita-

449 2315 542 2357 tibus,
561 2316 903 2358 administrationibus,
924 2318 1140 2352 functionibus
1162 2325 1191 2351 et

448 2370 517 2403 aliis
531 2370 646 2404 officiis
657 2371 918 2414 Congregationis
929 2372 1191 2420 etOrdinisprac-

449 2423 607 2458 dictorum
630 2424 876 2468 consequendis,
890 2425 928 2458 ad
957 2425 1139 2469 principum
1162 2431 1191 2458 et

450 2476 667 2520 praelatorum
697 2488 733 2510 ae
756 2477 891 2510 aliarum
913 2488 1191 2522 ‹ptarumeumque

451 2540 674 2574 personarum,
705 2537 767 2564 tam
794 2531 1079 2566 ecclesiasticarum
1095 2542 1190 2574 quam

490 2657 500 2682 1
524 2656 646 2683 Similem
669 2656 702 2683 de
725 2657 775 2684 hac
799 2664 827 2683 re
851 2656 1080 2684 Constitutionem
1099 2656 1193 2692 ,babes

454 2709 536 2736 supra
553 2710 614 2736 pag.
636 2701 683 2728 136
700 2708 737 2736 ξπ.
755 2702 803 2736 Τ.).

1028 289 1211 315 BULLARIUM
1228 290 1381 314 ROMANUM

1969 289 2019 317 An.
2041 289 2071 317 C.
2087 291 2131 317 1¹3
2150 301 2156 319 ,b
2190 308 2191 312 =

1218 337 1443 379 saecularium,
1460 338 1499 371 de
1517 337 1640 380 gremio
1654 337 1758 372 dietae
1774 338 1956 381 congrega-

1220 391 1314 425 tionis
1344 401 1408 424 non
1441 391 1663 432 existentium,
1687 391 1783 424 etiam
1809 392 1957 426 cardina-

1219 445 1300 478 latus
1317 444 1441 478 honore
1462 450 1493 478 et
1513 455 1716 489 quacumque
1734 445 1890 479 saeculari
1907 446 1957 479 di-

1218 498 1338 540 gnitate
1370 503 1401 531 et
1427 498 1623 539 excellentia,
1647 499 1742 532 etiam
1774 495 1973 543 imperiali,’

1219 551 1317 593 regali
1340 557 1368 584 et
1391 551 1494 584 ducali
1509 551 1699 594 fulgentium
1715 552 1838 586 favores
1852 563 1958 586 recur-

1219 603 1329 644 rerint,
1346 610 1399 637 aut
1413 604 1490 637 alias
1507 604 1563 638 viis
1584 604 1703 638 illicitis
1717 605 1756 638 ad
1773 605 1958 639 huiusmodi

1220 658 1428 701 praelaturas,
1453 658 1589 701 gradus,
1609 659 1749 692 honores
1774 659 1956 702 dignitates,

1220 710 1513 758 administrationes
1532 717 1562 744 et
1579 711 1641 745 alia
1661 711 1767 745 officia
1784 711 1960 745 obtinenda

1220 764 1438 808 aspiraverint,
1463 765 1510 798 vel
1536 765 1605 798 aliis
1630 765 1737 798 minus
1756 765 1908 808 legitimis
1927 771 1960 799 et

1220 818 1361 852 honestis
1382 818 1560 852 rationibus
1580 829 1617 852 ea
1637 818 1783 852 obtinere
1808 819 1956 863 quesive-

1221 871 1295 912 rint,
1316 881 1352 904 ae
1379 871 1416 905 iis
1441 871 1579 905 obtentis
1602 871 1648 905 usi
1671 871 1798 914 fuerint,
1813 872 1959 906 illorum-

1220 935 1281 969 que
1296 926 1469 970 complices
1481 932 1509 965 et
1523 926 1675 967 fautores,
1689 927 1728 960 ad
1740 929 1978 971 quascumque³

1221 979 1427 1022 praelaturas,
1443 980 1624 1022 dignitates,
1637 980 1754 1022 officia,
1769 981 1898 1023 gradus,
1908 979 1962 1014 ho-

1221 1042 1327 1073 nores,
1344 1033 1637 1067 administrationes
1655 1039 1686 1068 et
1702 1044 1837 1068 munera
1848 1034 1879 1067 in
1893 1033 1961 1078 ipsa

1220 1085 1472 1129 Congregatione
1492 1087 1678 1129 obtinenda,
1695 1093 1851 1132 perpetuo
1872 1087 1961 1120 inha-

1221 1139 1300 1172 biles
1313 1140 1525 1179 declaramus,
1537 1151 1573 1174 ac
1587 1140 1725 1174 obtentis
1738 1151 1796 1184 per
1806 1150 1861 1174 eos
1873 1151 1962 1185 prae-

1223 1193 1348 1235 laturis,
1374 1193 1548 1236 gradibus,
1579 1193 1775 1235 honoribus,
1800 1193 1962 1237 dignitati-

1222 1247 1293 1287 bus,
1315 1247 1666 1287 administrationibus,
1692 1247 1910 1281 functionibus
1931 1253 1963 1282 et

1221 1299 1335 1333 officiis
1363 1300 1546 1334 huiusmodi
1568 1310 1606 1333 eo
1632 1300 1700 1344 ipso
1725 1300 1908 1344 privamus,
1932 1306 1964 1334 et

1221 1353 1265 1387 sic
1291 1353 1430 1397 privatos
1457 1365 1531 1388 voce
1559 1360 1620 1388 tam
1646 1354 1746 1388 activa
1771 1365 1866 1398 quam
1891 1365 1962 1399 pas-

1221 1407 1284 1440 siva
1306 1418 1415 1441 carere
1437 1407 1641 1441 decernimus
1659 1413 1690 1441 et
1712 1407 1924 1442 declaramus.

1267 1463 1282 1500 Q
1304 1461 1333 1494 3.
1358 1462 1460 1505 Atque
1483 1461 1513 1493 in
1533 1461 1647 1494 virtute
1667 1467 1796 1495 sanetae
1809 1461 1962 1496 obedien·
2003 1466 2153 1495 Superiorib
2185 1483 2187 1487 Α
2213 1471 2216 1487 ⁸

1977 1502 2018 1523 qun
2034 1497 2053 1516 in
2075 1493 2152 1515 electi

1224 1515 1294 1555 tiae,
1312 1525 1348 1547 ac.
1368 1515 1431 1558 sul‘g
1442 1514 1786 1548 excommunicationis
1799 1515 1883 1549 latae
1895 1526 1962 1549 sen·
1976 1521 2150 1570 32b¹¹f{,.¹,¹,¹‡{¹}⁵¹2
2180 1514 2187 1562 ¹
2213 1531 2215 1534 ·

1224 1568 1339 1601 tentiae
1352 1570 1467 1612 poena,
1485 1568 1636 1601 omnibus
1652 1568 1810 1602 dictorum
1823 1568 1961 1611 Congre—
1976 1575 2157 1628 {52¹¹fflggffl?
2185 1603 2187 1608 ‚

1991 1617 1995 1623 .
2142 1614 2145 1617 -
2179 1613 2186 1632 «,

1222 1622 1357 1664 gationis
1375 1627 1402 1655 et
1418 1621 1545 1655 Ordinis
1556 1621 1787 1666 superioribus,
1798 1622 1961 1666 praelatis,
1976 1630 2071 1677 ssssf‘essffi,
2090 1632 2152 1680 '1:³⁰'

1223 1675 1396 1715 canonicis,
1418 1685 1623 1719 quocumque
1645 1675 1735 1708 titulo
1753 1675 1958 1720 nuncupatis,
1977 1682 2147 1730 ἰὲἓὲᾘᾜὲἰαεοα
2183 1715 2185 1720 ¹

1223 1728 1317 1762 eliam
1351 1728 1450 1772 priori
1482 1728 1645 1771 generali,
1678 1728 1902 1773 praesentibus
1932 1734 1962 1761 et
1985 1726 2055 1757 tionis·
2184 1724 2185 1734 ¹

1225 1782 1348 1823 futuris,
1369 1782 1587 1826 praecipimus
1601 1782 1810 1827 districteque
1830 1782 1962 1816 manda-

1225 1847 1304 1877 mus,
1329 1847 1368 1870 ne
1389 1836 1573 1880 quempiam
1596 1837 1662 1870 ullo
1677 1842 1832 1881 tempore,
1856 1836 1962 1880 preci-

1223 1889 1293 1931 bus,
1318 1889 1451 1931 litteris,
1479 1890 1526 1923 vel
1560 1889 1719 1923 favoribus
1744 1889 1886 1932 adducti,
1913 1889 1963 1923 vel

1223 1943 1300 1975 alias
1325 1943 1365 1976 ad
1390 1942 1598 1985 instantiam,
1622 1953 1678 1977 seu
1702 1942 1958 1988 requisitionem,

1224 1997 1270 2030 vel
1296 1997 1601 2041 contemplationem
1631 1996 1836 2041 principum,
1868 1996 1962 2030 etiam

1225 2051 1438 2095 imperatoris,
1450 2061 1574 2093 regum,
1599 2051 1716 2085 ducum
1736 2056 1767 2084 et
1787 2060 1962 2095 rerumpu-

1224 2104 1381 2137 blicarum
1402 2104 1451 2137 vel
1471 2104 1703 2148 praelatorum,
1720 2103 1814 2137 etiam
1830 2103 1861 2138 S.
1875 2103 1911 2137 R.
1928 2103 1961 2137 E.

1224 2157 1446 2199 cardinalium,
1461 2162 1515 2190 aut
1528 2157 1663 2190 aliarum
1686 2167 1965 2201 quarumcumque

1224 2221 1447 2254 personarum,
1462 2216 1524 2243 tam
1538 2210 1749 2244 saecularium
1761 2221 1857 2254 quam
1868 2211 1965 2244 eccle-

1224 2264 1435 2308 siasticarum,
1456 2269 1544 2298 extra
1565 2264 1685 2298 dietum
1706 2263 1864 2307 gremium
1885 2263 1965 2298 exis-

1227 2318 1373 2359 tentium,
1391 2318 1430 2351 ad
1449 2318 1587 2351 cuiusvis
1603 2317 1729 2360 generis
1748 2317 1961 2361 praelaturaS,

1225 2372 1354 2413 gradus,
1378 2372 1530 2412 honores,
1555 2371 1734 2414 dignitates,
1758 2371 1964 2405 administra-

1226 2424 1338 2466 tiones,
1363 2424 1543 2458 sunctiones
1571 2431 1599 2458 et
1631 2424 1736 2458 officia
1761 2424 1863 2458 dietae
1883 2424 1964 2459 Con-

1225 2478 1399 2521 regationis
1419 2488 1612 2522 promovere
1632 2478 1678 2511 vel
1704 2488 1824 2522 poenas
1842 2477 1964 2522 aliquas

1227 2532 1390 2566 remittere
1410 2532 1549 2565 audeant
1568 2531 1615 2565 vel
1637 2537 1854 2575 praesumant.

1271 2587 1287 2628 ἓ
1307 2585 1338 2619 lt.
1358 2586 1570 2619 Decernentes
1591 2585 1762 2619 electiones
1782 2590 1814 2618 et
1833 2594 1964 2629 promo·
1978 2586 2139 2635 mfflffgggg‘

1229 2639 1330 2673 tiones
1354 2639 1394 2672 ad
1419 2638 1613 2672 monasteria
1633 2649 1688 2672 seu
1717 2637 1880 2682 prioratus
1914 2638 1962 2671 vel
1978 2641 2034 2662 “ffl-
2167 2634 2169 2637 ’

1209 2682 1214 2733 Ι
1227 2692 1331 2727 officia
1345 2692 1504 2725 dictorum
1518 2691 1780 2734 Congregationis
1794 2697 1825 2726 et
1835 2691 1962 2726 Ordinis
