2227 3241
25 257 122 287 ausa
139 253 208 285 1602

47 1337 147 1359 Clemens,
162 1335 202 1356 hu-

23 1363 117 1387 tiumodi,
144 1362 204 1383 aliis-

23 1396 63 1418 φο
80 1391 203 1411 controver-

22 1419 50 1440 nis
59 1417 86 1438 ad
95 1422 117 1438 ιο
127 1420 206 1437 avoca-

832 257 978 281 CLEMENS
999 258 1056 281 vttt
1079 259 1128 282 Pr.

221 304 389 338 ecelesiam
412 304 649 338 Ariminensem
675 304 753 337 nulli
782 304 874 337 alteri
896 315 964 337 me-

222 358 359 402 tropoli,
386 357 446 391 nisi
473 363 596 391 tantum
623 358 807 403 praedictae
821 358 851 391 S.
869 358 904 390 R.
926 358 959 390 E.

220 412 370 453 subesse,
394 412 442 445 vel
466 412 563 445 etiam
586 412 617 445 in
638 412 803 456 provincia
829 414 962 445 romana

220 465 464 509 comprehendi,
475 465 623 509 illiusque
637 465 801 509 praesules
814 475 873 509 pro
888 470 964 498 tem-

219 528 300 562 pore
320 519 489 552 existentes
514 529 532 552 a
556 519 667 560 nullo,
691 525 919 563 praeterquam
945 529 962 552 a

220 573 366 606 Romano
386 573 541 607 Pontifice
561 583 620 617 pro
635 578 779 616 tempore
794 572 958 613 existente,

221 626 269 659 vel
290 627 329 660 de
349 626 417 660 eius
445 626 594 667 licentia,
618 626 800 660 consecrari
821 626 958 666 dehere;

219 684 250 713 et
280 679 427 713 similiter
455 679 627 724 episcopus
658 679 871 713 Ferrariensis
902 690 960 724 pro

220 737 366 776 tempore
387 733 543 767 existens¹
571 733 770 778 praedictam
792 734 958 767 ecclesiam

219 787 469 828 Ferrariensem,
490 787 561 821 licet
586 788 640 821 illa
657 787 734 821 olim
752 788 811 821 sub
832 788 958 821 Raven-

218 841 354 881 natensi,
375 841 421 874 vel
441 841 547 885 potius
565 841 806 882 Mediolanensi,
831 842 961 886 provin-

219 894 274 927 ciis
291 893 483 938 praedictis³
500 895 607 928 forsan
629 894 864 939 comprehensa
886 895 961 928 fuis-

218 953 275 989 set,
290 953 397 982 tamen
410 948 564 992 temporis
582 959 753 993 progressu
766 960 783 982 a
794 949 960 982 Ravenna-

219 1001 299 1035 tensi
310 1002 577 1036 etMediolanensi
590 1002 763 1046 provinciis
773 1002 959 1036 huiusmodi

218 1061 422 1099 exemptam,
457 1055 627 1100 dictaeque
659 1056 732 1090 Sedi
758 1056 960 1100 Apostolicae

218 1108 404 1143 immediate
424 1109 614 1151 subiectam,
635 1109 907 1153 praetendebant;
931 1115 959 1143 et

218 1162 331 1196 exinde
348 1173 460 1206 graves
475 1163 545 1196 lites
563 1168 593 1197 et
614 1163 806 1204 discordiae,
823 1162 884 1196 nisi
901 1163 960 1197 illis

218 1226 381 1259 congruae
405 1216 598 1261 provisionis
631 1217 775 1250 remedio
803 1227 957 1251 occurre-

218 1274 342 1311 rentur,
365 1270 538 1304 succedere
558 1276 727 1315 poterant,

263 1325 280 1366 ξ
298 1323 328 1357 3.
345 1324 382 1357 Εῑ
395 1330 569 1369 propterea
582 1325 760 1368 cupientes,
779 1335 867 1359 more
885 1336 960 1370 pro-

218 1376 282 1410 vidi
303 1382 335 1410 et
351 1377 455 1420 vigilis
474 1377 623 1421 pastoris,
648 1377 744 1411 officii
767 1378 869 1412 nostri
888 1390 961 1423 par-

220 1436 265 1465 tes
289 1431 429 1475 desuper
448 1431 665 1475 interponere,
689 1442 726 1465 ac
748 1437 809 1465 tam
832 1433 958 1466 Raven-

218 1484 358 1518 natensis
383 1495 480 1529 quam
513 1485 725 1518 Bononiensis
751 1486 958 1520 ecclesiarum

217 1537 455 1581 praedictarum
471 1538 565 1572 statui
581 1543 611 1571 et
625 1538 891 1573 indemnitatibus
903 1540 960 1573 ali-

217 1593 281 1635 qua
293 1592 467 1625 accomoda
482 1592 606 1625 ratione
621 1592 818 1637 prospicere,
833 1603 960 1626 earum-

217 1656 280 1689 que
294 1645 456 1689 praesules
471 1656 488 1678 a
502 1645 606 1679 litium
622 1651 652 1679 et
666 1646 957 1680 controversiarum

217 1697 403 1732 huiusmodi
425 1699 640 1733 incommodis
661 1705 692 1733 et
712 1700 887 1744 dispendiis
909 1712 959 1734 ex-

218 1752 351 1796 plicare,
373 1764 409 1786 ac
427 1753 458 1786 in
475 1753 562 1797 pacis
576 1763 612 1786 ac
630 1753 746 1797 quietis
763 1755 959 1788 amoenitate

217 1807 400 1848 confovere,
418 1807 457 1840 de
477 1807 661 1851 praemissis
682 1808 832 1841 omnibus
847 1814 876 1842 et
896 1808 959 1842 sin-

217 1859 311 1902 gulis,
329 1870 508 1904 eorumque
529 1860 793 1902 circumstantiis,
817 1872 876 1895 nec
894 1873 958 1895 non

216 1914 355 1957 partium
371 1914 612 1958 praedictarum
628 1915 762 1956 iuribus,
779 1915 959 1949 rationibus

217 1973 248 2001 et
260 1968 541 2012 praetensionibus
556 1968 723 2010 universis,
741 1969 836 2013 plene
851 1975 881 2003 et
894 1970 960 2004 suf-

217 2020 363 2055 ficienter
383 2021 541 2063 instructi,
565 2028 638 2067 post
659 2028 816 2056 maturam
838 2024 959 2058 delibe-

218 2075 376 2109 rationem
395 2086 492 2120 super
509 2076 557 2110 his
576 2087 650 2110 cum
669 2076 822 2111 fratribus
840 2078 959 2112 nostris

217 2127 372 2170 habitam,
400 2135 489 2163 motu
510 2130 654 2174 proprio,
678 2136 708 2164 et
733 2141 768 2164 ex
795 2133 880 2165 certa
902 2142 959 2166 no-

218 2183 282 2215 stra
295 2181 440 2223 scientia,
458 2183 562 2227 deque
583 2183 779 2227 apostolicae
794 2185 959 2229 potestatis

217 2235 431 2279 plenitudine,
455 2247 491 2271 ac
511 2239 702 2272 eorumdem
725 2239 859 2272 fratrum
881 2250 958 2273 con-

253 2316 263 2341 t
283 2315 312 2342 In
328 2316 418 2343 Const.
432 2316 544 2344 inferius
560 2318 647 2353 posita
662 2319 779 2353 legetur,
795 2319 865 2346 sicut
876 2320 958 2346 etiam

217 2360 287 2395 apud
304 2360 418 2396 Ughelli,
441 2363 569 2397 episcopi
588 2363 791 2391 Feri-arienses
812 2373 867 2399 pro
892 2368 959 2392 lem·

215 2411 283 2438 pore
303 2405 470 2439 existentes,-
491 2411 596 2434 atvero
612 2407 701 2434 forsan
722 2408 880 2443 legendum:
901 2409 960 2444 epi-

217 2457 316 2485 scopus
335 2451 538 2479 Ferrariensz‘s
562 2460 616 2487 pro
647 2456 774 2487 tempore
793 2454 958 2489 aristotiles,

219 2493 286 2522 adeo
310 2498 338 2521 ut
366 2495 416 2523 hoc
443 2496 548 2532 plurale
577 2497 730 2532 praedictos
754 2506 862 2533 quoque
887 2506 960 2525 com-

219 2537 385 2575 prehendat,
406 2540 475 2567 sicut.
493 2545 587 2577 postea
607 2542 714 2569 dicetur
730 2542 959 2577 praetendebant

219 2587 259 2615 (a.
278 2586 326 2616 Τ.).

254 2626 271 2654 2
291 2627 343 2654 Vox
361 2630 517 2663 praedictis
533 2630 685 2658 redundare
711 2630 825 2664 videtur,
848 2639 897 2657 nec
920 2631 958 2658 le-

220 2672 290 2707 gitur
309 2672 377 2699 infra
393 2674 418 2700 in
435 2675 493 2702 loco
510 2675 602 2710 parall.
621 2675 709 2702 feast.
727 2682 835 2701 ecctxvt
854 2678 891 2710 (a.
909 2677 957 2710 r).

996 305 1068 338 silio
1089 312 1120 339 et
1146 307 1290 339 unanimi
1316 317 1458 345 assensu,
1488 316 1600 340 omnes
1620 312 1652 339 et
1671 306 1736 339 sin-

997 359 1086 400 gulas
1108 359 1178 393 lites
1196 366 1227 393 et
1247 360 1481 394 controversias
1499 371 1596 404 super
1616 360 1738 393 eisdem

997 413 1193 455 praemissis,
1212 419 1241 446 et
1260 413 1390 446 illorum
1413 414 1591 455 offlasiono,
1607 413 1638 446 in
1654 413 1739 447 dicta

996 466 1250 508 Congregatione
1272 467 1319 500 vel
1337 467 1413 500 alibi
1435 478 1543 501 coram
1566 467 1739 511 praedictis

996 519 1227 561 cardinalibus,
1251 527 1305 554 aut
1323 521 1581 565 quibuscumque
1603 521 1672 554 aliis
1690 520 1739 554 iu-

997 572 1143 613 dicibus,
1166 573 1340 607 ordinariis
1370 575 1417 608 vel
1439 574 1612 617 delegatis,
1640 574 1736 608 etiam

996 637 1165 660 causarum
1190 627 1265 659 dicti
1293 627 1401 660 Palatii
1427 628 1641 669 auditoribus,
1672 634 1735 662 tam

996 680 1078 713 inter
1092 680 1357 724 metropolitanas
1372 681 1519 719 invicem,
1542 693 1638 726 quam
1654 682 1738 716 inter

996 733 1079 777 ipsas
1101 733 1367 778 metropolitanas
1393 740 1422 768 et
1447 735 1665 778 suffraganeas
1686 747 1737 770 ec·

995 787 1107 820 ctesias
1124 787 1322 828 huiusmodi,
1340 789 1387 822 vel
1410 789 1537 822 illarum
1559 790 1734 833 praesules,

996 846 1109 881 motas,
1127 847 1155 874 et
1170 841 1328 875 indecisas
1349 843 1537 886 pendentes,
1556 843 1587 876 in
1605 844 1737 888 quibus-

995 905 1134 938 cumque
1159 900 1243 928 statu
1265 901 1293 929 et
1324 895 1468 929 terminis
1493 897 1734 941 reperirentur,

995 948 1034 981 ad
1059 958 1118 981 nos
1139 948 1354 989 avocavimus,
1383 960 1501 993 easque
1522 951 1650 993 penitus
1670 961 1738 984 cas-

994 1002 1133 1035 savimus
1148 1008 1177 1035 et
1192 1002 1402 1036 extinximus:
1424 1014 1460 1036 ac
1481 1004 1648 1037 ecclesiam
1671 1005 1734 1038 Ra-

996 1061 1222 1089 vennatensem
1238 1057 1451 1100 praedictam,
1465 1062 1496 1090 et
1510 1057 1594 1090 illius
1607 1068 1737 1101 praesu-

995 1108 1039 1142 les
1057 1119 1117 1152 pro
1137 1116 1282 1154 tempore
1303 1110 1483 1151 existentes,
1504 1111 1655 1144 adversus
1673 1116 1735 1144 tam

996 1162 1116 1196 litteras
1146 1164 1291 1206 Gregorii
1327 1164 1586 1208 praedecessoris
1620 1164 1734 1198 huius,-

996 1215 1094 1257 modi,
1119 1217 1226 1261 quoad
1246 1228 1282 1251 ea
1303 1228 1385 1262 quae
1407 1219 1595 1251 imolensem
1615 1224 1646 1252 et
1665 1218 1737 1252 Cer—

995 1269 1135 1303 riensem
1167 1271 1339 1309 ecelesias,
1373 1272 1403 1304 in
1437 1272 1598 1306 umbelico
1633 1272 1737 1306 dictae

995 1325 1181 1370 provinciae
1213 1326 1466 1359 Ravennatensis
1500 1326 1710 1360 consistentes
1726 1354 1733 1365 .

994 1389 1172 1423 earumque
1193 1379 1368 1422 praesules,
1392 1379 1543 1423 capitula,
1568 1380 1687 1413 clerum
1707 1385 1737 1413 ct

994 1433 1162 1476 populum,
1192 1432 1334 1466 civitates
1355 1439 1385 1466 et
1406 1433 1569 1467 dioeceses
1594 1433 1737 1467 afficiunt

994 1485 1150 1528 (eiusdem
1172 1486 1319 1529 Gregorii
1342 1487 1599 1530 praedecessoris
1623 1487 1737 1520 litteris

994 1550 1057 1583 quo
1078 1540 1117 1573 ad
1139 1545 1265 1573 caetera
1283 1540 1313 1572 in
1335 1540 1379 1573 eis
1400 1546 1550 1574 contenta
1571 1541 1648 1574 alias
1668 1541 1733 1574 sal-

994 1593 1055 1634 vis,
1085 1604 1120 1627 ac
1150 1594 1182 1627 in
1211 1605 1269 1628 suo
1298 1595 1415 1628 robore
1444 1595 1733 1639 permanentibus),

994 1646 1112 1691 quam¹
1138 1657 1251 1681 omnes
1275 1653 1306 1681 et
1330 1658 1551 1692 quascumque
1581 1649 1619 1682 dc
1652 1648 1734 1687 iltis,

994 1712 1052 1735 nec
1066 1712 1130 1735 non
1142 1701 1336 1735 Ferrariensi
1349 1707 1379 1735 et
1389 1702 1583 1736 Ariminensi
1595 1702 1737 1736 ecclesiis

994 1756 1177 1800 praedictis,
1194 1767 1253 1800 per
1279 1757 1441 1800 praefatos
1465 1762 1496 1789 et
1514 1767 1736 1800 quoscumque

994 1810 1074 1844 alios
1102 1810 1265 1844 Romanos
1286 1810 1457 1844 Pontifices
1484 1815 1515 1843 et
1545 1810 1735 1854 praedeces-

993 1875 1081 1898 sores
1103 1870 1240 1905 nostros,
1262 1864 1446 1908 dictamque
1467 1864 1582 1898 Sedent
1600 1865 1736 1908 Aposto-

994 1918 1087 1952 licam
1110 1919 1148 1952 ab
1170 1918 1306 1952 ecclesia
1327 1924 1356 1951 ct
1382 1918 1547 1962 provincia
1568 1918 1736 1951 Ravenna-

995 1973 1074 2006 tcnsi
1096 1972 1257 2006 liuismodi
1278 1972 1375 2005 factas
1395 1972 1615 2016 separationes
1636 1977 1666 2005 et
1689 1982 1737 2005 se-

993 2027 1206 2070 gregationes,
1224 2027 1407 2068 divisiones,
1421 2026 1735 2066 dismembrafiones,

993 2081 1216 2115 distractiones
1234 2087 1265 2115 et
1278 2081 1508 2125 exemptiones,
1526 2091 1562 2114 ac
1576 2080 1670 2114 etiam
1687 2080 1737 2113 lit-

995 2134 1096 2169 teras²
1109 2135 1196 2168 Lucii
1211 2141 1240 2168 et
1254 2135 1443 2176 Innocentii,
1461 2134 1666 2178 aliorumque
1679 2134 1737 2168 Ro-

994 2199 1164 2223 manorum
1178 2188 1371 2222 Pontificum
1386 2188 1584 2229 huiusmodi,
1599 2199 1657 2222 nec
1671 2198 1735 2221 non

994 2244 1100 2276 forsan
1127 2244 1340 2287 subsequutas
1361 2243 1594 2277 declarationes
1623 2248 1654 2276 et
1678 2252 1735 2275 an-

994 2296 1212 2337 novationes³,
1236 2307 1272 2330 ac
1290 2296 1431 2340 denique
1457 2296 1487 2329 in
1514 2295 1684 2340 pristinum
1705 2301 1736 2328 et

1030 2366 1040 2390 t
1064 2364 1174 2400 Nempe:
1192 2373 1281 2400 quam
1297 2365 1433 2392 adversus
1445 2373 1553 2398 omnes,
1567 2370 1619 2391 etc.
1632 2367 1671 2397 (R.
1686 2368 1734 2396 T.)-

1027 2409 1043 2435 ⁹2
1065 2408 1210 2445 Perperam
1227 2409 1291 2436 edit.
1309 2409 1388 2436 Main.
1407 2409 1469 2444 legit
1485 2409 1588 2436 litteris
1609 2410 1647 2442 (R.
1664 2410 1712 2441 τ.).

1028 2452 1043 2479 3
1064 2452 1134 2480 Edit.
1156 2453 1234 2480 Maia.
1251 2453 1318 2487 legit
1332 2453 1542 2480 numerationes
1558 2457 1582 2479 et
1600 2452 1632 2479 ad
1649 2460 1735 2488 marg.

993 2497 1104 2532 apponit
1118 2497 1237 2524 notulam
1258 2498 1322 2530 Sic,
1345 2506 1439 2525 revera
1460 2505 1541 2533 supra
1561 2498 1573 2532 5
1595 2496 1611 2523 2
1634 2496 1736 2524 mentio

993 2541 1064 2568 facta
1078 2541 1129 2568 suit
1143 2542 1294 2569 litterarum
1310 2542 1528 2569 confirmatarum
1540 2545 1567 2569 et
1582 2542 1736 2569 innovata·

993 2594 1077 2619 γυνη
1098 2586 1146 2614 sed
1166 2591 1222 2614 tum
1239 2587 1265 2614 in
1287 2590 1377 2615 Const.
1395 2588 1465 2614 infra
1482 2587 1578 2623 posita,
1596 2591 1651 2614 tum
1667 2586 1734 2614 ibid.

994 2631 1065 2665 apud
1082 2631 1189 2665 Ughelli
1206 2632 1304 2667 legitur
1320 2632 1551 2659 enumerationes:
1564 2631 1659 2666 seligat
1676 2640 1735 2667 pru-

994 2676 1060 2702 dens
1079 2676 1164 2703 lector
1178 2677 1220 2711 (n.
1236 2682 1284 2711 r).

1647 248 1709 282 149
1757 258 1807 284 An.
1825 258 1852 284 c.
1871 257 1939 285 1604

1763 1012 1786 1032 Et
1797 1012 1888 1032 ecelesia
1897 1011 1936 1032 Ra*

1754 1041 1876 1059 venitatem!
1886 1044 1937 1064 quo-

1753 1065 1779 1085 ad
1795 1067 1866 1091 auquu
1883 1066 1937 1085 rein-

1753 1094 1846 1117 legin-1³2
