2227 3241
22 277 73 307 An.
90 277 118 305 C.
137 276 205 305 1605

59 1029 156 1052 clausula
176 1035 208 1051 su-

25 1056 84 1081 blata.

65 1458 138 1484 iussio.
153 1459 210 1485 qnod

29 1484 128 1507 fflctales
146 1486 210 1512 gratis

0 1521 1 1542 3
29 1511 150 1540 expediant.

2 2475 8 2502 l
67 2477 162 2501 clausuta
175 2480 215 2501 de-

3 2508 8 2527 t
34 2506 143 2531 remorta.

22 2672 27 2705 l

869 275 988 300 PAULt's
1008 277 1027 299 V
1047 277 1097 300 PP.

216 324 322 366 nibus,
346 324 656 366 modificationibus,
678 323 815 358 decretis
837 329 867 357 et
884 333 960 356 con-

217 378 438 412 stitutionibus
456 378 653 422 apostolicis,
675 378 852 420 gratiarum
871 387 960 410 revo-

218 431 348 465 catoriis
363 460 370 473 ,
407 432 452 465 vel
485 442 567 475 quae
606 442 658 464 eas
694 432 871 464 limitarent
911 431 959 463 vel

219 485 438 526 moderarent,
462 495 543 529 quae
565 495 581 518 a
601 485 695 518 nobis
720 490 750 518 et
770 485 855 518 dicta
880 484 961 517 Sede

219 549 279 582 pro
297 545 453 583 ternpore,
471 545 500 572 et
515 550 550 572 ex
565 538 729 582 quibusvis
743 539 847 571 causis
865 538 960 571 etiam

219 592 466 634 urgentissimis,
491 592 588 625 etiam
610 591 642 624 in
669 591 811 625 savorem
832 591 906 625 fidei
933 597 963 624 et

220 645 318 678 divini
337 646 440 679 cultus
454 652 675 688 augmentum,
693 645 789 678 etiam
809 644 964 678 consisto-

219 698 353 739 rialiter,
377 698 425 732 vel
443 698 520 733 alias
541 699 651 742 quavis
669 699 859 732 auctoritate
882 698 959 731 liac-

219 757 312 785 tenus
335 752 384 785 vel
408 751 620 796 imposterum
647 752 884 793 emanaverint,
905 751 964 784 mi-

219 806 307 840 nime
348 805 600 850 comprehensas
630 817 717 847 esse,
750 806 805 840 sed
838 806 964 850 quoties

221 860 294 894 illae
315 860 522 901 e'manabunt‚
547 860 641 894 toties
661 861 790 894 easdem
812 870 964 904 praesen-

221 920 268 948 tes
293 914 325 948 in
345 914 518 958 pristinum
539 920 659 948 statum
685 915 844 959 repositas
865 919 895 947 et
916 924 966 947 re-

223 968 398 1011 integi-atas
417 979 484 1001 esse
505 973 537 1002 et
555 968 697 1009 censeri;

268 1023 285 1064 ἓ
305 1020 358 1054 Μ.
382 1021 498 1065 Sicque
515 1032 573 1066 per
594 1032 817 1066 quoscumque
843 1021 966 1055 iudices

224 1081 256 1110 et
281 1075 520 1109 commissarios
541 1076 652 1120 quavis
680 1076 871 1110 auctoritate
896 1076 967 1109 sun-

224 1135 334 1172 gentes
348 1129 486 1174 (sublata
499 1129 543 1163 eis
561 1135 591 1163 et
607 1140 720 1163 eorum
739 1130 873 1163 cuilibet
889 1141 968 1174 qua-

224 1183 269 1217 vis
297 1183 390 1216 aliter
410 1183 574 1217 iudicandi
603 1189 632 1217 et
664 1183 898 1227 interpretandi
925 1183 967 1216 fa-

204 1267 212 1275 ,
224 1237 355 1280 cultate)
374 1237 405 1269 in
423 1237 534 1281 quavis
551 1240 646 1270 causa
667 1243 695 1270 et
719 1238 868 1270 instantia
886 1237 968 1270 iudi-

224 1290 291 1323 cari
312 1296 342 1323 et
369 1290 497 1323 definiri
524 1291 660 1324 debere:
689 1291 816 1324 irritum
839 1301 969 1335 quoque

225 1349 255 1377 et
275 1344 370 1377 inane
390 1343 549 1388 quidquid
569 1354 660 1377 secus
678 1354 775 1388 super
803 1344 870 1384 his,
895 1349 940 1378 etc
958 1372 965 1385 ,

225 1397 425 1440 ignoranter,
447 1397 617 1439 contigerit
639 1398 801 1431 attentari.

271 1452 287 1493 ξ
308 1450 360 1483 45.
385 1451 421 1483 Et
442 1451 574 1494 insuper
600 1451 726 1484 dilectis
751 1451 826 1484 filiis
848 1451 965 1484 rescri-

226 1504 384 1538 bendario
405 1511 436 1538 et
455 1505 673 1548 computatori
692 1505 871 1538 litterarum
893 1516 969 1549 apo-

225 1559 427 1600 stolicarum,
452 1564 482 1592 et
503 1559 574 1592 aliis
595 1559 635 1592 ad
656 1569 737 1603 quos
765 1565 907 1604 spectat,
936 1559 966 1592 in

225 1612 342 1646 virtute
363 1618 492 1646 sanctae
506 1612 724 1653 obedientiae,
741 1618 771 1646 et
788 1613 847 1646 sub
864 1615 969 1657 poena

225 1665 457 1709 indignationis
477 1671 618 1706 nostrae,
644 1671 734 1699 motu
755 1666 851 1699 simili
878 1678 968 1700 man-

226 1719 340 1753 damus
360 1725 396 1753 ut
416 1719 539 1753 litteras
559 1719 741 1764 praedictas
761 1731 858 1764 super
875 1731 969 1764 prac-

226 1773 331 1807 missis
352 1774 503 1808 omnibus
524 1780 553 1808 et
575 1774 722 1817 singulis,
747 1780 811 1807 tam
833 1775 969 1807 coniun-

227 1827 303 1860 ctim
332 1838 430 1871 quam
463 1827 616 1868 divisim,
652 1838 687 1861 ac
720 1838 779 1871 pro
810 1827 966 1871 singulis,

226 1881 344 1925 quibus
369 1892 520 1916 concessa
547 1882 695 1923 fuerunt,
724 1893 759 1915 ac
784 1883 917 1916 seorsim
940 1888 969 1916 et

225 1935 410 1979 separatim,
434 1946 507 1969 cum
529 1935 679 1969 omnibus
703 1941 733 1968 et
754 1935 966 1978 quibuscum-

227 1998 291 2032 que
314 1989 589 2032 derogationibus,
614 1989 753 2023 decretis
771 1995 801 2023 et
818 1990 970 2023 clausulis

226 2041 260 2075 in
289 2042 334 2076 eis
354 2043 524 2084 contentis,
546 2043 644 2086 gratis
665 2043 703 2077 de
729 2044 881 2077 mandato
906 2055 967 2077 no·

226 2102 292 2130 stro
313 2097 434 2142 ubique
463 2098 495 2131 in
516 2098 666 2131 omnibus
685 2098 782 2132 etiam
804 2098 970 2132 abbrevia-

228 2156 335 2184 torum
351 2179 359 2193 ,
395 2152 640 2186 sollicitatorum
656 2180 663 2193 ,
698 2153 943 2186 secretariorum
961 2181 967 2193 ,

227 2204 420 2249 plumbique
442 2210 472 2239 et
492 2205 618 2248 registri
637 2205 753 2239 officiis
774 2206 895 2249 absque
915 2206 971 2239 ali-

229 2261 293 2302 qua
322 2259 534 2303 pecuniarum
568 2259 756 2300 exactione,
791 2260 885 2293 etiam
916 2270 972 2303 per

228 2311 313 2346 viam
331 2313 576 2357 compositionis
596 2313 753 2353 facienda,
779 2313 868 2346 omni
893 2324 970 2346 con-

229 2365 420 2399 tradictione
452 2373 483 2400 et
513 2366 668 2400 dilatione
692 2366 900 2407 cessantibus,
924 2367 968 2399 si-

229 2424 327 2461 gnent
351 2420 586 2464 expediuntque
608 2426 639 2454 ct
659 2420 802 2464 expediri
823 2420 950 2453 saciant.

273 2472 288 2516 ἓ
309 2472 359 2506 16.
384 2474 453 2507 Non
480 2474 681 2507 obstantibus
713 2473 911 2517 praemissis,
936 2484 972 2507 ac

230 2525 270 2559 de
287 2531 374 2560 certo
392 2528 584 2560 eorumdem
602 2527 805 2560 notariorum
824 2537 973 2567 numero,

232 2579 355 2613 etiamsi
376 2581 416 2614 ad
438 2581 527 2614 illum
558 2581 703 2614 nondum
725 2581 763 2613 sit
786 2581 969 2618 deventum,

995 326 1061 356 tera
1082 324 1198 357 nostris
1232 324 1270 357 de
1303 323 1498 367 praestando
1520 332 1680 356 consensu
1705 321 1737 354 in

995 377 1215 420 pensionibus,
1244 388 1303 410 nec
1324 387 1389 410 non
1418 376 1519 410 felicis
1538 375 1739 410 recordatio-

996 430 1044 463 nis
1068 431 1113 463 Pii
1140 431 1243 474 Papae
1265 432 1312 472 tv,
1344 431 1602 475 praedecessoris
1622 431 1736 471 nostri,

996 484 1035 516 de
1065 484 1224 517 similibus
1251 485 1298 517 vel
1331 485 1541 518 dissimilibus
1571 484 1682 527 gratiis
1707 484 1740 517 in

995 537 1128 571 Camerti
1139 538 1323 582 Apostolica
1337 539 1418 571 infra
1433 544 1496 572 tres
1512 549 1638 572 menses
1652 548 1741 582 prae-

997 590 1162 624 sentandis
1191 597 1221 624 et
1250 591 1471 633 registrandis,
1495 602 1622 625 necnon
1644 602 1736 624 reco-

998 644 1111 677 lendae
1134 644 1310 677 memoriae
1339 645 1384 677 Pii
1410 646 1514 689 Papae
1535 645 1569 685 V,
1601 645 1738 689 praede-

998 697 1133 731 cessoris
1148 698 1261 738 nostri,
1279 705 1392 731 contra
1407 699 1601 741 illegitimos,
1616 709 1742 732 necnon

999 751 1192 784 pictavensis
1213 751 1361 792 concilii,
1385 757 1416 785 et
1444 752 1514 785 aliis
1543 752 1739 796 apostolicis,

998 815 1035 838 ac
1053 804 1149 838 etiam
1170 805 1201 837 in
1222 805 1459 838 universalibus
1480 806 1743 849 provincialibus-

999 869 1061 901 que
1079 858 1224 892 conciliis
1245 859 1349 900 editis,
1374 859 1567 903 specialibus
1585 860 1631 892 vel
1646 870 1743 902 gene-

999 913 1120 946 ralibus
1130 912 1416 946 constitutionibus
1429 918 1460 946 et
1474 913 1744 955 ordinationibus,

1000 977 1125 1000 necnon
1145 966 1366 1007 ecclesiarum,
1389 967 1671 1008 monasteriorum,
1688 967 1746 1000 Or-

1001 1021 1112 1054 (linum
1132 1021 1228 1054 etiam
1251 1021 1351 1054 sancti
1372 1021 1500 1054 Ioannis
1517 1021 1745 1066 Hierosolymi-

1003 1075 1078 1115 tani,
1102 1086 1139 1108 ac
1159 1075 1255 1108 etiam
1283 1075 1378 1108 Urbis
1403 1075 1524 1108 Romae
1550 1081 1580 1107 et
1607 1075 1744 1107 aliarum

991 1129 1178 1169 ·civitatum,
1203 1128 1397 1172 oppidorum
1418 1134 1448 1161 et
1469 1134 1640 1170 terrarum,
1664 1139 1743 1162 nec-

1001 1193 1066 1216 non
1095 1182 1250 1217 Camerae
1272 1182 1456 1227 praedictae
1471 1210 1479 1223 ,
1505 1188 1536 1216 et
1557 1183 1746 1227 quarumvis

1003 1236 1261 1277 universitatum,
1284 1236 1380 1269 etiam
1403 1236 1597 1277 iuramento,
1622 1236 1743 1270 confir-

1003 1290 1145 1323 matione
1167 1290 1343 1333 apostolica
1357 1317 1364 1330 ,
1393 1290 1441 1322 vel
1463 1290 1574 1333 quavis
1594 1290 1747 1322 firmitate

1002 1344 1063 1377 alia
1077 1343 1248 1384 roboratis,
1265 1343 1389 1376 statutis
1403 1349 1433 1376 et
1447 1343 1746 1386 consuetudinibus,

1003 1397 1245 1437 stabilimentis,
1270 1397 1400 1437 usibus,
1428 1398 1571 1438 naturis,
1596 1397 1743 1437 decretis,

1003 1458 1034 1484 et
1062 1451 1156 1484 etiam
1187 1451 1276 1483 novis
1298 1450 1596 1491 reformationibus,
1620 1461 1747 1484 necnon

1003 1505 1100 1538 etiam
1124 1505 1248 1547 legibus
1271 1510 1334 1537 tam
1351 1504 1539 1548 pontificiis,
1564 1515 1660 1548 quam
1682 1504 1745 1537 im-

1002 1558 1189 1603 perialibus,
1215 1558 1311 1600 regiis
1332 1564 1362 1591 et
1383 1558 1563 1598 ducalibus,
1585 1558 1681 1591 etiam
1699 1569 1748 1591 sa-

1003 1613 1065 1646 cris
1086 1613 1282 1653 canonibus,
1307 1613 1483 1657 privilegiis
1515 1623 1664 1656 quoque,
1693 1612 1745 1646 in-

1004 1668 1101 1701 dultis
1122 1674 1152 1701 et
1173 1667 1288 1701 litteris
1306 1667 1490 1711 apostolicis
1511 1667 1748 1710 superioribus,

1004 1727 1034 1755 ct
1062 1721 1230 1765 personis,
1266 1732 1302 1754 ac
1326 1720 1405 1754 locis
1431 1720 1691 1764 quibuscumque
1716 1720 1748 1753 in

1004 1786 1122 1818 genere
1143 1775 1189 1808 rel
1212 1774 1243 1807 in
1265 1774 1372 1818 specie
1402 1774 1461 1807 sub
1489 1774 1748 1818 quibuscumque

1005 1828 1172 1863 tenoribus
1198 1834 1229 1861 ct
1259 1828 1392 1869 formis,
1419 1839 1455 1861 ac
1483 1839 1556 1861 cum
1584 1828 1749 1871 quibusvis

1005 1882 1284 1925 derogatoriarum
1304 1882 1530 1924 derogatoriis,
1552 1882 1687 1926 aliisque
1705 1882 1749 1914 ef-

1004 1937 1209 1970 ficacioribus
1227 1942 1258 1970 et
1279 1936 1417 1969 insolitis
1435 1936 1599 1976 clausulis,
1621 1936 1749 1969 irritan-

1005 1991 1176 2035 tibusque,
1206 1996 1237 2023 ct
1267 1990 1337 2023 aliis
1370 1990 1532 2031 decretis,
1562 1989 1658 2023 etiam
1684 1990 1748 2022 vim

1004 2050 1186 2078 contractus
1212 2049 1242 2077 et
1266 2043 1374 2076 statuti
1402 2043 1551 2087 perpetui
1581 2043 1749 2076 continen-

1006 2098 1100 2139 tibus,
1125 2110 1160 2131 ac
1181 2098 1277 2131 etiam
1299 2103 1406 2137 motu,
1439 2097 1571 2131 scientia
1601 2102 1631 2130 et
1656 2102 1748 2141 pote-

1004 2152 1092 2186 statis
1107 2152 1307 2196 plenitudine
1323 2151 1494 2191 similibus,
1509 2162 1546 2184 ac
1559 2151 1656 2184 etiam
1672 2161 1749 2184 con-

1005 2206 1219 2247 sistorialiter,
1230 2213 1261 2243 et
1275 2205 1392 2239 aliasin
1405 2205 1602 2238 contrarium
1617 2215 1750 2248 quomo-

1006 2260 1128 2293 dolibet
1141 2259 1312 2300 concessis,
1322 2259 1521 2292 confirmatis
1535 2265 1565 2292 et
1579 2258 1749 2299 innovatis,

1006 2313 1067 2346 illis
1088 2313 1295 2357 pracsertim,
1322 2313 1440 2356 quibus
1459 2313 1540 2345 inter
1561 2312 1623 2344 :ilia
1644 2311 1748 2344 careri

1007 2366 1294 2410 dicitur-expresse,
1309 2367 1396 2409 quod
1411 2365 1568 2398 beneficia
1578 2364 1670 2398 Urbis
1684 2375 1747 2397 non

1006 2419 1067 2453 nisi
1096 2420 1241 2464 personis
1270 2419 1328 2452 sub
1351 2419 1446 2452 certis
1472 2419 1569 2451 modo
1591 2424 1618 2451 ct
1646 2418 1748 2450 l'orma

1006 2473 1085 2506 inibi
1107 2472 1300 2517 qualilicatis
1323 2478 1353 2505 et
1376 2471 1522 2505 oriundis
1540 2482 1575 2503 cx
1595 2470 1689 2503 certis
1703 2471 1749 2503 lo-

1007 2526 1051 2559 cis
1076 2537 1111 2558 ac
1138 2525 1234 2558 trium
1256 2525 1411 2558 Ordinum
1434 2530 1464 2557 et
1486 2524 1674 2557 militiarum
1697 2534 1748 2556 ex—

1006 2590 1116 2623 presse
1137 2579 1289 2622 professis
1310 2578 1450 2612 conferri
1472 2582 1502 2610 ct
1527 2577 1748 2610 commendari

232 2633 281 2666 cui
300 2644 359 2678 per
376 2634 438 2668 hoc
463 2635 541 2668 ali-'is
561 2645 626 2668 non
649 2634 847 2668 intendimus
872 2634 970 2667 dero-
1007 2633 1141 2677 possint,
1166 2632 1422 2677 disponentibus.
1447 2630 1568 2670 Quibus
1588 2630 1748 2672 omnibus,

232 2696 317 2729 gare,
338 2697 373 2721 ac
394 2690 455 2721 unzi
479 2688 517 2722 de
537 2688 842 2726 insordcsccntibus,
867 2693 897 2720 ct
923 2687 969 2719 al-
990 2687 1131 2730 ,etiamsi
1152 2687 1189 2721 dc
1206 2687 1265 2720 illis
1280 2696 1457 2729 corumque
1477 2685 1549 2718 totis
1569 2685 1745 2725 tenoribus,

1642 262 1703 298 211
1752 273 1802 299 an.
1823 272 1851 299 c.
1870 272 1939 300 1605
