2227 3241
45 256 96 292 An.
112 261 140 289 c.
161 261 228 289 1606

67 696 150 724 Easque
157 702 169 717 a
178 696 224 726 qni-

41 724 169 750 luscumque
193 728 224 743 iu-

42 750 123 772 dicibus
154 752 224 776 (prae-

42 779 137 808 terquam
169 781 225 797 com-

42 808 226 859 {fflet'csslffissss

44 858 66 879 οἱ
75 862 150 878 causas
167 862 225 882 capi-

43 883 115 906 tonnas
128 884 182 905 tuter
195 883 226 903 ci-

45 914 177 932 mmmanos
184 915 228 930 vei·-

44 937 118 963 tentes)
140 942 226 958 reassu-

45 963 118 986 nendi.

880 261 996 286 PAULUS
1021 262 1040 285 Υ
1065 263 1100 285 Pr
1106 280 1111 285 .

238 309 286 343 dis
310 309 369 353 (iis
394 310 560 343 dumtaxat
588 310 739 354 exceptis,
762 320 845 355 quae
869 310 902 343 in
928 311 982 344 de-

236 363 494 406 pendentibus¹a
511 363 619 398 litibus
640 370 669 397 et
690 364 793 397 causis
815 364 848 398 in
868 364 979 398 eadem

236 417 369 450 Camera
394 423 447 450 aut
481 428 589 451 coram
623 418 693 451 aliis
727 418 889 452 iudicibus
920 428 980 462 pro

237 477 384 514 tempore
416 471 608 505 introductis
639 472 740 505 factae
774 478 804 505 et
831 478 980 516 receptae

237 524 381 568 suerint),
401 530 431 558 et
449 530 526 558 tunc
550 535 615 558 non
639 536 698 569 per
722 525 805 558 viam
827 535 980 558 censura-

236 589 325 619 rum,
353 579 408 612 sed
434 589 491 623 per
514 579 596 612 viam
624 578 766 612 mandati
798 579 980 623 exequutivi

238 631 423 672 iudicare&

284 685 349 728 §7-
373 686 419 719 Ita
443 691 478 719 ut
502 696 726 731 quascumque
746 697 870 727 eausaS‚
898 697 981 731 quae

239 739 279 772 de
297 745 424 773 caetero
444 740 610 784 perpetuis
640 740 755 774 suturis
781 740 981 784 temporibus

240 791 273 825 in
297 793 410 826 eadem
431 792 524 827 Curia
549 804 647 838 super
672 793 748 837 ipsis
773 793 981 836 obligationi-

239 845 310 887 bus,
334 846 468 890 aliisque
485 847 636 880 omnibus
656 847 860 891 supradictis,
875 847 907 880 in
919 847 981 880 alio

240 909 338 943 quam
373 900 574 934 auditoratus
604 901 790 934 huiusmodi
828 900 980 934 tribunali

239 954 486 998 <praeterquam
509 955 541 988 in
561 955 623 988 vini
656 955 803 999 specialis
828 956 980 989 commis-

238 1007 337 1042 sionis
367 1014 497 1042 nostrae
529 1009 569 1042 de
603 1009 697 1043 dictis
728 1009 981 1053 obligationibus

237 1061 410 1105 specialem
436 1063 634 1096 mentionem
666 1063 846 1107 facientis),
875 1070 980 1098 motae

237 1114 368 1156 suerint,
396 1115 429 1148 in
454 1116 581 1149 illarum
607 1122 702 1159 statu,
727 1117 829 1160 gradu
860 1123 890 1151 et
917 1123 980 1151 ter-

236 1167 332 1203 minis
356 1169 388 1202 in
414 1170 530 1214 quibus
556 1172 779 1215 reperientur,
808 1175 861 1206 tua
886 1172 977 1205 ordi-

1663 250 1727 287 357

1015 311 1192 344 sententiae
1214 310 1512 356 indignationisque
1531 318 1661 346 nostrae
1681 323 1760 357 poe-

1015 364 1064 396 nis
1077 392 1084 404 ‚
1109 375 1145 397 ae
1170 365 1315 408 partibus
1336 365 1431 409 ipsis,
1455 372 1486 399 ct
1505 367 1639 400 notariis
1654 394 1662 407 ‚
1682 377 1759 412 pro-

1015 418 1229 459 curatoribus,
1252 419 1527 461 sollieitatoribus,
1552 420 1759 464 exequutori-

1015 470 1074 504 bus
1095 481 1131 504 ac
1152 471 1372 514 officialibus¹‚
1394 473 1453 506 sub
1474 473 1596 507 eisdem
1618 474 1761 508 censuris

1015 529 1045 557 et
1065 524 1190 568 poenis,
1214 535 1249 558 ac
1274 525 1461 569 privationis
1481 526 1664 561 officiorum
1686 537 1762 561 suo-

1016 583 1100 618 rum,
1124 583 1156 611 et
1172 577 1382 613 inhabilitatis
1400 581 1439 613 ad
1458 581 1512 614 illa
1532 587 1562 614 et
1579 581 1642 614 alia
1659 578 1762 625 imposs

1016 640 1137 664 steruin
1153 631 1340 674 obtinenda,
1364 644 1489 668 necnon
1509 635 1761 679 quingentorum

1017 684 1209 719 ducatorum
1231 685 1309 720 fisco
1338 693 1368 720 et
1397 687 1501 721 eidem
1528 687 1683 722 Gamerae
1703 699 1761 732 ap-

1016 738 1253 782 plicandorum,
1278 741 1526 786 refectionisque
1547 753 1761 786 expensarum

1016 792 1160 836 partibus
1185 794 1320 828 arbitrio
1348 801 1420 838 tuo,
1445 802 1476 830 et
1499 796 1655 831 nullitatis
1679 807 1757 841 pro-

1017 856 1165 879 cessuum
1191 847 1266 881 inde
1291 849 1494 893 sequentium
1515 855 1545 883 et
1568 857 1762 894 sequuturo-

1017 910 1101 941 rum,
1125 901 1238 944 quovis
1259 903 1368 943 modo,
1398 903 1518 937 directe
1538 904 1586 937 vel
1605 904 1761 938 indirecte

1016 963 1049 986 se
1070 953 1287 989 intromittere
1308 963 1528 1000 praesumant,
1553 957 1700 992 inhibere
1717 959 1762 1001 (et

1016 1007 1171 1052 quicquid
1202 1019 1293 1044 secus
1319 1021 1417 1054 super
1440 1011 1490 1044 his
1515 1011 1686 1055 contigerit
1715 1018 1762 1045 at-

1017 1062 1132 1094 tentari
1162 1062 1289 1097 irritum
1316 1070 1346 1097 et
1370 1065 1466 1098 inane
1492 1065 1605 1099 existat
1637 1071 1669 1099 et
1694 1076 1761 1100 esse

1016 1121 1196 1156 censeatur,
1224 1124 1322 1161 prout
1342 1118 1385 1152 ita
1411 1119 1646 1163 decernimus);

1775 264 1825 290 Αῐι.
1844 265 1871 292 C.
1892 265 1958 292 teos,

1060 1170 1077 1211 g
1095 1168 1126 1202 8.
1147 1169 1304 1215 Quodque
1323 1177 1355 1205 tu
1373 1172 1460 1206 solus
1474 1173 1583 1215 vigore
1600 1173 1758 1206 dictarum
1796 1183 1871 1208 νιὲἰϊ
1884 1183 1963 1206 obtina-

1775 1211 1854 1229 tionum
1894 1216 1963 1229 rame·
1978 1208 1989 1223 ἱ

1016 1221 1250 1266 obligationum
1270 1235 1420 1259 censuras
1439 1226 1671 1260 ecclesiasticas
1684 1238 1760 1271 pro·
1776 1237 1849 1256 mltum
1862 1242 1963 1256 meum

235 1222 326 1255 naria
343 1224 534 1257 auctoritate
552 1225 707 1269 (exeeptis
727 1225 893 1259 dumtaxat
911 1236 981 1259 cau-
1775 1262 1919 1289 mmmm

1017 1276 1200 1319 mulgare²3
1780 1282 1783 1283 ’
1859 1279 1868 1288 ²
1924 1278 1928 1283 '

235 1275 278 1309 sis
295 1269 408 1310 Curiae
426 1276 627 1321 Capitolinae
645 1284 764 1312 contra·
777 1279 879 1312 dictos
897 1279 980 1313 cives

235 1340 389 1364 romanos
405 1341 466 1375 pro
483 1337 627 1376 tempore
645 1333 731 1366 iuxta
752 1334 888 1367 sormam
904 1333 980 1367 dicti

235 1384 395 1428 privilegii
421 1385 542 1429 motis),
569 1387 806 1427 reassumere³3
830 1392 861 1421 et
885 1387 979 1421 etiam

238 1437 400 1472 iudicibus
415 1466 422 1480 ,
446 1439 563 1483 quibus
589 1441 708 1474 suerint
727 1441 917 1474 commissae
946 1451 981 1474 ac

239 1501 348 1525 coram
380 1492 498 1536 quibus
524 1493 596 1527 illae
625 1494 855 1538 pendebunt*7
885 1505 924 1527 ne
950 1494 980 1527 in

1060 1331 1076 1371 ,ξ
1097 1330 1130 1363 9.
1160 1332 1291 1365 Necnon
1312 1343 1425 1366 omnes
1450 1339 1481 1367 et
1494 1334 1647 1376 singulas
1667 1334 1760 1378 spiri-
1803 1343 1966 1389 ,calusalsamm?t

1018 1383 1129 1424 tuales,
1150 1386 1382 1420 ecclesiasticas
1403 1397 1439 1420 ac
1456 1388 1620 1431 profanas,
1638 1394 1669 1421 et
1685 1398 1762 1432 quo·
1776 1375 1964 1443 ε’)’ἴῘ-ἱῃὲιῗωιυηι

1016 1437 1148 1479 ninivis,
1163 1438 1258 1472 etiam
1275 1439 1419 1473 eiusdem
1437 1441 1581 1474 Romane
1601 1441 1761 1475 Ecclesiae
1775 1429 1966 1470 giitiilui't'ss‘ih-cssi'enss

1778 1480 1872 1498 calorum
1883 1479 1902 1496 et
1913 1482 1963 1501 pen—

1017 1491 1245 1533 cardinalium,
1267 1503 1448 1537 eorumque
1464 1504 1499 1527 ac
1518 1500 1703 1528 nostrorum
1722 1495 1763 1528 sa·
1778 1505 1859 1533 sianum
1884 1508 1966 1529 cosno-

1777 1400 1841 1417 ettam

1779 1531 1858 1551 scendi.

240 1545 285 1578 eis
310 1551 365 1579 aut
382 1546 421 1580 de
439 1546 501 1580 illis
518 1558 651 1591 quoquo
670 1548 779 1587 modo,
800 1554 854 1581 aut
871 1548 983 1592 quovis

241 1599 387 1643 quaesito
412 1601 530 1642 colore,
557 1601 679 1635 directe
707 1602 754 1635 vel
782 1602 980 1641 indirecte³¹3

241 1652 368 1697 illisque
393 1664 429 1688 ac
453 1655 604 1688 omnibus
629 1660 660 1689 et
684 1655 818 1698 singulis
843 1656 980 1700 quibus-

242 1718 383 1752 cumque
397 1708 467 1741 aliis
481 1708 655 1750 iudicibus,
670 1720 849 1754 eorumque
866 1710 984 1744 locate-

241 1761 392 1795 nentibus
405 1772 441 1795 ac
455 1763 667 1803 auditoribus,
684 1769 748 1797 tam
761 1764 984 1798 ecclesiasticis

241 1824 340 1858 quam
367 1816 615 1857 saecularibus⁵‚
640 1827 680 1850 ne
706 1817 739 1850 in
760 1818 984 1862 exequutioni-

241 1867 301 1902 bus
319 1879 355 1902 ac
380 1870 584 1913 processibus
601 1871 840 1915 praedictarum
863 1872 985 1915 obliga-

243 1921 368 1955 tionum
386 1933 423 1956 ac
439 1929 664 1958 contractuum
680 1925 719 1958 de
733 1932 859 1959 caetero
874 1931 986 1959 contra

243 1980 388 2009 tenorem
409 1978 627 2020 praesentium
654 1978 694 2012 ad
721 1978 905 2012 instantiam
932 1991 985 2013 ru-

243 2029 339 2063 iusvis
363 2041 544 2074 personae,
573 2032 719 2075 collegii,
744 2033 981 2074 universitatis,

244 2085 459 2128 capitulorum
486 2091 517 2119 et
545 2086 745 2130 quorumvis,
770 2087 866 2119 etiam
887 2086 985 2130 prix-i-

244 2138 447 2181 legiatorum,
467 2139 526 2172 sub
544 2139 887 2184 excommunicationis
904 2140 986 2173 latae

281 2229 291 2256 t
316 2228 385 2256 Edit.
408 2229 487 2257 Maiu.
509 2230 573 2265 legit
592 2230 844 2265 indqienclentibus
859 2231 954 2265 (usin).

280 2273 296 2299 2
316 2273 432 2301 Verbum
452 2275 585 2302 iudicare
607 2283 656 2302 nos
678 2275 841 2310 addidimus,
867 2284 900 2303 au
928 2276 986 2304 iure

246 2317 348 2345 iudicet
371 2318 466 2346 lector.
485 2319 568 2347 Porro
593 2320 683 2347 omnia
707 2316 848 2353 iufinitixa}
875 2321 986 2356 quaein

246 2369 321 2399 seqq.
339 2364 366 2398 §§
382 2363 518 2399 leguntur,
539 2365 660 2400 pendent
687 2374 702 2392 a
731 2365 811 2393 verbo
841 2367 935 2393 valcas
959 2366 985 2393 in

251 2408 264 2442 S
279 2408 313 2435 24
333 2409 405 2436 circa
421 2410 539 2437 medium
555 2411 593 2446 (tt.
610 2411 659 2445 T.).

280 2453 298 2480 3
316 2454 438 2491 Semper,
447 2459 476 2481 ut
484 2455 608 2490 diximus,
618 2455 791 2491 subintellige
801 2458 896 2484 valeas
908 2457 985 2492 (nr).

281 2497 298 2524 4
317 2497 498 2535 Subintellige
518 2499 630 2527 verbum
655 2501 798 2535 inhibere,
815 2501 887 2536 quod
903 2509 987 2537 prope

248 2541 328 2569 tinem
347 2544 360 2576 5
375 2542 452 2571 istius
467 2544 590 2580 sequitur
604 2545 646 2580 (n.
666 2546 716 2579 r).

283 2587 300 2614 5
317 2588 492 2625 Subintellige
519 2599 548 2617 ae
568 2591 765 2619 intromittere
777 2595 986 2627 praesumant,

249 2631 320 2666 quod
339 2631 444 2660 dicetur
463 2642 547 2670 prope
568 2635 649 2662 finem
669 2635 682 2671 ,ξ
701 2636 780 2663 istius
799 2640 836 2669 (n.
854 2637 904 2669 τ.).

283 2677 300 2703 6
319 2677 418 2705 [terum
438 2678 612 2715 subintellige
632 2681 764 2709 inhibere
777 2687 816 2710 tn.
833 2687 857 2707 r.
876 2704 879 2707 .

1018 1543 1180 1578 miliarum
1197 1551 1227 1579 et
1240 1546 1469 1580 continuorum
1483 1549 1763 1589 commensalium,

1017 1608 1144 1631 necnon
1173 1609 1458 1645 quorumcumque
1486 1602 1705 1645 praelatorum
1733 1603 1763 1635 in

1018 1650 1085 1694 ips-:t
1109 1651 1203 1685 Curia
1224 1653 1423 1696 degentium,
1447 1665 1483 1687 ac
1505 1655 1600 1688 etiam
1623 1655 1764 1700 impera-

1021 1705 1108 1746 toris,
1133 1716 1259 1748 regum,
1282 1707 1465 1752 principum
1488 1719 1525 1742 ac
1547 1709 1763 1743 communita-

1021 1764 1087 1791 tum
1124 1766 1154 1793 ct
1191 1760 1436 1795 universitatum
1455 1789 1461 1801 ,
1505 1763 1764 1807 eorumdemque

1019 1812 1202 1857 principum
1225 1820 1404 1855 oratorum,
1428 1826 1555 1849 necnon
1579 1816 1682 1850 dictae
1707 1817 1765 1850 Cu-

1020 1865 1086 1899 riae
1105 1866 1292 1900 osticialium
1315 1869 1462 1902 eamdem
1484 1870 1609 1903 Curiam
1629 1881 1765 1914 sequen-

1021 1919 1111 1960 tium,
1125 1931 1161 1953 ae
1175 1921 1382 1955 familiarium
1399 1924 1601 1965 eorumdem,
1619 1930 1648 1957 et
1666 1924 1765 1969 ipsius

1019 1973 1132 2007 Curiae
1146 1985 1314 2008 causarum
1330 1976 1516 2011 huiusmodi
1531 1978 1688 2011 auditoris
1706 1989 1765 2011 no-

1022 2027 1189 2070 tariorum,
1211 2035 1241 2062 et
1258 2040 1371 2063 eorum
1390 2031 1609 2073 familiarium,
1627 2032 1766 2077 campio-

1023 2083 1114 2115 ru1n³
1129 2094 1259 2128 quoque
1280 2091 1309 2118 et
1329 2086 1517 2129 quorumvis
1536 2093 1764 2128 mercatorum,

1020 2146 1057 2170 ac
1074 2137 1267 2180 pensionum
1282 2149 1462 2173 annuarum
1481 2150 1578 2184 super
1599 2140 1765 2180 fructibus,

1021 2190 1200 2223 redditibus
1229 2197 1259 2225 et
1287 2193 1498 2236 proventibus
1528 2193 1761 2233 ecclesiasticis,

1020 2254 1057 2277 ac
1081 2255 1194 2278 eorum
1215 2245 1389 2287 fructuum,
1418 2247 1513 2280 etiam
1540 2248 1610 2281 loco
1636 2247 1765 2291 pensio-

1020 2308 1097 2331 num
1116 2298 1302 2332 liuiusmodi
1320 2307 1556 2334 reservatorum
1575 2306 1605 2334 et
1623 2300 1765 2343 assigna-

1021 2356 1139 2391 torum,
1164 2352 1289 2385 etiamsi
1315 2364 1429 2387 corum
1459 2360 1489 2387 et
1510 2365 1621 2388 earum
1646 2354 1764 2388 solutio

1021 2415 1085 2438 non
1110 2405 1150 2439 sit
1174 2406 1205 2439 in
1231 2407 1395 2450 praedicta
1421 2408 1525 2448 Curia,
1549 2408 1605 2441 scd
1634 2407 1666 2440 in
1691 2418 1765 2451 par-

1023 2458 1106 2492 tibus
1120 2458 1275 2502 facienda,
1287 2466 1317 2494 et
1331 2471 1551 2505 quascumque
1565 2461 1642 2494 alias
1668 2461 1763 2494 etiam

1059 2549 1067 2575 1
1093 2548 1194 2576 lterum
1210 2549 1383 2585 subintellige
1407 2550 1538 2578 inhibere
1552 2550 1590 2585 (n.
1607 2551 1656 2585 ΤΣ).

1056 2592 1073 2619 2
1093 2592 1204 2629 Semper
1218 2594 1391 2629 subintellige
1407 2595 1503 2621 valeas
1519 2602 1546 2621 n.
1564 2594 1613 2627 Τ.).

1057 2637 1073 2664 3
1094 2637 1134 2664 Ita
1153 2637 1206 2665 fert
1226 2642 1281 2665 tum
1298 2638 1363 2666 edit.
1385 2638 1464 2666 tttain.
1492 2642 1548 2666 tuni
1571 2638 1709 2673 Clierub.;
1731 2648 1764 2668 an

1023 2685 1105 2715 recte,
1128 2682 1217 2710 nescio
1233 2684 1273 2713 (ιι.
1291 2684 1329 2712 Τ.)
