2227 3241
246 249 295 275 An.
317 248 345 275 c.
370 248 436 275 1607
483 239 549 272 404

283 1910 428 1937 Excqnutores

243 1937 347 1964 designat.

1026 247 1121 271 Bt‘LLA
1128 246 1204 271 RIUM
1231 248 1311 272 ROMA
1317 248 1382 272 NUM

444 296 642 339 sequendum
662 322 668 335 ,
691 294 804 327 barum
827 294 907 327 serie
933 295 1132 328 absolventes
1156 301 1187 328 et
1220 295 1250 327 in
1270 295 1454 338 praemissis
1473 295 1609 328 efficacis
1628 296 1821 330 defensionis
1841 297 1960 340 praesi-

445 350 628 382 absolutum
652 349 718 381 sore
740 354 917 388 censentes,
941 358 1000 381 nec
1025 358 1089 381 non
1115 348 1183 381 sin-

445 403 592 443 gularum
609 402 789 435 litterarum
805 402 1044 445 praedictarum
1060 407 1186 435 tenores

445 456 668 498 praesentibus
688 466 747 499 pro
765 456 922 499 expressis
943 456 1109 496 habentes,
1133 456 1187 488 liu-

445 509 583 541 iusmodi
604 509 895 552 supplicationibus
908 509 1063 549 inclinati,
1079 509 1185 542 omnia

445 567 475 594 et
494 561 620 604 singula
641 562 827 605 privilegia,
845 562 989 602 indulta,
1014 562 1186 604 libertates,

446 615 676 655 immunitates,
701 615 930 657 indulgentiaS,
959 616 1183 653 remissiones,

445 669 669 703 concessiones
683 669 841 712 etgratias
853 670 891 702 ab
906 670 1025 703 eisdem
1037 669 1124 703 Sixto
1135 669 1184 710 IV,

445 724 626 757 Alexandro
645 724 694 765 VI,
715 724 876 758 Clemente
894 725 943 757 VII
964 730 994 757 et
1010 724 1086 765 VIII,
1104 724 1188 757 aliis-

444 787 507 820 que
528 777 681 810 Romanis
702 777 913 811 Pontificibus
931 777 1188 821 praedecessori-

444 830 502 863 bus
517 830 644 873 nostri's,
657 831 761 864 eidem
780 830 928 874 hospitali
938 830 1039 863 sancti
1051 830 1186 873 Remigii

444 883 594 927 illiusque
629 884 789 926 magistris
804 911 811 924 ,
843 884 1183 924 administratoribus,

445 937 672 978 confratribus,
695 938 914 979 servitoribus,
935 938 1062 971 nunciis
1083 945 1111 971 et
1130 938 1187 971 be-

444 990 663 1024 nefactoribus
689 991 872 1035 praedictis,
897 991 1115 1025 communiter
1138 992 1185 1024 vel

444 1043 638 1086 specialiter,
661 1054 720 1077 nec
746 1054 809 1077 non
832 1044 997 1077 libertates
1019 1051 1049 1077 et
1074 1055 1183 1078 exem-

444 1097 570 1140 ptiones
581 1098 794 1131 saecularium
811 1098 1012 1131 exactionum
1028 1109 1044 1132 a
1058 1099 1187 1141 regibus

444 1154 475 1182 et
485 1150 685 1194 principibus
699 1151 833 1195 aliisque
843 1151 1188 1185 cliristifidclilmscon-

444 1213 533 1236 cessa
553 1208 583 1236 et
604 1204 737 1246 elargita
752 1204 955 1249 (dummodo,
973 1205 1077 1248 quoad
1092 1216 1186 1249 prae-

443 1257 589 1290 sentibus
607 1267 671 1290 non
693 1268 851 1302 expressa,
865 1258 919 1291 illa
935 1259 998 1291 sint
1018 1259 1050 1292 in
1071 1270 1130 1292 usu
1151 1270 1187 1292 ac

444 1309 530 1343 licita
547 1317 579 1344 et
596 1311 741 1353 honesta,
765 1312 928 1356 sacrisque
954 1313 1131 1346 canonibus
1156 1319 1185 1346 et

445 1363 520 1397 dicti
538 1365 671 1398 Concilii
696 1365 874 1399 Tridentini
897 1366 1032 1399 decretis
1054 1366 1186 1399 minime

443 1418 629 1461 contraria),
643 1428 780 1452 necnon
799 1419 906 1463 quoad
927 1419 1109 1453 facultatem
1131 1419 1186 1452 lia-

442 1471 540 1505 bendi
558 1472 715 1505 nuncios¹
736 1473 784 1506 bis
806 1473 948 1516 quolibet
964 1484 1048 1506 anno
1071 1474 1101 1506 in
1122 1473 1186 1507 sin-

443 1524 525 1566 gulis
546 1525 620 1558 dicti
636 1526 726 1568 regni
746 1526 898 1567 ecclesiis,
917 1532 1074 1570 quatenus
1089 1527 1184 1560 etiam

443 1578 483 1611 sit
504 1579 535 1611 in
549 1590 620 1621 usu,
635 1580 810 1623 apostolica
824 1581 1014 1614 auctoritate
1027 1587 1185 1625 perpetuo

444 1632 675 1666 confirmamus
690 1639 720 1666 et
738 1634 968 1677 approbamus,
990 1645 1026 1668 ac
1042 1634 1102 1667 illis
1119 1635 1186 1678 ple-

442 1685 553 1719 nariae
564 1691 594 1719 et
608 1686 800 1720 inviolabilis
814 1687 1009 1731 apostolicae
1024 1687 1186 1721 firmitatis

443 1739 544 1773 robur
573 1740 742 1773 adiicimus
758 1767 765 1781 ,
789 1751 825 1773 ac
850 1750 963 1774 omnes
988 1746 1018 1774 et
1042 1741 1186 1783 singulos

445 1799 507 1826 tam
530 1793 606 1826 iuris
627 1804 722 1837 quam
744 1793 817 1826 sacti
836 1794 988 1833 desectus,
1004 1794 1028 1826 si
1051 1794 1105 1837 qui
1128 1794 1187 1827 sor-

444 1856 501 1879 san
519 1846 753 1879 intervenerint
774 1846 805 1879 in
827 1847 960 1886 eisdem,
984 1848 1181 1891 supplemus.

488 1901 505 1942 g
530 1899 561 1933 4.
586 1900 742 1939 Quocirca
772 1900 1009 1933 venerabilibus
1036 1901 1186 1934 fratribus

443 1953 695 1998 archiepiscopis
712 1954 861 1987 Remensi
883 1960 913 1987 ct
934 1954 1185 1997 Rotbomagensi

443 2018 480 2041 ac
493 2007 645 2052 episcopo
660 2007 828 2040 Parisiensi
846 2018 904 2051 per
920 2008 1097 2051 apostolica
1109 2009 1186 2041 scri-

442 2066 498 2106 pta
517 2062 708 2095 mandamus
724 2088 731 2101 ,
755 2066 912 2105 quatenus
934 2061 1005 2105 ipsi,
1029 2062 1077 2095 vel
1106 2062 1182 2101 duo,

442 2121 498 2149 aut
521 2126 606 2149 unus
630 2125 742 2149 eorum
768 2125 826 2159 per
849 2126 893 2156 se,
921 2116 970 2148 vel
996 2115 1106 2157 alium,
1129 2126 1185 2149 seu

443 2169 534 2210 alios,
550 2174 737 2213 praesentes
753 2169 874 2203 litteras
888 2169 963 2202 etin
978 2168 1022 2202 eis
1036 2174 1186 2202 contenta

442 2232 679 2266 quaecumque,
699 2222 754 2255 ubi
777 2228 807 2255 ct
827 2222 957 2266 quando
978 2232 1059 2265 opus
1077 2222 1182 2263 suerit,

443 2286 481 2309 ac
497 2275 624 2320 quoties
644 2285 704 2319 pro
725 2280 816 2319 parte
841 2275 971 2308 llcnrici
992 2275 1089 2317 regis,
1110 2285 1186 2308 nec-

442 2338 508 2362 non
532 2339 593 2372 pro
619 2335 765 2372 tempore
798 2327 1002 2362 existentium
1033 2328 1183 2372 syndico-

442 2393 528 2423 rum,
551 2383 807 2425 gubernatorum
830 2388 860 2415 et
886 2382 1184 2416 administratorum

443 2436 698 2480 praedictorum,
716 2436 763 2468 vel
777 2435 912 2468 alicuius
926 2445 1050 2476 eorum,
1069 2434 1185 2468 suerint

443 2489 601 2534 requisiti,
624 2489 813 2523 solemniter
832 2489 1056 2533 publicantes,
1078 2489 1186 2532 eisque

481 2571 491 2597 1
516 2569 572 2597 Non
584 2569 727 2597 temeraria
739 2569 894 2597 coniectura
909 2569 960 2595 erit
975 2569 1117 2604 legendum
1128 2576 1187 2595 esse

445 2616 560 2642 truncos
582 2622 635 2642 non
662 2613 796 2641 nuncios:
828 2612 887 2640 vide
913 2612 1000 2640 locum
1027 2612 1186 2648 parallelum

445 2659 523 2694 paulo
543 2662 605 2687 ante
621 2667 681 2695 pag.
701 2659 751 2687 402
767 2658 814 2686 lin.
832 2658 880 2687 ult.
901 2658 943 2693 (n.
959 2660 1005 2692 T‚),

1220 349 1273 381 dio
1294 348 1487 389 assistentes,
1513 348 1630 381 saciant
1656 350 1826 383 autoritate
1852 353 1960 384 nostra

1219 407 1404 445 praesentes
1424 402 1556 441 litteras,
1573 408 1603 435 et
1618 403 1647 435 in
1669 402 1714 435 eis
1734 408 1882 436 contenta
1899 404 1959 437 hu-

1221 455 1372 496 iusmodi,
1393 455 1432 488 ab
1451 456 1613 496 omnibus,
1631 456 1673 489 ad
1684 467 1766 500 quos
1789 462 1911 500 spectat
1931 463 1962 491 et

1221 519 1279 552 pro
1299 515 1443 552 tempore
1465 509 1632 553 spectabit,
1659 509 1885 543 inviolabiliter
1904 510 1962 544 ob-

1221 562 1359 602 servari,
1390 573 1426 595 ac
1459 562 1628 607 syndicos,
1663 563 1896 605 gubernatores
1932 569 1963 598 et

1221 616 1498 649 administratores
1518 617 1710 660 praedictos,
1731 627 1907 661 omnesque
1927 628 1961 652 a-

1221 669 1291 709 lios,
1306 672 1386 713 quos
1399 675 1583 713 praesentes
1605 670 1692 714 ipsae
1712 677 1912 704 concernunt
1931 677 1963 705 et

1222 729 1417 755 concernent
1436 723 1467 755 in
1489 723 1643 763 futurum,
1667 723 1729 756 illis
1748 724 1882 768 pacifice
1901 725 1962 758 frui

1221 781 1249 808 ct
1276 777 1438 818 gaudere,
1466 787 1531 809 non
1556 777 1779 821 permittentes
1803 777 1889 822 ipsos
1913 779 1962 812 vel

1222 838 1333 861 eorum
1356 829 1539 873 quempiam
1558 840 1617 873 per
1630 841 1854 875 quoscumque
1867 831 1962 865 desu-

1221 892 1278 925 per
1298 888 1410 915 contia
1431 883 1618 916 earumdem
1636 884 1855 927 praesentium
1875 889 1963 918 teno-

1222 945 1287 968 rem
1321 936 1568 979 quomodolibet
1606 936 1747 970 indebite
1781 937 1959 977 molest.ari;

1221 987 1472 1021 contradictores
1498 989 1659 1033 quoslibet
1684 995 1714 1022 et
1746 989 1881 1023 rebelles
1906 1001 1964 1034 per

1221 1041 1406 1082 sententias,
1428 1053 1580 1076 censuras
1601 1048 1629 1076 et
1645 1053 1765 1087 poenas
1777 1044 1964 1078 ecclesiasti-

1221 1104 1283 1134 cas,
1307 1094 1434 1138 aliaque
1457 1101 1638 1139 opportuna
1667 1096 1742 1129 iuris
1770 1102 1800 1129 et
1818 1096 1890 1130 sacti
1911 1107 1963 1131 re-

1222 1147 1338 1187 media,
1362 1149 1578 1192 appellatione
1603 1150 1802 1193 postposita,
1826 1160 1960 1195 compe-

1220 1202 1358 1241 scend0;
1383 1212 1520 1242 necnon,
1546 1203 1697 1245 legitimis
1721 1214 1819 1247 super
1839 1203 1887 1237 his
1904 1204 1962 1238 ha-

1222 1255 1334 1289 bendis
1366 1257 1498 1289 servatis
1522 1257 1746 1300 processibus,
1774 1258 1959 1299 sententias,

1221 1319 1372 1342 censuras
1401 1315 1431 1342 ct
1457 1320 1578 1353 poenas
1604 1310 1688 1354 ipsas
1717 1310 1812 1344 etiam
1842 1311 1962 1345 iteratis

1220 1363 1342 1396 vicibus
1371 1365 1598 1405 aggravando,
1627 1365 1775 1399 invocato
1800 1366 1896 1399 etiam
1921 1366 1962 1400 ad

1221 1416 1292 1457 boc,
1315 1417 1339 1449 si
1362 1427 1442 1460 opus
1469 1418 1574 1459 suerit,
1603 1419 1721 1452 auxilio
1745 1419 1870 1453 brachii
1893 1430 1963 1453 sae-

1220 1471 1346 1504 cularis.

1972 247 2022 274 An.
2038 247 2068 274 C.
2089 247 2157 276 1607

1221 1583 1288 1611 ctae
1305 1578 1479 1611 memoriae
1494 1578 1638 1612 Bonificii
1653 1580 1756 1623 Papae
1771 1580 1834 1613 VIII
1849 1580 1960 1614 itidem
1985 1565 2006 1579 ι’
2053 1579 2056 1582 ’

1220 1632 1477 1674 praedecessoris
1487 1632 1588 1665 nostri
1600 1633 1720 1672 deuna,
1737 1639 1765 1666 et
1782 1633 1812 1666 in
1823 1634 1961 1667 concilio

1220 1685 1360 1727 generali
1387 1685 1470 1718 edita
1497 1686 1535 1719 de
1562 1686 1686 1719 duabus
1711 1687 1826 1728 dietis,
1859 1688 1959 1721 dum-

1222 1739 1318 1772 modo
1342 1739 1426 1771 ultra
1452 1744 1513 1772 tres
1540 1739 1640 1772 dictas
1669 1740 1786 1784 aliquis
1815 1741 1963 1775 auctori-

1222 1798 1283 1825 tate
1292 1792 1508 1836 praesentium
1521 1793 1560 1826 ad
1573 1793 1726 1826 iudicium
1737 1804 1801 1827 non
1811 1794 1955 1829 trahatur

1220 1846 1355 1890 aliisque
1367 1847 1562 1890 apostolicis,
1571 1857 1697 1880 necnon
1708 1847 1738 1880 in
1749 1843 1965 1892 synodalibus

1220 1899 1470 1943 provincialibus
1502 1906 1532 1933 ct
1562 1900 1797 1934 universalibus
1817 1901 1962 1935 conciliis

1221 1953 1324 1993 editis,
1352 1953 1546 1997 specialibus
1571 1954 1618 1987 vel
1644 1954 1861 1997 generalibus,
1886 1965 1963 1988 con-

1220 2007 1450 2047 stitutionibus,
1472 2007 1745 2050 ordinationibus,
1762 2008 1962 2053 caeterisque

1220 2060 1388 2094 contrariis
1410 2061 1681 2105 quibuscumque.

1265 2116 1280 2156 ἓ
1303 2115 1332 2146 (ἰ.
1357 2114 1511 2147 Volumus
1534 2120 1661 2156 autem,
1689 2125 1726 2148 ac
1750 2125 1808 2159 per
1833 2115 1962 2149 easdem

1219 2172 1404 2210 praesentes
1421 2166 1635 2207 decernimus,
1655 2173 1752 2211 prout
1777 2167 1881 2201 dictus
1893 2168 1962 2202 Cle·

1211 2230 1310 2265 ‘mens
1335 2219 1401 2253 VIII
1430 2220 1662 2263 praedecessor
1692 2221 1724 2253 in
1753 2221 1819 2254 suis
1849 2221 1963 2256 litteris

1220 2273 1392 2318 praedictis
1417 2274 1517 2307 voluit
1538 2273 1634 2307 etiarn
1656 2279 1687 2307 et
1704 2275 1855 2315 decrevit,
1875 2275 1963 2319 quod

1220 2337 1378 2371 personae
1392 2327 1432 2360 ad
1446 2327 1670 2360 collectionem
1683 2329 1961 2372 eleemosynarum

1220 2380 1404 2414 huiusmodi
1423 2390 1482 2424 pro
1496 2385 1642 2424 tempore
1655 2381 1826 2424 deputatae
1840 2390 1878 2414 eo
1892 2391 1962 2414 mu-

1219 2443 1297 2466 nere
1328 2433 1397 2466 sinc
1422 2433 1497 2466 dolo
1526 2439 1556 2466 et
1588 2434 1733 2467 modeste
1765 2434 1959 2476 fungantur;

1221 2492 1427 2530 quaestorum
1453 2496 1571 2520 nomen
1603 2497 1668 2520 non
1694 2492 1828 2529 gerant,
1857 2487 1962 2520 nullas

1221 2540 1437 2582 indulgentias
1459 2540 1624 2583 divulgent
1647 2549 1707 2574 nec
1726 2551 1785 2585 per
1804 2551 1837 2574 se
1858 2541 1906 2574 vel
1927 2551 1962 2574 a-

1220 2594 1297 2627 lium
1309 2593 1510 2638 praedicent,
1527 2593 1696 2638 privilegia
1708 2604 1842 2632 suanon
1856 2599 1962 2628 osten-

1220 2653 1296 2690 tent„
1320 2647 1486 2692 reliquias,
1510 2652 1624 2689 cartas,
1655 2647 1812 2692 imag'tnes
1827 2675 1836 2691 ‚
1859 2648 1962 2684 aliave

1957 1822 1965 1836 5

2010 2118 2077 2144 Leges
2087 2122 2101 2138 a
2110 2122 2161 2144 que-

1975 2144 2068 2166 stui-ihus
2074 2144 2164 2165 eleemo-

1976 2176 2074 2198 synarum
2081 2175 2162 2191 sei-vau·

1977 2198 2015 2220 das
2028 2196 2164 2225 praescribit.
2200 2198 2203 2203 ¹

1265 1525 1281 1566 ἓ
1303 1523 1333 1556 ὖ.
1350 1525 1418 1558 Non
1434 1525 1636 1559 obstantibus
1653 1526 1837 1570 praemissis
1853 1532 1962 1560 etsan-
1976 1531 2162 1579 ¹.¹0b⁵¹³¹²¹³³²⁰¹·
2206 1542 2214 1556 ·:
