2227 3241
242 302 290 327 An,
313 301 339 327 C.
362 301 427 328 1608

307 997 427 1017 Fritlcricus

243 1024 429 1044 Burseni-wascel-

243 1050 318 1074 legium
327 1053 345 1069 et
354 1050 428 1071 biblio-

243 1077 324 1096 thecam
345 1077 419 1098 Auum>

242 1109 322 1123 stanam
330 1104 402 1125 sunam
409 1111 428 1126 ο-

244 1131 282 1149 rat.

475 292 538 325 512

438 349 638 383 incremento
651 349 783 392 provide
799 350 881 382 sacta
900 348 997 383 fuisse
1015 348 1177 391 dicuntur,

438 407 473 435 ut
492 407 650 445 perpetuo
677 402 770 434 firma
798 407 829 435 et
849 401 971 435 illibata
991 402 1174 446 persistant,

439 455 585 495 libenter,
610 465 681 487 cum
708 466 725 488 a
746 455 838 488 nobis
858 450 1001 499 petitur,
1024 461 1055 489 et
1078 466 1174 500 prae-

438 507 546 540 sertim
569 507 800 541 venerabilium
829 505 964 541 fratrum
993 514 1177 542 nostrorum

438 561 467 594 S.
492 562 527 594 R.
552 561 584 594 E.
611 561 824 595 cardinalium
843 566 915 595 vota
936 561 967 595 id
993 568 1178 606 exposcunt,

438 614 614 657 apostolico
635 615 795 657 praesidio
816 615 1065 656 communimus,
1078 615 1178 659 ipsos-

439 677 501 710 que
519 667 702 710 collegiales
720 668 852 701 honoris
872 674 902 701 et
923 668 1027 701 famae
1045 668 1180 712 amplio-

439 719 528 753 ribus
548 721 727 763 praeconiis
745 731 780 754 ac
797 721 969 765 praeclaris
988 721 1178 763 dignitatum

441 772 540 806 titulis
561 773 751 807 decoramus
772 780 802 807 et
820 784 983 814 ornamus,
1006 779 1114 818 prout,
1134 774 1178 807 lo-

441 835 564 866 corum,
594 832 789 870 temporum,
814 832 843 860 et
863 837 1074 871 personarum
1100 837 1179 871 qua-

442 878 584 912 litatibus
609 879 715 913 debite
733 880 884 923 pensatis,
908 880 1124 924 conspicimus
1149 880 1179 913 in

442 932 577 966 Domino
597 933 771 967 salubriter
795 934 955 978 expedire.

488 987 504 1027 ἓ
530 985 555 1019 l.
579 985 660 1020 Sane
681 987 815 1020 dilectus
836 987 920 1021 filius
940 992 1049 1021 noster
1072 987 1181 1020 Fride-

442 1038 527 1072 ricus
546 1039 629 1072 tituli
650 1045 778 1073 sanctae
796 1040 913 1073 Mariae
935 1040 1129 1083 Angelorum
1150 1040 1180 1073 in

443 1091 565 1125 Termis
585 1093 751 1137 presbyter
771 1093 943 1127 cardinalis
968 1093 1182 1127 Borromaeus

442 1151 657 1188 nuncupatus,
685 1157 720 1179 ac
753 1146 905 1180 ecelesiae
938 1145 1182 1179 Mediolanensis

443 1208 479 1230 ex
499 1199 705 1233 concessione
730 1205 761 1232 ct
789 1199 1028 1243 dispensatione
1052 1204 1182 1243 aposto-

443 1252 503 1285 lica
531 1253 680 1295 praesul,
713 1252 805 1285 nobis
827 1252 941 1296 exponi
973 1252 1067 1293 fecit,
1096 1252 1182 1296 quod

443 1316 516 1339 cum
549 1305 626 1339 alias
659 1305 762 1339 dictus
796 1306 976 1339 Fridericus
1012 1305 1183 1339 cardinalis

443 1359 611 1402 (singulari
632 1359 686 1393 Dei
707 1369 853 1399 munere,
878 1364 908 1392 et
927 1359 1041 1392 beatae
1061 1369 1183 1393 memo-

443 1413 510 1446 riae
531 1413 646 1454 Caroli,
671 1413 747 1447 olim
775 1413 856 1447 tituli
881 1419 1008 1447 sanctae
1033 1414 1183 1447 Praxedis

444 1467 621 1511 presbyteri
658 1467 828 1500 cardinalis
865 1466 961 1500 etiam
997 1467 1182 1500 Borromaei

444 1521 629 1565 nuncupati,
655 1532 691 1554 ae
711 1532 747 1555 ex
768 1521 973 1555 concessione
999 1526 1029 1554 et
1050 1521 1184 1565 dispen-

445 1574 567 1608 satione
593 1575 751 1607 similibus
780 1575 882 1608 dictae
910 1575 1062 1609 ccclesiae
1092 1586 1184 1619 prae-

445 1628 545 1669 sulis,
574 1628 727 1671 pastorali
753 1631 827 1662 cura
849 1634 878 1661 et
904 1628 1085 1671 vigilantia)
1111 1629 1185 1662 civi—

448 1687 543 1715 tatem
568 1681 837 1714 Mediolanensem
870 1681 908 1714 ad
935 1681 1131 1715 iuventutem
1153 1682 1184 1714 in

446 1734 641 1778 optimarum
674 1735 790 1767 artium
822 1734 935 1768 studiis
960 1734 1182 1773 erudiendam,

446 1798 572 1821 necnon
594 1788 806 1821 ecclesiastica
835 1788 1002 1832 disciplina
1028 1788 1185 1832 bonisque

447 1841 589 1874 moribus
611 1841 830 1881 imbuendam,
854 1841 961 1874 multis
978 1841 1121 1884 collegiis
1139 1841 1186 1874 in-

447 1900 601 1928 structam
623 1900 652 1927 et
670 1894 870 1927 nobilitatam
889 1894 998 1937 (tanto
1022 1905 1093 1927 cum
1111 1905 1186 1938 pro-

447 1959 580 1991 gressu,
603 1954 638 1982 ut
665 1948 738 1981 inde
765 1948 980 1992 prodiissent,
1010 1953 1040 1982 et
1066 1948 1098 1981 in
1120 1948 1187 1982 dies

446 2001 615 2045 prodirent
639 2002 847 2045 quamplures
867 2011 976 2034 sacrae
1007 2001 1187 2043 theologiae

447 2054 737 2098 pl‘iilosopliiaeque
779 2064 815 2086 ac
847 2053 1119 2097 iurisprudentiae
1156 2054 1185 2086 in

447 2107 584 2151 publicis
611 2107 720 2151 eisque
749 2107 982 2141 celebrioribus
1014 2108 1186 2141 academiis

448 2161 546 2194 creati
568 2161 715 2194 doctores
737 2171 809 2194 cum
834 2163 949 2203 magna
966 2161 1122 2194 clericalis
1137 2171 1187 2194 or-

448 2213 531 2246 dinis
556 2213 691 2247 utilitate
713 2219 741 2247 et
764 2214 878 2257 laude)
909 2213 1097 2255 invenisset3
1118 2214 1186 2247 ani-

448 2267 650 2300 madvertens
673 2273 790 2307 tamen,
815 2267 845 2299 in
872 2266 938 2310 ipsa
959 2266 1084 2300 civitate
1110 2268 1184 2300 nul-

449 2321 513 2353 lum
536 2320 641 2353 adhuc
666 2319 836 2361 collegium
856 2320 1104 2354 ecclesiasticum
1123 2331 1188 2354 erc-

448 2379 532 2406 ctum
552 2384 630 2413 esse,
658 2374 696 2406 ad
718 2384 791 2407 eum
811 2373 906 2406 linem
929 2373 1132 2414 instructum,
1154 2380 1187 2406 ut

449 2426 480 2460 in
505 2437 543 2460 eo
558 2454 565 2468 ,
591 2427 673 2460 rclut
696 2427 727 2459 in
749 2427 906 2470 palaestra
932 2427 1092 2470 quadam,
1116 2433 1187 2471 post

448 2486 594 2514 exactum
619 2480 799 2514 studiorum
821 2490 950 2513 cursum
977 2485 1187 2524 paratamque

449 2545 556 2568 rerum
577 2533 789 2578 plurimarum
816 2533 980 2575 notitiam,
1012 2532 1130 2577 aliqui¹
1155 2544 1188 2566 se

449 2594 643 2629 exercentes,
660 2587 835 2621 catholicae
849 2587 935 2621 Fidei
952 2587 1117 2621 veritatem
1133 2587 1188 2620 ad-

487 2661 496 2685 1
523 2659 595 2686 llanc
606 2667 696 2686 vocem
713 2659 808 2693 aliqui
827 2657 979 2685 addendam
995 2657 1147 2685 censuimus
1156 2665 1187 2685 ex

452 2704 508 2731 loco
525 2704 651 2739 parallelo
673 2704 782 2732 alterius
798 2704 910 2734 Constit.
928 2707 1008 2731 antea
1023 2703 1066 2731 cit.
1086 2704 1122 2738 (n.
1138 2704 1185 2737 Τ.)-

1014 302 1192 326 BULLARlUM
1218 302 1368 327 ROMANL'M

1211 360 1320 384 versus
1340 350 1457 394 impios
1473 350 1709 384 haeretieorum
1728 358 1860 385 conatus
1877 352 1951 385 scri-

1213 403 1272 446 ptis
1301 409 1332 437 et
1364 403 1641 437 lucubrationibus
1668 404 1844 448 aliquando
1867 405 1950 438 tueri

1212 462 1341 499 possent
1368 462 1398 490 et
1430 462 1615 498 tuerentur,
1639 457 1781 500 aliasque
1805 456 1952 491 scientias

1213 514 1243 543 et
1263 509 1438 550 facultates,
1462 520 1542 553 quas
1562 509 1802 554 profiterentur,
1829 509 1895 543 suis
1919 510 1952 543 in

1212 561 1377 606 publicum
1409 562 1532 596 emissis
1562 562 1714 606 operibus
1743 562 1950 603 illustrarent,

1213 625 1346 658 remque
1379 615 1565 649 litterariam
1599 615 1768 656 iuvarent,
1798 621 1828 649 et
1858 615 1954 649 certis

1214 668 1282 701 aliis
1303 669 1341 702 de
1362 668 1464 702 causis
1489 669 1666 709 adductus,
1695 668 1816 702 iamdiu
1841 668 1873 702 in
1897 679 1954 713 op—

1214 727 1353 765 portuno
1379 722 1482 755 dictae
1503 721 1637 755 civitatis
1658 722 1730 756 loco
1754 732 1855 755 unum
1880 732 1954 766 per-

1214 780 1346 818 petuum
1372 775 1543 817 collegium
1566 775 1817 808 ecclesiasticum
1844 775 1955 808 docto-

1216 838 1286 861 rum
1299 828 1514 862 bibliothecae
1533 829 1776 870 Ambrosianae,
1792 834 1954 863 certorum

1216 885 1246 913 et
1266 880 1507 923 designatorum
1529 881 1689 921 virorum,
1713 887 1779 915 tum
1809 881 1842 914 in
1866 883 1955 915 sacra

1215 933 1376 976 theologia
1401 940 1469 967 tum
1497 934 1528 968 in
1549 934 1619 968 aliis
1640 934 1847 968 facultatibus
1872 934 1952 968 insi-

1215 985 1319 1028 gniter
1336 987 1549 1029 eruditorum,
1570 987 1624 1032 qui
1642 987 1838 1031 supradicta,
1858 993 1957 1031 prout

1216 1039 1431 1083 infrascripta,
1446 1046 1610 1084 praestare
1624 1041 1777 1082 valerent,
1794 1051 1867 1074 cum
1881 1041 1957 1075 dote

1217 1093 1424 1136 competenti,
1448 1099 1478 1126 et
1491 1094 1550 1127 sub
1568 1094 1702 1136 legibus,
1723 1094 1843 1137 regulis
1861 1099 1893 1127 et
1909 1103 1958 1127 or-

1217 1145 1346 1180 dinibus
1366 1157 1425 1190 per
1446 1146 1550 1190 ipsum
1578 1147 1775 1181 Fridericum
1805 1146 1954 1181 cardina-

1218 1200 1279 1232 lem
1309 1205 1339 1233 et
1366 1200 1558 1243 praesulem,
1586 1200 1681 1234 etiam
1708 1211 1744 1233 ex
1769 1200 1958 1234 auctoritate

1217 1252 1392 1296 apostolica
1410 1253 1677 1296 praescribendis,
1695 1253 1818 1296 erigere
1837 1259 1868 1287 et
1888 1253 1958 1287 sun-

1217 1305 1306 1345 dare,
1327 1305 1513 1350 ibidemque
1540 1307 1680 1350 amplam
1709 1313 1739 1340 et
1764 1307 1958 1351 locupletem

1218 1358 1467 1399 bibliothecam,
1501 1359 1646 1393 omnium
1677 1360 1834 1393 librorum
1867 1350 1959 1404 co'pia

1218 1414 1380 1454 refertam,
1408 1423 1523 1456 parare
1549 1414 1580 1446 in
1602 1413 1710 1447 animo
1731 1424 1789 1447 suo
1806 1414 1960 1448 destinas-

1218 1470 1275 1505 set,
1292 1465 1572 1506 etconstituisset3
1596 1472 1764 1510 practerea
1787 1476 1884 1511 super
1908 1476 1960 1500 an-

1219 1529 1276 1552 nos
1313 1525 1374 1553 tres
1407 1522 1466 1562 (re
1497 1520 1586 1564 prius
1617 1520 1853 1554 communicata
1886 1531 1958 1554 eum

1219 1572 1342 1606 dilectis
1367 1572 1440 1607 tiliis
1465 1574 1650 1617 praeposito
1680 1580 1711 1607 et
1738 1574 1960 1608 sacerdotibus

1219 1626 1483 1669 Congregationis
1500 1627 1687 1660 Oblatorum
1708 1627 1807 1661 sancti
1826 1627 1960 1661 Ambro-

1219 1680 1255 1712 sii
1282 1680 1312 1712 in
1338 1680 1470 1713 aedibus
1495 1680 1595 1714 sancti
1621 1681 1788 1724 Sepulchri
1810 1680 1961 1714 Mediola-

1220 1733 1326 1766 nensis
1344 1744 1402 1777 per
1422 1734 1571 1766 eumdem
1594 1734 1740 1767 Carolum
1763 1733 1960 1768 cardinalem

1220 1792 1250 1819 et
1274 1786 1455 1830 praesulem
1477 1786 1641 1820 institutae
1662 1786 1903 1829 residentibus)
1929 1787 1960 1820 in

1221 1839 1315 1873 certis
1331 1839 1393 1872 situ
1408 1846 1439 1873 ct
1458 1840 1530 1873 loco
1544 1839 1686 1873 eiusdem
1698 1839 1962 1883 Congregationis

1220 1903 1321 1937 prope
1334 1892 1501 1926 ecclesiam
1517 1893 1659 1926 eiusdem
1675 1892 1774 1926 sancti
1792 1892 1961 1936 Sepulchri

1221 1956 1257 1980 ac
1285 1946 1379 1979 aedes
1410 1945 1631 1979 residentiales
1656 1945 1755 1989 ipsius
1776 1945 1959 1988 Congrega-

1223 1999 1316 2033 tionis
1330 1999 1547 2039 existentibus,
1565 2005 1592 2032 et
1608 2009 1666 2043 per
1680 1999 1878 2033 Fridcricum
1893 2010 1963 2033 car-

1222 2053 1360 2086 dinalem
1387 2053 1425 2086 de
1446 2052 1586 2096 propriis
1611 2052 1675 2086 suis
1695 2052 1839 2096 pecuniis
1859 2063 1963 2096 nuper

1221 2106 1357 2150 emptis,
1388 2111 1534 2139 extruere
1562 2111 1591 2138 ct
1618 2105 1776 2138 fabricare
1795 2116 1963 2148 aggressus

1221 2159 1338 2199 suerit,
1373 2158 1603 2203 aedificarique
1629 2159 1788 2192 curaverit
1819 2159 1962 2203 ainplum

1222 2213 1340 2252 locum,
1368 2218 1399 2245 et
1423 2222 1479 2245 seu
1504 2212 1611 2245 aulam
1638 2222 1799 2254 magnam,
1827 2217 1858 2245 et
1876 2211 1961 2245 sedi-

1223 2276 1295 2298 men
1313 2266 1418 2299 eidem
1440 2266 1532 2299 aulae
1553 2265 1775 2305 coniunctum,
1791 2276 1862 2298 cum
1881 2266 1963 2299 mul-

1223 2319 1260 2352 tis
1285 2319 1362 2352 locis
1382 2319 1610 2360 subterraneis,
1631 2319 1796 2358 tori-aneis,
1820 2324 1852 2352 et
1868 2328 1962 2362 supe—

1223 2372 1364 2406 rioribus
1388 2373 1428 2406 ad
1449 2383 1542 2406 usum
1568 2373 1779 2416 praecipuum
1801 2373 1961 2406 dictorum

1222 2426 1347 2469 collegii
1366 2432 1396 2459 et
1413 2426 1637 2467 bibliothecae,
1655 2426 1891 2470 utilitatemque
1908 2437 1964 2470 pu-

1222 2479 1350 2520 blicam,
1365 2481 1489 2513 servata
1514 2480 1617 2512 forma
1639 2479 1700 2523 typi
1719 2490 1755 2512 ac
1773 2479 1963 2513 delineatio-

1222 2532 1270 2566 nis
1288 2532 1326 2566 de
1342 2532 1592 2566 architectorum
1613 2537 1644 2565 et
1670 2531 1961 2566 ecelesiasticorum

1222 2587 1377 2627 virorum,
1397 2586 1429 2619 in
1449 2591 1588 2630 utroque
1606 2586 1675 2619 iure
1695 2591 1725 2619 et
1747 2585 1778 2618 in
1796 2587 1887 2619 sacra
1902 2596 1960 2629 pa-

1222 2640 1294 2683 gina
1316 2641 1532 2674 laureatorum
1548 2666 1555 2680 ‚
1583 2639 1712 2672 scientia
1738 2638 1959 2683 comprobata,

1223 2694 1354 2728 deiectis
1385 2703 1421 2727 ac
1455 2692 1583 2737 penitus
1619 2691 1788 2726 destructis
1823 2691 1962 2736 antiquis

1959 303 2010 330 An.
2032 302 2060 330 c.
2082 302 2148 331 1608

2177 352 2187 374 >

2174 384 2193 416 a:

2175 424 2193 455 ἰ
2208 429 2209 433 ,

2181 457 2193 477 .-
2208 462 2209 466 ,

2177 481 2209 498 .·„‹
