2227 3241
502 315 564 351 702

457 373 543 413 Quae
556 374 594 408 ad
614 378 795 406 nostrorum
812 371 1026 415 subditorum,
1048 372 1122 406 104.

457 427 541 466 Quae
558 426 597 460 ad
615 425 848 470 religiosorum,
866 425 940 460 406.

457 480 543 520 Quae
567 480 618 524 pie
635 486 666 514 et
683 485 800 518 sancte,
821 478 896 513 615.

455 534 540 573 Quae
554 544 612 578 pro
622 533 720 567 divini
729 534 835 567 cultus
846 533 1101 574 conservatione,
1116 533 1190 567 169.

456 586 542 626 Quae
562 588 724 631 regulares
740 597 893 632 personas
908 587 940 621 in
958 587 1107 631 aliquam,
1120 586 1194 621 367.

454 639 540 679 Quae
557 640 726 674 salubriter
751 651 768 673 a
787 640 1097 686 praedecessoribus,
1115 639 1190 674 654.

456 693 556 734 Quam
578 694 759 738 perniciosa
778 695 820 728 sit
840 695 872 728 in
889 695 990 735 omni,
1008 694 1084 728 171.

454 747 616 787 Quantum
633 759 669 782 ex
683 748 884 782 monasteriis
901 748 1125 793 pieinstitutiS,
1140 746 1193 782 64.

453 800 543 840 Quod
557 801 591 834 in
605 802 692 835 omni
706 802 767 836 vita
784 801 918 836 summis
934 801 1026 843 votis,
1049 801 1123 835 197,

455 854 546 894 Quod
559 866 662 900 nuper
673 860 745 900 post
764 856 901 897 obitum,
917 855 992 893 227,

455 909 616 949 Quoniam
634 910 674 943 ad
695 909 887 950 institutam,
907 909 960 942 2‘1.

453 962 610 1002 Quoniam
632 963 800 1007 multiplici
822 963 1039 1004 concessione,
1059 962 1132 997 437.

454 1016 611 1056 Quoniam
629 1027 725 1050 nemo
741 1016 837 1050 debet
854 1017 926 1058 sihi,
947 1016 1021 1050 107.

454 1068 611 1108 Quoniam
628 1080 730 1104 nemo·
742 1070 836 1103 debet
853 1069 926 1109 sibi,
967 1069 1018 1102 36.

454 1122 611 1167 Quoniam
628 1133 723 1156 nemo
743 1123 837 1156 debet
853 1122 925 1163 sibi,
945 1121 1019 1156 1438.

453 1176 611 1215 Quoniam
623 1182 731 1210 nostro
740 1176 890 1221 pastorali
902 1176 1132 1220 potissimum‚i
1141 1176 1193 1210 27.

454 1228 612 1268 Quoniam
625 1235 733 1263 nostro
744 1230 891 1273 pastorali
902 1229 1133 1273 potissimuniA
1142 1229 1193 1263 025.

453 1281 609 1321 Quoniam
619 1289 728 1317 nostro
738 1282 884 1327 pastorali
898 1281 1193 1326 potissimum,‘l35.

453 1334 610 1374 Quoniam
624 1336 793 1377 novitates,
806 1335 880 1370 3841.

816 1427 838 1459 R

454 1498 601 1541 Regnum
621 1497 758 1535 Siciliae,
775 1496 849 1531 385.

456 1551 588 1595 Regium
602 1552 770 1595 hospitale,
785 1551 859 1585 365.

453 1605 688 1648 Religiosorum
712 1605 770 1638 sub
787 1605 873 1638 suavi
896 1604 1076 1648 religionis,
1097 1604 1168 1638 435.

456 1658 633 1701 Religiosos
651 1658 732 1691 viros
745 1658 798 1701 qui
813 1659 871 1691 sub
888 1658 988 1699 suavi,
1002 1657 1067 1691 272

455 1712 588 1746 Romani
606 1711 768 1745 Pontificis
787 1711 1027 1755 circumspecta,
1048 1711 1122 1745 658.

455 1765 591 1798 Romani
608 1764 772 1798 Pontificis
785 1765 941 1808 dignitati,
959 1764 1012 1798 53.

456 1819 589 1853 Romani
610 1819 784 1860 Ponssficis,
808 1820 839 1852 in
857 1830 921 1863 quo
938 1818 1012 1853 333.

454 1874 590 1907 Romani
619 1873 783 1907 Pontificis
801 1873 1071 1916 providentia......

499 1927 646 1967 sollicito,
661 1926 736 1961 336.

455 1980 591 2014 Romani
620 1980 782 2014 Pontifieis
809 1981 1007 2024 providentia
1035 1981 1192 2021 libenter,

454 2087 586 2121 Romani
607 2087 772 2122 Pontificis
798 2088 968 2132 prudentia
992 2088 1190 2133 circumspe-

499 2147 560 2184 cta,
580 2141 655 2175 395.

455 2195 638 2228 Romanum
655 2194 747 2229 decet
764 2195 952 2230 Pontificem
972 2195 1003 2229 in
1023 2197 1081 2237 liis,
1102 2196 1153 2229 79.

454 2248 635 2282 Romanum
662 2248 752 2282 decet
772 2249 959 2282 Pontificem
980 2249 1013 2282 in
1030 2259 1192 2292 supremo,

499 2301 573 2335 473.

456 2356 638 2388 Romanum
655 2356 744 2389 decet
760 2355 945 2389 Pontificem
960 2356 1115 2390 universo
1129 2367 1195 2400 gre-

500 2410 543 2453 gi,
562 2408 636 2443 3114.

457 2462 637 2495 Romanum
651 2462 742 2496 decet
756 2462 956 2503 Pontificem,
970 2468 1004 2496 ut
1018 2473 1105 2506 erga,
1121 2461 1194 2496 205.

1098 1873 1135 1906 ad
1157 1884 1193 1907 ea

1037 325 1131 350 BELLA
1137 325 1211 350 nlt'u
1236 325 1385 351 ROMAM'M

1230 373 1409 408 Romanurn
1431 373 1619 407 Pontificem
1639 373 1729 407 decet
1746 384 1869 417 paoem,
1888 373 1940 409 28.

1230 421 1393 461 Romanus
1409 427 1553 461 Pontifex
1570 428 1662 472 aequi
1678 427 1831 471 bonique,
1850 427 1925 462 558.

1229 481 1392 515 Romanus
1411 481 1554 516 Pontifex
1573 481 1658 516 beati
1674 481 1773 522 Petri,
1799 481 1874 515 157.
1948 480 1952 481 ⁷

1229 534 1392 568 Romanus
1401 535 1544 568 Pontifex
1553 535 1643 569 cuius
1653 534 1879 580 principatum,
1888 535 1962 569 465.

1228 587 1390 622 Romanus
1404 588 1544 622 Pontifex
1563 599 1599 622 ea
1614 588 1789 629 interdum,
1806 587 1882 622 346.

1228 641 1390 675 Romanus
1404 640 1548 675 Pontifex
1561 640 1671 675 fideles
1683 651 1720 676 ac
1733 641 1875 683 devotos,
1889 640 1965 676 366.

1229 694 1390 729 Romanus
1399 694 1541 729 Pontifex
1551 694 1583 728 in
1594 694 1679 728 Beati
1692 694 1776 729 Petri
1788 694 1875 735 sede,
1886 693 1962 729 315.

1584 784 1604 819 S

1180 900 1184 904 .
1228 855 1454 891 Sanctissimus
1473 857 1507 891 D.
1528 857 1564 891 N.
1584 857 1619 890 D.
1639 856 1798 896 Clemens,
1813 855 1866 890 60.

1228 901 1490 945 Sanctissimus...
1507 910 1584 945 Cum
1605 921 1642 944 ex
1663 909 1822 955 plurimis,
1844 908 1922 944 ⁶249.

1227 962 1489 998 Sanctissimus...
1514 963 1649 998 Provide
1670 963 1849 1001 attendens,
1867 961 1944 996 586.

1228 1015 1492 1051 Sanctissimus...
1515 1017 1574 1056 Qui
1596 1017 1628 1050 in
1645 1017 1836 1057 crastinum,
1858 1016 1934 1052 616.

1227 1068 1396 1113 securitati
1413 1070 1640 1112 eonscientiae,
1661 1070 1713 1105 26.

1227 1122 1318 1156 Sedis
1339 1123 1537 1167 Apostolicae
1557 1123 1766 1167 providentia,
1782 1123 1857 1158 504.

1227 1174 1423 1219 Significavit
1439 1177 1531 1210 nobis
1550 1187 1664 1221 nuper,
1683 1177 1735 1210 27.

1226 1229 1375 1264 Sincerae
1396 1230 1470 1264 fidei
1488 1237 1519 1264 et
1533 1230 1721 1271 devotionis,
1742 1230 1794 1264 50.

1226 1283 1403 1328 Singularis
1420 1290 1493 1318 tuus
1507 1285 1663 1328 regularis
1677 1285 1878 1330 disciplinae,
1890 1285 1966 1319 -4-24.

1227 1335 1374 1371 Solemne
1391 1343 1437 1371 est
1454 1338 1607 1371 Romanis
1627 1337 1846 1378 Pontificibus,
1870 1337 1946 1371 477.

1227 1389 1371 1434 Superna
1388 1391 1598 1435 dispositione
1616 1392 1701 1425 illius
1718 1391 1819 1432 cuius,
1835 1390 1945 1425 2:38⁶&

1226 1443 1369 1488 Superna
1386 1444 1594 1489 dispositione
1612 1444 1747 1485 consilii,
1764 1444 1816 1479 82.

1585 1535 1670 1568 T-

1228 1604 1327 1638 Tanta
1340 1611 1387 1639 est
1406 1606 1502 1639 totius
1515 1604 1603 1639 orbis
1620 1605 1799 1646 christiani,
1819 1605 1894 1639 171.

1226 1657 1344 1691 Tantus
1362 1664 1408 1692 est
1424 1657 1602 1692 devotionis
1625 1665 1708 1699 tuae,
1729 1658 1802 1692 568.

1580 1748 1603 1780 U

1228 1817 1285 1851 Ubi
1304 1818 1442 1861 primum
1461 1818 1500 1851 ad
1517 1818 1634 1852 summi
1652 1818 1849 1862 epistolatus,
1866 1818 1918 1851 90.

1228 1871 1416 1915 Unigenitus
1433 1872 1553 1906 aeterni
1574 1871 1676 1906 Patris
1701 1871 1808 1914 fiilius,
1824 1871 1899 1905 643.

1227 1925 1381 1959 Universo
1398 1927 1484 1969 gregi
1503 1925 1682 1967 Dominieo,
1702 1924 1777 1960 582.

1228 1979 1438 2013 Utomnibus
1456 1978 1692 2020 controversiis,
1719 1977 1794 2013 672.

1584 2070 1605 2104 V

1229 2142 1335 2175 Vestra
1359 2142 1527 2186 singularis
1552 2143 1583 2175 in
1608 2151 1678 2183 nOS‚
1705 2140 1780 2176 298.

1228 2195 1336 2229 Vestro
1353 2195 1482 2229 nomine
1495 2195 1587 2229 nobis
1607 2206 1721 2240 nuper,
1736 2194 1810 2229 173.

1228 2249 1316 2282 Vices
1338 2249 1434 2288 illius,
1461 2258 1657 2292 quamquam
1679 2248 1883 2289 immeriti,...
1908 2249 1962 2292 qui

1210 2317 1212 2325 ⁴
1272 2308 1414 2347 propter,
1442 2302 1517 2336 349.

1228 2356 1317 2391 Viees
1341 2355 1436 2396 illius,
1467 2366 1663 2400 quamquam
1682 2356 1883 2397 immeriti,...
1910 2355 1965 2399 qui

1274 2409 1389 2449 visitat,
1406 2408 1480 2443 388.
1668 2416 1671 2418 ’

1230 2462 1321 2496 Vices
1343 2463 1427 2496 illius
1444 2463 1498 2507 qui
1519 2463 1638 2504 dilexit,
1659 2462 1732 2497 589.
