2227 3241
57 286 106 313 An.
123 285 153 313 C.
177 284 244 312 1603

93 769 146 790 Eam
162 774 238 795 appro-

53 796 96 821 bat.
107 796 239 822 aliorumque

58 823 235 844 Katenaariorum

53 855 112 871 usum
127 851 192 871 vetat.

80 1986 198 2008 clausulae*

112 2358 238 2379 Praesentos

53 2385 156 2412 publicari
170 2385 235 2406 iubet.

864 281 1011 305 CLEMENS
1038 282 1096 305 vttl
1124 282 1168 304 ΓΡ.

251 343 377 366 errores
403 332 568 376 perspicue
593 330 813 371 confutantur,
844 330 996 363 docetur-

252 397 315 431 que
325 386 385 419 boc
397 385 625 418 Kalendarium
634 384 778 417 futurum
790 387 994 426 perpetuum,

252 440 295 472 ita
315 445 349 472 ut
372 438 452 472 nulli
467 448 623 481 umquam
641 447 680 469 ne
698 436 850 469 minimae
864 436 996 479 quidem

252 493 435 532 mutationi,
451 491 538 536 quod
555 492 595 524 ad
613 490 855 535 dispositionem
872 495 998 534 epacta-

251 556 323 578 rum
344 546 477 584 attinet,
505 544 681 578 obnoxium
713 543 773 584 sit,
801 553 997 586 quamquam

253 604 324 642 post
352 598 491 642 plurima
520 597 628 640 elapsa
656 597 788 630 saecula
807 596 868 629 alia
885 595 999 629 solaris

252 651 326 684 anni
352 656 383 684 et
406 650 528 684 lunaris
555 650 705 693 aequatio
730 649 873 684 fortassis
901 648 995 682 insti-

254 705 373 738 tuenda
398 704 451 737 sit:
996 739 998 741 ,

300 760 316 799 g
337 757 367 790 3.
396 757 499 796 Quare
519 768 589 797 1105,
616 768 656 790 ne
681 757 721 790 de
742 762 869 791 caetero
887 762 998 790 contra

255 811 378 844 dictum
411 811 637 845 Kalendarium
664 811 785 854 aliquid
822 809 919 843 obiici
945 815 998 842 aut

254 865 394 909 confingi
420 865 521 908 possit
545 869 727 908 opportune
752 863 919 907 providere
944 873 998 896 ro-

253 919 366 958 lentes,
394 917 469 952 dieti
503 917 686 951 Kalendarii
711 917 957 960 explicationem
981 927 997 949 a

252 971 417 1014 praedicto
446 971 643 1005 Cliristosoro
669 970 775 1003 Clavio
800 970 919 1003 editam
944 980 1001 1013 per

253 1031 439 1067 praesentes
451 1025 687 1068 approbamus3
706 1030 830 1057 caetera
848 1034 921 1057 vero
940 1024 1000 1056 Ka-

253 1079 407 1119 lendaria,
426 1089 443 1111 a
467 1078 633 1122 quibusvis
658 1078 721 1111 iam
741 1078 897 1117 confecta,
923 1077 999 1111 huic

253 1132 359 1176 aliqua
383 1131 507 1165 ratione
531 1132 709 1171 contraria,
725 1131 999 1175 quaemendosis-

255 1185 335 1220 sima
356 1185 518 1219 Ecclesiae
533 1181 768 1219 'obtruduntur
794 1184 996 1227 (praesertim

254 1238 332 1271 illud
352 1238 441 1281 quod
461 1238 564 1271 dictus
588 1238 778 1271 Franciscus
802 1237 893 1270 Victa
917 1247 995 1280 pro—

255 1292 325 1334 pria
349 1291 541 1325 auctoritate
561 1291 672 1331 edidit,
700 1296 729 1324 et
752 1302 769 1323 a
801 1290 999 1333 Gregoriano

256 1350 383 1387 praeter
407 1344 467 1377 alia
483 1344 688 1383 discernitur,
716 1343 803 1387 quod
827 1343 858 1375 in
880 1343 935 1376 illo
960 1344 999 1376 ad

255 1397 395 1440 primam
422 1398 505 1430 dien]
528 1397 666 1430 ianuarii
695 1403 807 1439 epacta
835 1407 908 1433 xxx,
936 1396 999 1429 sive

253 1452 313 1482 boc
338 1450 430 1492 signo
448 1452 457 1459 ⁴
478 1456 590 1483 notata
622 1450 715 1483 sicuti
742 1449 774 1482 in
800 1449 999 1482 Kalendariis

253 1503 400 1542 habetur,
420 1513 485 1535 non
507 1501 667 1545 adscripta
683 1502 736 1541 sit„
762 1507 798 1535 ut
822 1501 855 1534 in
881 1502 999 1545 Grego-

254 1557 359 1595 riano,
382 1561 550 1598 annusque
568 1566 640 1588 cum
666 1558 777 1599 epacta
802 1565 874 1588 xxix
902 1555 941 1588 ab
966 1566 999 1588 o-

253 1611 343 1642 ctava
369 1609 420 1642 die
439 1609 544 1642 martii
566 1609 709 1653 incipiat,
733 1619 815 1652 quae
833 1619 882 1642 res
906 1609 998 1642 inau-

253 1663 317 1695 dita
331 1668 390 1703 est,
408 1667 437 1695 et
452 1662 600 1696 Patribus
614 1662 746 1696 Nicaeni
761 1662 893 1696 Concilii
906 1673 998 1706 pror-

253 1727 306 1749 sus
325 1716 514 1758 contraria),
533 1727 595 1750 nec
612 1727 677 1749 non
695 1727 920 1760 quaecumque
937 1717 998 1749 alia

253 1769 359 1802 forsan
384 1769 415 1802 in
441 1775 609 1813 posterum
634 1769 761 1802 edenda
788 1769 820 1802 in
850 1770 997 1803 universo

253 1822 429 1856 christiano
448 1822 523 1856 orbe
540 1828 696 1866 perpetuo
717 1822 924 1865 abrogamus,
946 1833 999 1856 eo-

253 1887 391 1919 rumque
416 1886 509 1909 usum
542 1876 663 1919 ubique
694 1876 935 1917 interdicimus,
963 1888 999 1910 ac

252 1929 472 1971 prohibemus.

298 1982 312 2025 ξ
338 1982 368 2014 4.
392 1982 508 2025 Sieque
525 1982 565 2015 ab
591 1982 742 2015 omnibus
760 1984 895 2023 censeri,
908 1990 939 2017 et
956 1984 998 2017 ita

253 2046 310 2078 per
341 2045 566 2079 quoscumque
598 2036 721 2070 iudices
754 2037 933 2071 ordinarios
968 2043 998 2070 et

252 2089 414 2130 delegatos
439 2088 576 2121 iudicari
604 2095 635 2122 et
653 2089 780 2122 deliniri
806 2089 942 2122 debere:
959 2091 999 2123 ir-

252 2142 350 2174 ritum
376 2147 406 2174 et
427 2141 523 2174 inane
544 2141 703 2185 quidquid
730 2153 821 2176 secus
842 2143 999 2185 superbis

253 2206 271 2228 a
296 2205 473 2239 quoquam,
493 2196 605 2239 quavis
637 2197 838 2236 auctoritate,
862 2197 1000 2230 scienter

253 2248 299 2280 vel
318 2249 515 2291 ignoranter,
530 2249 701 2291 contigerit
715 2250 875 2285 attentari,
890 2251 999 2284 ‹lecer-

252 2303 371 2335 nimus.

297 2355 311 2397 g
337 2355 366 2387 5.
396 2356 633 2398 Praecipientes
659 2355 692 2388 in
721 2357 835 2389 virtute
872 2363 998 2391 sanctae

252 2407 457 2441 obedientiae
468 2409 624 2441 universis
640 2408 876 2443 venerabilibus
894 2410 999 2443 tratri-

252 2462 313 2495 bus
338 2462 539 2505 patriarchis,
567 2462 769 2506 primatibus,
786 2464 999 2507 archiepisco-

253 2515 312 2559 pis,
335 2515 493 2559 episcopis
511 2522 539 2549 et
559 2516 629 2549 aliis
647 2516 793 2550 locorum
809 2517 995 2557 Ordinariis,

252 2579 432 2612 eorumque
456 2569 579 2602 vicariis
605 2570 638 2602 in
656 2569 878 2613 spiritualibus
904 2581 998 2613 gene-

253 2621 384 2659 ralibus,
399 2628 432 2655 ut
458 2629 642 2666 praesentes
667 2629 793 2657 nostras
819 2624 938 2657 litteras
965 2624 997 2657 in

253 2684 363 2707 eorum
393 2676 528 2719 quisque
561 2676 721 2715 ecclesiis,
755 2677 935 2711 civitatibus
967 2683 997 2711 et

1015 2262 1018 2306 l

1015 2310 1017 2326 l

1725 280 1746 303 ο

1032 329 1232 363 dioecesibus
1258 329 1414 373 publicari
1432 334 1464 362 et
1488 328 1649 363 observari
1666 335 1779 363 curent

1031 387 1063 414 et
1082 382 1209 415 faciant.

1077 435 1093 476 ξ
1119 434 1149 467 6.
1177 435 1247 468 Non
1273 435 1475 469 obstantibus
1496 436 1779 470 constitutionibus
1822 453 1980 483 ngsogagcou,

1031 494 1063 522 et
1087 488 1348 523 ordinationibus
1373 489 1572 533 apostolicis,
1592 500 1629 523 ac
1653 490 1780 523 statutis
1795 483 1874 501 “³⁰¹³

1033 545 1064 575 et
1093 542 1408 584 consuetudinibus,
1444 544 1541 576 etiam
1573 543 1776 583 iuramento,

1033 595 1279 629 confirmatione
1295 598 1482 640 apostolica,
1509 598 1557 630 vel
1583 598 1695 641 quavis
1719 597 1777 631 fir-

1034 649 1143 682 mitate
1164 648 1225 681 alia
1243 650 1414 689 roboratis,
1435 650 1610 694 privilegiis
1634 661 1777 694 quoque,

1033 701 1179 741 indultis,
1199 707 1230 735 et
1246 702 1361 736 litteris
1385 704 1570 747 apostolicis
1594 703 1627 737 in
1646 709 1777 737 contra-

1033 754 1118 787 rium
1143 755 1395 797 praemissorum
1421 757 1575 790 hactenus
1600 757 1781 800 quomodo-

1034 807 1112 841 libet
1126 808 1299 847 concessis,
1322 809 1522 842 confirmatis
1536 816 1567 843 et
1580 810 1777 854 approbatis,

1034 861 1232 905 caeterisque
1254 862 1425 895 contrariis
1446 863 1716 906 quibuscumque.

1078 915 1092 957 ἓ
1118 913 1149 946 7.
1177 915 1331 948 Volumus
1356 920 1463 949 autem
1495 921 1530 948 ut
1561 917 1778 959 praesentium

1034 968 1256 1011 transumptis,
1279 969 1375 1002 etiam
1396 968 1571 1013 impressis,
1594 980 1690 1002 manu
1715 980 1780 1003 no·-

1033 1021 1105 1054 tarii
1126 1021 1247 1065 publici
1261 1021 1462 1065 subscriptis,
1479 1028 1509 1055 et
1526 1022 1630 1065 sigillo
1646 1022 1779 1055 alieuius

1033 1085 1190 1118 personae
1219 1076 1250 1108 in
1276 1075 1430 1118 dignitate
1454 1075 1673 1110 ecclesiastica
1696 1086 1780 1109 con—

1033 1128 1162 1161 stitutae
1176 1128 1322 1168 munitis,
1342 1129 1454 1162 cadem
1472 1139 1604 1172 prorsus
1628 1129 1708 1163 fides
1725 1129 1780 1162 ha-

1033 1181 1158 1220 beatur,
1184 1192 1267 1225 quae
1291 1183 1514 1225 praesentibus
1543 1182 1620 1226 ipsis
1647 1182 1780 1216 habere-

1034 1240 1096 1275 tur,
1125 1235 1149 1267 si
1170 1241 1276 1269 essent
1295 1235 1467 1276 exhibitae,
1494 1237 1543 1269 vel
1564 1242 1723 1270 ostensae.

1078 1289 1195 1321 Datum
1211 1289 1331 1322 Romae
1344 1290 1430 1332 apud
1444 1289 1476 1322 S.
1495 1289 1640 1330 Petrum,
1655 1289 1715 1322 suh
1729 1300 1781 1322 an-

1033 1342 1110 1374 nulo
1142 1342 1337 1382 piscatoris,
1364 1342 1419 1375 die
1443 1352 1508 1375 xvn
1529 1343 1636 1376 martii
1661 1353 1776 1382 tinent,

1033 1395 1240 1437 pontificatus
1265 1396 1367 1429 nostri
1385 1406 1471 1429 anno
1496 1406 1551 1428 ΧΠ.

1070 1454 1128 1481 Dat.
1147 1455 1190 1482 die
1210 1457 1239 1482 17
1261 1457 1348 1483 martii
1366 1458 1444 1490 1602,
1462 1457 1558 1492 pontif.
1582 1465 1627 1484 an.
1645 1466 1693 1484 xit.

1792 280 1841 321 aa.
1876 279 1979 309 cacoa

1836 930 1980 957 Transumptin

1796 957 1865 978 «tanda
1876 957 1936 979 fides.

1330 1643 1481 1678 CCCXllI.

1033 1767 1174 1800 Mandat
1191 1769 1333 1811 episcopo
1353 1768 1530 1809 &necem-2,
1552 1773 1585 1802 ul
1606 1780 1708 1802 unum
1731 1770 1781 1803 Γί-

1078 1822 1209 1854 carium
1223 1822 1259 1854 ἱη
1273 1822 1502 1864 spiritualibus
1513 1827 1540 1855 et
1552 1824 1781 1866 temporalibus

1079 1875 1115 1906 in
1136 1879 1234 1917 parte
1270 1875 1422 1917 inferiori
1453 1877 1553 1919 ipsius
1579 1878 1721 1910 civitatis
1747 1879 1781 1910 ιή

1079 1928 1142 1960 loco
1159 1928 1199 1961 ab
1212 1929 1387 1972 episcopali
1400 1930 1527 1972 palatio
1542 1935 1691 1973 separato
1709 1941 1782 1964 con-

1078 1981 1214 2021 stituat,
1243 1987 1271 2015 et
1295 1992 1400 2015 unum
1424 1983 1614 2016 Amatorem
1636 1985 1724 2027 apud
1750 1995 1781 2016 se

1077 2035 1208 2073 habeut,
1236 2037 1289 2068 cm?
1313 2047 1426 2069 causas
1452 2038 1487 2069 in
1510 2037 1617 2079 aradi(
1636 2037 1781 2080 appella-

1079 2089 1178 2120 tionis
1203 2099 1223 2121 a
1248 2091 1417 2122 ,sententiis
1440 2091 1581 2132 prolatis
1598 2101 1618 2123 α
1640 2091 1723 2124 dicto
1739 2091 1782 2123 ›Ji-

1078 2143 1167 2174 curm
1193 2143 1371 2176 committat
1387 2142 1404 2175 ⁴.

1105 2238 1278 2266 Venerabili
1291 2239 1381 2267 fratri
1396 2240 1536 2274 episeopo
1553 2241 1711 2268 cenetensi

1223 2296 1378 2327 Clemens
1394 2298 1486 2338 Papa
1501 2298 1593 2328 V111.

1041 2380 1230 2409 Venerabilis
1252 2383 1356 2417 frater,
1380 2386 1511 2412 salutem
1532 2389 1563 2412 et.
1583 2385 1781 2419 apostolicam

1278 2429 1530 2457 benedictionem.

1829 2523 1916 2545 Mandat
1930 2525 1982 2551 Epi-

1195 2518 1364 2560 Cupientes
1404 2517 1625 2552 commoditati
1661 2518 1777 2552 civium
1795 2556 1860 2577 mm
1880 2553 1902 2572 m
1918 2552 1981 2573 vm·

1079 2517 1158 2558 §¹-

1032 2577 1064 2604 et
1093 2571 1271 2605 incolarum
1296 2571 1580 2614 habitatormnque
1609 2571 1699 2604 istius
1728 2573 1775 2606 ci-
1795 2578 1887 2599 rium-10
1903 2583 1944 2604 quo
1960 2578 1980 2599 iu

1033 2624 1134 2658 vitatis
1160 2624 1343 2658 Cenetensis
1372 2624 1521 2668 illiusque
1546 2625 1685 2658 universi
1713 2631 1775 2658 ter·
1794 2605 1879 2652 fii-¹3¹&
1903 2606 1981 2626 ''onsu-

1071 2688 1077 2712 t
1104 2686 1139 2713 Ex
1162 2687 1271 2722 Regest.
1295 2687 1320 2713 in
1341 2686 1443 2714 Set-ret.
1466 2687 1541 2714 Brev.
