2227 3241
255 274 308 302 An.
324 276 352 303 c.
377 275 443 303 1604
490 266 531 299 74

294 1399 402 1424 Philippus
416 1397 444 1418 ΙΙΙ

260 1426 399 1451 prudeultbus
418 1425 445 1444 vi-

259 1459 288 1473 rts
303 1458 346 1472 rem
366 1451 445 1472 exami-

260 1479 352 1499 nandam
389 1484 444 1499 com-

260 1506 330 1526 millii.

301 1884 339 1907 Qui
356 1882 446 1907 Philippi

263 1911 349 1931 secundi
358 1911 446 1929 mentem

263 1936 397 1963 exequutioni
412 1936 447 1955 ‹lo-

263 1964 359 1985 mandari
406 1968 447 1982 nou

263 1996 324 2017 posse
340 1990 420 2016 putant.

1037 273 1219 299 BULLARIUM
1236 273 1388 300 ROMANUM

456 329 622 357 scutorum
646 321 885 366 praedictorum
909 321 1004 363 longe
1027 321 1193 363 excedere,
1229 322 1292 356 side
1312 322 1443 367 oppida,
1467 328 1569 356 castra
1590 328 1620 356 et
1638 323 1709 357 loca
1734 324 1970 359 iurisdictiona-

456 388 529 409 rum
549 382 665 415 tamen,
687 379 843 417 utpostea
857 379 1059 417 compertum
1075 373 1189 415 suerat,
1229 374 1270 408 lia
1284 375 1449 419 praedicta
1471 380 1628 417 emerant,
1653 376 1683 409 in
1705 376 1779 418 illis,
1803 382 1971 423 tamquam

456 429 495 462 ad
508 429 638 461 illorum
651 427 790 459 valorem
802 425 850 458 vix
860 427 1083 468 ascenderent,
1098 427 1146 461 his
1158 428 1197 461 de

456 481 558 514 causis
578 480 772 520 facultatem,
788 478 848 511 sibi
862 480 902 512 ad
916 479 977 512 hoc
997 490 1015 513 a
1032 480 1196 524 praedicto

455 534 610 576 Gregorio
638 533 888 577 praedecessore
914 543 1117 575 concessam,
1144 545 1197 568 su-

456 586 634 630 breptionis
646 585 721 618 vitio
735 585 913 626 subiacere;
930 592 961 620 et
975 592 1040 620 tum
1055 597 1091 620 ex
1104 597 1197 631 prae-

457 639 549 672 dictis
567 638 681 679 causis,
706 643 775 671 tum
796 639 891 672 etiam
913 650 950 673 ex
970 650 1009 674 eo
1029 640 1116 683 quod
1130 640 1197 684 ipse

456 693 622 736 Philippus
633 704 686 726 rex
699 693 835 726 formam
849 693 953 727 dictae
965 694 1123 727 facultatis
1131 704 1197 727 non

456 751 621 786 servasset,
638 751 669 779 et
685 746 851 789 pecunias,
867 757 903 779 cx
916 746 1154 780 venditionibus
1168 752 1198 780 et

457 799 706 833 alienationibus
719 800 891 843 praedictis
905 807 1062 844 receptas,
1080 800 1111 833 in
1122 811 1198 834 usus

457 863 622 896 expressos
648 864 713 886 non
733 853 954 894 convertisset,
983 853 1198 887 conscientiae

457 905 594 939 stimulis
621 906 774 949 agitatus,
806 906 837 939 in
863 907 930 940 eius
952 907 1066 940 ultimo
1097 912 1194 940 testa-

458 966 580 1000 mento,
596 971 653 994 seu
672 960 839 1001 codicillis,
864 961 944 994 (luas
965 961 1124 994 clausulas
1144 972 1198 1005 ap-

457 1013 619 1058 posuerit,
649 1024 707 1057 per
734 1024 813 1057 quas
842 1014 1002 1057 disposuit
1032 1020 1067 1047 ut
1092 1014 1200 1058 aliqua

458 1067 542 1100 ratio
563 1078 619 1100 seu
646 1068 751 1100 forma
771 1067 908 1100 iniretur
932 1067 1121 1101 restituendi
1143 1079 1195 1101 ec-

458 1121 573 1161 clesiis,
596 1121 801 1154 monasteriis
814 1127 845 1154 et
862 1121 932 1154 aliis
944 1121 1130 1154 huiusmodi
1146 1121 1201 1154 be-

458 1173 582 1207 neficiis
596 1173 819 1207 ecclesiasticis
834 1173 993 1207 dictorum
1010 1184 1197 1216 regnorum,

458 1228 589 1272 oppida,
611 1233 725 1268 castra,
750 1227 913 1268 fortalitia,
934 1228 1034 1267 villas,
1058 1233 1158 1260 terras
1172 1232 1202 1261 et

459 1282 530 1316 loca
549 1282 735 1326 supradicta
760 1282 799 1314 ab
825 1282 870 1315 eis
894 1281 926 1314 in
955 1282 1018 1314 vim
1044 1281 1202 1315 facultatis

459 1336 656 1380 apostolicae
677 1336 908 1369 dismembrata
933 1340 964 1369 et
984 1335 1140 1376 alienata,

505 1392 520 1432 5
539 1390 569 1423 li.
582 1390 619 1423 Et
630 1395 803 1433 propterea
816 1389 1022 1423 charissimus
1036 1390 1068 1422 in
1079 1389 1202 1423 Christo

460 1443 545 1476 silius
558 1449 667 1477 noster
680 1443 894 1487 Philippuslll
907 1442 1135 1486 Hispaniarum
1150 1453 1202 1476 rex

461 1497 649 1538 catholicus,
678 1497 821 1530 eiusdem
848 1496 987 1540 Philippi
1012 1497 1037 1530 ΙΙ
1063 1496 1148 1529 filius
1173 1502 1201 1529 et

460 1561 638 1591 successor,
655 1550 864 1583 considerans
878 1550 1048 1592 negocium
1063 1549 1125 1584 hoc
1139 1561 1204 1583 ma-

461 1604 537 1637 ximi
559 1603 715 1637 momenti
736 1603 885 1642 existere,
916 1603 1203 1645 congregationem

461 1657 727 1701 gravissimorum
756 1656 889 1690 scientia
910 1660 940 1689 et
965 1655 1126 1699 probitate
1154 1656 1200 1688 vi-

461 1722 584 1752 rorum,
608 1718 644 1744 ut
663 1709 835 1753 negocium
854 1709 1056 1753 praedictum
1078 1715 1204 1743 mature

461 1765 716 1804 considerarent,
740 1769 768 1796 et
791 1763 850 1807 ipsi
873 1763 1031 1796 referrent
1056 1763 1204 1796 nomina-

463 1818 518 1850 tim
540 1816 759 1861 deputaverit;

507 1872 574 1913 57.
603 1872 746 1915 Cumque
778 1871 810 1903 in
841 1870 924 1904 dicta
954 1871 1205 1913 congregatione

464 1931 590 1958 maturo
605 1924 741 1957 consilio
755 1924 996 1957 consideratum
1010 1924 1118 1965 fuerit,
1130 1935 1205 1957 cau-

462 1989 523 2019 sas,
544 1983 677 2022 propter
694 1988 774 2021 quas
791 1977 895 2011 dictus
915 1977 1091 2019 Gregorius
1111 1989 1205 2021 prae-

463 2033 614 2066 decessor
632 2032 816 2065 facultatem
834 2030 1054 2075 supradictam
1077 2041 1207 2065 conces-

462 2086 514 2127 sit,
539 2091 602 2118 lain
624 2084 820 2118 necessarias
841 2089 872 2117 et
890 2084 987 2118 utiles
1011 2084 1206 2118 christianae

463 2139 664 2183 reipublicae
689 2144 720 2171 et
741 2149 792 2171 eas
807 2138 938 2182 quidem
953 2138 1136 2172 verissimas
1157 2139 1205 2172 su-

464 2194 524 2227 isse
538 2198 570 2226 et
586 2203 665 2233 esse,
683 2203 718 2226 ac
736 2192 938 2225 venditiones
951 2197 982 2225 et
995 2192 1206 2226 alienationes

463 2246 658 2291 praedictas,
682 2245 876 2281 auctoritate
896 2245 1085 2288 apostolica,
1102 2251 1131 2279 et
1147 2245 1206 2279 sub

464 2300 528 2334 fide
542 2299 695 2344 pubblica
710 2299 778 2332 sine
792 2299 868 2331 dolo
883 2299 1051 2338 etfraude,
1069 2299 1207 2342 dataque

465 2353 621 2393 ecclesiis,
642 2352 848 2385 monasteriis
868 2357 899 2385 et
916 2351 1084 2385 beneficiis
1098 2352 1207 2385 huius-

466 2406 553 2440 modi
574 2407 797 2449 recompensa,
816 2405 904 2438 iuxta
924 2405 1061 2437 sormam
1087 2405 1206 2438 littera-

467 2470 538 2493 rum
561 2459 637 2492 dicti
657 2458 805 2500 Gregorii
826 2458 1085 2502 praedecessoris
1109 2459 1207 2492 factas

467 2513 574 2553 fuisse,
592 2518 633 2553 et,
656 2512 681 2545 si
703 2522 788 2545 nunc
802 2511 1001 2545 venditiones
1021 2511 1205 2546 huiusmodi

468 2566 741 2605 rescinderentur,
773 2565 846 2597 inde
873 2565 1021 2609 profecto
1050 2565 1208 2598 maximae

468 2619 498 2651 in
516 2619 742 2663 Hispaniarum
754 2618 860 2661 regnis
873 2618 1133 2662 perturbationes
1146 2618 1210 2651 ori-

468 2678 589 2715 rentur,
600 2672 866 2718 quandoquidem
879 2672 1208 2718 empt01¹es,quibona

1229 428 1353 473 proprii
1367 429 1504 470 domini,
1520 429 1676 463 maximas
1688 429 1849 474 impensas
1863 437 1894 465 et
1906 443 1972 467 me-

1229 481 1423 515 lioramenta
1444 482 1666 523 ecclesiarum,
1686 484 1969 527 monasteriorum,

1230 534 1405 568 domorum
1417 540 1447 568 et
1460 534 1583 568 arcium
1594 535 1751 577 fecerunt,
1766 541 1868 570 terras
1884 547 1972 571 eme-

1231 593 1317 629 runt,
1343 588 1529 622 molendina
1549 594 1579 622 et
1599 589 1830 632 aquaeductus,
1846 590 1974 634 aliaque

1232 651 1329 684 opera
1343 646 1533 685 sumptuosa
1547 647 1789 683 contraxerunt3
1805 652 1888 686 quae
1905 653 1974 676 orn-

1231 693 1295 734 nia,
1321 704 1393 726 cum
1423 693 1576 727 omnibus
1603 694 1728 728 damnis
1749 700 1781 728 et
1805 694 1970 737 interesse,

1232 757 1315 790 quae
1334 746 1418 790 passi
1445 747 1585 788 suerunt,
1609 758 1693 792 quae
1718 747 1757 781 ad
1782 748 1970 782 inaestima-

1231 799 1330 832 bilem
1350 799 1561 843 pecuniarum
1575 811 1735 834 summam
1750 802 1971 844 ascenderent,

1232 852 1294 886 illis
1319 853 1358 886 de
1384 852 1454 886 iure
1482 853 1571 886 refici
1596 858 1628 886 et
1650 853 1775 887 restitui
1795 860 1971 898 oporteret,

1233 906 1319 939 iuxta
1339 905 1553 948 obligationes
1567 916 1584 939 a
1596 906 1763 950 praedicto
1782 907 1932 953 Philippo
1947 908 1974 942 11

1233 969 1309 1001 rege
1323 958 1354 991 in
1370 958 1430 992 vim
1451 958 1611 992 dictarum
1625 959 1772 1003 Gregorii
1793 960 1974 995 litterarum

1234 1013 1344 1053 saetas,
1373 1013 1458 1046 unde
1480 1012 1626 1046 infinitae
1646 1012 1730 1054 lites,
1760 1013 1972 1056 differentiae,

1236 1067 1401 1100 molestiae
1419 1072 1450 1100 et
1469 1067 1731 1111 perturbationes
1751 1067 1782 1100 in
1802 1068 1976 1112 praedictis

1235 1119 1343 1162 regnis
1374 1119 1628 1160 suscitarentur;
1656 1121 1976 1165 praeterquamquod

1235 1173 1266 1206 id
1276 1173 1484 1217 exequutioni
1499 1173 1688 1207 difficillime
1702 1174 1891 1208 demandari
1903 1185 1977 1219 pos-

1235 1232 1282 1261 set
1299 1227 1339 1260 ob
1353 1226 1568 1260 resistentiam
1586 1232 1781 1271 emptorum,
1801 1228 1978 1272 quibusin-

1237 1280 1318 1321 vilis,
1336 1280 1404 1313 sine
1418 1280 1546 1321 iniuria,
1564 1280 1612 1313 ius
1633 1285 1663 1313 et
1683 1280 1876 1323 dominium,
1894 1281 1977 1316 iusto

1239 1334 1331 1367 titulo
1353 1339 1383 1367 et
1403 1334 1487 1367 hona
1517 1333 1581 1367 fide
1607 1344 1666 1378 per
1689 1333 1772 1367 viam
1794 1340 1977 1369 contractus

1237 1387 1441 1431 acquisitum,
1466 1387 1564 1420 adimi
1578 1397 1644 1421 non
1656 1393 1773 1432 posset:
1794 1388 1978 1423 considera-

1238 1446 1304 1474 tum
1325 1446 1494 1485 praeterea
1513 1440 1582 1481 fuit,
1607 1440 1711 1484 ipsum
1734 1441 1916 1486 Philippum
1938 1443 1976 1477 111

1239 1505 1346 1538 regem
1365 1494 1528 1527 huismodi
1547 1494 1796 1536 restitutionem,
1808 1495 1870 1528 hoc
1882 1506 1976 1540 prae-

1238 1549 1348 1583 sertim
1372 1554 1529 1593 tempore,
1554 1550 1658 1582 facere
1681 1558 1746 1582 non
1771 1559 1876 1593 posse,
1904 1560 1977 1584 cum

1239 1613 1296 1636 sua
1314 1613 1412 1645 regna
1433 1608 1463 1636 et
1476 1601 1708 1646 patrimonium
1724 1602 1832 1645 regale
1846 1602 1886 1636 ob
1901 1602 1978 1637 alias

1239 1667 1403 1700 expensas,
1427 1666 1507 1700 quas
1532 1655 1676 1689 eiusdem
1697 1655 1890 1690 christianae
1909 1655 1975 1691 rei-

1238 1709 1388 1753 publicae
1410 1714 1440 1742 et
1459 1708 1534 1742 fidei
1555 1708 1735 1742 catholicae
1755 1711 1851 1743 eausa
1875 1709 1980 1743 facere

1239 1769 1368 1798 coactus
1386 1763 1457 1804 suit,
1476 1763 1568 1797 valde
1586 1763 1739 1797 exhausta
1763 1763 1842 1798 sint:

1284 1819 1300 1859 ς
1327 1817 1356 1850 ὃ.
1385 1816 1489 1855 Quare
1512 1816 1578 1860 ipse
1593 1815 1770 1861 vPhilippus
1789 1816 1828 1850 Ill
1849 1826 1902 1850 rex
1923 1822 2176 1876 cu‘peti'th⁵¹⁵s¹i1¹'a¹¹·⁸¹¹¹
2199 1832 2212 1846 ν

1240 1871 1330 1915 piens
1351 1876 1418 1904 tum
1436 1880 1525 1911 suae,
1549 1875 1615 1903 tum
1633 1869 1773 1913 Philippi
1792 1870 1818 1903 Il
1839 1869 1907 1904 eius
1923 1880 1977 1913 ge·
1990 1876 2176 1925 aggriggffivision·

1240 1924 1354 1958 nitoris
1378 1923 1474 1957 saluti
1492 1923 1673 1964 consulere,
1697 1923 1791 1957 nobis
1811 1923 1978 1958 humiliter

1240 1977 1416 2021 supplicari
1437 1977 1522 2017 fecit,
1545 1982 1581 2010 ut
1601 1976 1632 2009 in
1653 1976 1840 2020 praemissis
1860 1987 1979 2021 oppor-

1242 2037 1317 2065 tune
1342 2030 1516 2074 providere
1548 2030 1587 2063 de
1618 2030 1819 2073 benignitate
1843 2035 1975 2074 aposto-

1241 2085 1302 2119 lica
1322 2084 1542 2127 dignaremur,

1285 2138 1345 2180 §9-
1363 2138 1425 2171 Nos
1440 2136 1549 2180 igitur,
1561 2136 1616 2180 qui
1631 2136 1774 2171 eiusdem
1788 2136 1929 2182 Philippi
1940 2137 1979 2172 ΠΙ
2016 2145 2193 2168 ctemeusiuher

1957 2191 1962 2197 ‚
1994 2173 2044 2200 quid
2053 2172 2178 2199 faciendum

1241 2191 1326 2234 regis
1338 2201 1498 2225 summam
1513 2191 1678 2235 pietatem,
1696 2190 1900 2234 religionem,
1915 2202 1980 2226 exi-

1242 2244 1305 2277 mia
1326 2244 1358 2277 in
1383 2254 1496 2279 omnes
1516 2254 1648 2278 suorum
1677 2254 1854 2287 regnorum
1877 2245 1980 2279 eccle—

1241 2297 1302 2331 sias
1316 2303 1347 2331 et
1358 2307 1515 2341 personas
1528 2296 1774 2337 ecclesiasticas,
1789 2302 1886 2341 atque
1900 2297 1980 2332 adeo

1242 2350 1272 2383 in
1294 2350 1476 2384 universam
1499 2350 1706 2385 christianam
1729 2350 1978 2394 rempublicam,

1243 2404 1356 2438 merita
1373 2410 1451 2439 nota
1471 2410 1502 2438 et
1522 2409 1692 2449 perspecta
1711 2404 1882 2439 habemus:
1907 2415 1983 2449 pro-

1241 2464 1352 2502 pterea
1372 2458 1458 2493 illius
1472 2458 1534 2502 piis
1547 2458 1639 2499 votis,
1660 2463 1817 2502 quantum
1831 2469 1905 2493 cum
1921 2459 1983 2495 Do-

1242 2512 1331 2545 mino
1350 2522 1535 2556 possumuS,
1563 2521 1720 2551 annuere,
1737 2511 1897 2555 illumque
1915 2522 1982 2546 am-

1242 2564 1401 2608 plioribus
1415 2564 1447 2597 in
1460 2564 1528 2597 dies
1540 2564 1703 2597 favoribus
1724 2569 1755 2596 et
1775 2564 1887 2606 gratiis
1906 2575 1983 2608 pro-

1242 2617 1334 2662 sequi
1353 2618 1510 2658 volentes,
1525 2627 1561 2650 ac
1574 2616 1815 2661 praedictarum
1834 2617 1980 2661 Gregorii

1242 2670 1500 2716 praedecessoris
1514 2670 1692 2704 litterarum
1708 2675 1738 2704 et
1751 2680 1982 2715 quorumcum-

1978 277 2029 305 An.
2050 278 2081 306 c.
2099 278 2167 308 ¹604
2204 268 2227 320 Q}
