2227 3241
259 274 308 301 An.
325 273 350 300 c⁴
377 272 444 301 1603
489 263 531 295 502

456 320 504 354 vel
530 320 727 363 ignoranter,
752 315 922 358 contigerit
949 314 1110 355 attentari,
1128 313 1200 346 irri-

458 379 523 407 tum
540 378 570 405 et
591 372 685 405 inane
702 369 916 403 decernimus.
934 367 1093 407 Quocirca
1111 377 1202 400 vene-

458 425 612 458 rabilibus
641 423 793 456 sratribus
821 421 1022 455 Anconitano
1052 426 1080 453 et
1109 421 1202 454 Ascu-

458 479 531 511 lano
557 489 592 510 ac
624 475 830 509 Maceratensi
855 475 1015 519 episcopis
1040 485 1097 518 per
1126 484 1201 518 apo-

457 532 569 565 stolica
582 531 702 574 scripta
723 529 927 569 mandamus,
948 533 1106 573 quatenus
1128 528 1198 572 ipsi,

459 586 507 618 vel
539 585 623 623 duo,
660 588 715 616 aut
742 593 826 616 unus
855 592 968 616 eorum
994 593 1053 626 per
1077 593 1126 622 se,
1153 582 1202 614 vel

459 638 570 678 alium,
593 647 649 670 seu
671 636 762 677 alios,
788 642 974 680 praesentes
988 636 1107 676 literas,
1123 635 1202 669 etin

459 692 504 725 eis
524 696 675 724 contenta
693 700 931 734 quaecumque,
952 690 1008 723 ubi
1026 695 1057 722 et
1073 689 1202 733 quando

459 756 495 778 ac
515 744 641 789 quoties
665 755 746 788 opus
772 744 879 785 suerit,
908 749 938 778 et
957 754 1017 788 pro
1037 749 1129 788 parte
1150 754 1202 777 ve-

459 800 524 832 stra
554 798 674 832 suerint
699 797 864 841 requisiti,
903 808 958 831 seu
982 808 1066 831 unus
1090 807 1202 830 eorum

460 851 557 884 suerit
575 851 761 895 requisitus,
778 851 966 884 solemniter
985 851 1201 896 publicantes,

460 905 616 949 vobisque
651 910 682 938 et
713 905 875 949 deputatis
907 905 1019 939 vestris
1047 905 1080 938 in
1104 916 1201 950 prae-

462 958 567 992 missis
591 958 744 992 omnibus
774 964 804 992 et
827 958 962 1001 singulis
986 958 1125 992 efficacis
1150 960 1205 993 de-

462 1012 618 1046 fensionis
639 1011 802 1057 praesidio
820 1012 1014 1053 assistentes
1030 1023 1085 1046 vos
1098 1019 1207 1046 aucto-

463 1067 555 1099 ritate
568 1068 681 1100 nostra
695 1066 817 1100 eisdem
833 1066 1061 1111 praesentibus
1078 1067 1204 1108 litteris,

463 1129 498 1152 ac
524 1120 674 1153 omnibus
700 1125 730 1153 et
748 1119 883 1163 singulis
913 1120 946 1152 in
977 1120 1022 1153 eis
1047 1120 1207 1153 contentis

462 1173 607 1217 pacifici¹
622 1174 684 1207 srui
702 1179 734 1207 et
751 1174 893 1217 gaudere
908 1173 1036 1215 saciant,
1055 1184 1118 1207 non
1133 1184 1207 1218 per-

464 1226 627 1260 mittentes
651 1237 706 1261 vos
731 1232 786 1260 aut
810 1227 980 1271 deputatos
1006 1233 1126 1260 vestros
1152 1238 1206 1260 scu

464 1285 606 1314 vestrum
629 1281 769 1325 aliquem
792 1287 904 1315 contra
924 1281 1141 1325 praesentium
1166 1287 1209 1314 te-

464 1344 577 1367 norem
591 1362 599 1375 ,
637 1334 734 1367 etiam
770 1345 830 1378 per
863 1334 1115 1377 gubernatorem
1150 1345 1209 1378 pro

468 1394 626 1432 tempore,
649 1398 686 1422 ac
712 1398 826 1422 omnes
847 1388 951 1422 dictae
978 1388 1113 1422 civitatis
1137 1388 1210 1421 ossi-

465 1441 561 1475 ciales
575 1447 605 1475 et
619 1441 795 1484 ministros,
806 1442 1054 1486 quomodolibet
1067 1442 1209 1476 indebite

466 1495 641 1536 molestari,
657 1496 845 1540 perturbari
863 1497 911 1530 vel
931 1496 1116 1540 inquietari,
1138 1507 1211 1530 con-

467 1549 657 1583 tradictores
683 1550 847 1594 quoslibet
863 1555 894 1584 et
914 1551 1063 1591 rebelles,
1085 1550 1209 1584 etiamsi

467 1602 641 1647 episcopali
658 1603 706 1636 vel
725 1603 841 1637 maiori
855 1604 1079 1647 praefulgeant
1099 1604 1207 1647 digni-

468 1661 540 1698 tate,
558 1667 617 1700 per
637 1667 860 1701 quascumque
873 1667 1026 1691 censuras
1044 1663 1074 1691 et
1090 1668 1212 1702 poenas

468 1711 731 1754 compescendo²‚
746 1711 829 1755 ipsas
843 1711 940 1744 etiam
954 1711 1076 1745 iteratis
1089 1711 1212 1746 vicibus

468 1764 688 1806 aggravando,
720 1764 869 1798 invocato
897 1765 993 1798 etiam
1019 1765 1157 1806 adhoc,
1186 1766 1211 1799 si

469 1827 549 1861 opus
582 1817 697 1859 suerit,
725 1818 844 1852 auxilio
868 1818 993 1852 brachii
1024 1819 1208 1853 saecularis.

469 1872 537 1905 Non
558 1872 762 1906 obstantibus
782 1873 970 1917 praemissis
990 1884 1027 1906 ac
1047 1874 1213 1917 quibusvis

470 1926 753 1960 constitutionibus
767 1932 797 1960 et
809 1927 1072 1961 ordinationibus
1085 1934 1213 1972 aposto—

470 1979 551 2020 licis,
568 1990 604 2013 ac
622 1980 798 2024 quibusvis,
816 1981 911 2015 etiam
927 1981 1121 2023 iuramento,
1138 1992 1212 2015 eon-

471 2032 654 2067 sirmatione
668 2035 857 2078 apostoliea,
874 2035 921 2068 vel
936 2035 1048 2079 quavis
1062 2036 1213 2070 firmitate

471 2086 532 2119 alia
546 2087 718 2129 roboratis,
730 2088 856 2121 statutis
869 2093 901 2121 et
914 2088 1214 2131 consuetudinibus,

471 2139 647 2183 privilegiis
661 2151 802 2185 quoquc,
817 2141 950 2175 indultis
969 2148 1000 2175 et
1013 2142 1126 2175 litteris
1139 2153 1216 2186 apo-

471 2193 604 2235 stolicis,
632 2193 762 2236 legatis,
790 2194 988 2237 vicelegatis,
1020 2196 1215 2238 gubernato-

472 2246 573 2288 ribus,
597 2247 813 2288 auditoribus,
837 2248 1079 2289 commissariis,
1096 2255 1127 2283 et
1146 2249 1216 2283 aliis

473 2300 638 2344 quibusvis
662 2301 810 2345 personis
835 2311 872 2334 ac
897 2301 976 2335 locis
1000 2302 1059 2335 sub
1085 2302 1216 2346 quibus-

474 2364 615 2398 cumque
647 2354 813 2387 tenoribus
845 2359 876 2388 et
908 2355 1038 2396 formis,
1076 2366 1113 2389 ac
1142 2366 1215 2390 cum

474 2407 640 2451 quibusvis
676 2407 826 2442 clausulis
863 2414 893 2442 et
926 2409 1084 2451 decretis,
1121 2410 1216 2444 etiam

474 2466 565 2495 motu
589 2461 735 2506 proprio,
764 2462 1012 2506 quomodolibet
1035 2464 1214 2505 concessis,

474 2515 673 2559 approbatis,
690 2521 720 2550 et
740 2515 910 2550 innovatis.
931 2515 1052 2555 Quibus
1066 2517 1219 2552 omnibus

514 2639 522 2664 1
547 2639 700 2675 Legeudum
712 2640 842 2676 pacifice,
859 2644 888 2668 ut
903 2640 973 2667 infra
988 2644 1015 2667 et
1029 2640 1093 2668 alibi
1113 2641 1154 2675 (n.
1170 2641 1218 2676 Τ.).

510 2682 527 2708 2
547 2683 606 2711 Visa
628 2684 677 2711 fuit
696 2684 821 2713 addenda
837 2693 886 2713 vox
901 2685 1102 2721 compescendo
1116 2685 1155 2720 (a.
1171 2685 1219 2719 τ.).

1040 266 1221 290 BULLARlUM
1242 265 1394 291 ROMANUM

1235 319 1265 347 et
1279 313 1424 356 singulis,
1450 322 1561 347 eorum
1576 318 1713 355 tenores,
1730 324 1766 347 ac
1779 313 1805 347 si
1823 314 1862 348 de
1880 313 1978 348 verbo

1235 367 1274 400 ad
1286 367 1419 400 verbum
1436 367 1667 409 insererentur,
1682 367 1905 412 praesentibus
1918 378 1978 412 pro

1236 421 1392 465 expressis
1417 421 1584 462 babentes,
1613 421 1675 454 illis
1699 420 1777 454 alias
1798 421 1829 454 in
1849 431 1906 454 suo
1927 431 1978 455 ro-

1236 475 1314 508 bore
1348 475 1588 518 permansuris,
1627 475 1688 508 hac
1720 474 1786 508 vice
1816 475 1980 509 dumtaxat

1236 528 1422 572 specialiter
1447 534 1479 562 et
1503 539 1652 573 expresse
1678 528 1885 571 derogamus,
1907 538 1980 562 cae-

1239 582 1378 626 terisque
1407 583 1580 617 contrariis
1611 582 1889 627 quibuscumque;
1925 588 1980 615 aut

1237 636 1263 670 si
1287 636 1449 681 aliquibus
1474 637 1692 671 communiter
1716 637 1766 670 vel
1791 636 1916 670 divisim
1941 635 1981 669 ab

1238 690 1349 723 eadem
1372 689 1413 723 sit
1428 690 1508 724 Sede
1526 690 1686 724 indultum
1709 689 1797 734 quod
1817 689 1979 729 interdici,

1237 743 1390 787 suspendi
1411 743 1459 777 vel
1480 744 1754 778 excommunicari
1774 753 1840 776 non
1859 742 1983 787 possint

1239 808 1297 842 per
1317 798 1426 832 literas
1447 799 1641 843 apostolicas
1660 809 1726 832 non
1744 798 1897 832 facientes
1916 797 1984 842 ple-

1240 862 1315 885 nam
1341 857 1372 886 et
1393 863 1588 897 expressam,
1612 863 1648 887 ac
1668 853 1708 887 de
1732 852 1832 886 verbo
1853 852 1894 886 ad
1913 861 1984 886 ver-

1239 905 1317 938 bum
1343 906 1383 939 de
1407 906 1533 940 indulto
1558 906 1744 940 huiusmodi
1768 905 1980 939 mentionem.

1240 960 1353 993 Datum
1374 960 1495 994 Romae
1512 960 1598 1005 apud
1615 965 1763 994 sanctum
1776 960 1906 993 Petrum
1924 959 1984 992 sub

1241 1013 1362 1047 annulo
1386 1013 1560 1047 Piscatoris
1579 1013 1631 1047 die
1648 1023 1713 1047 xxn
1727 1012 1807 1047 iunii
1821 1022 1981 1054 MDLxxxv,

1241 1066 1447 1110 pontificatus
1472 1067 1575 1101 nostri
1600 1078 1685 1101 anno
1710 1067 1848 1112 primo¹.

1286 1120 1301 1163 ἓ
1326 1122 1355 1153 ⁴2.
1377 1121 1453 1155 Cum
1468 1127 1587 1163 autem,
1604 1121 1686 1155 sicut
1702 1120 1795 1154 nobis
1811 1130 1916 1165 nuper
1933 1130 1986 1154 ex-

1242 1174 1318 1218 poni
1345 1174 1471 1216 seeistis,
1492 1185 1558 1216 vos,
1581 1185 1641 1219 pro
1667 1174 1781 1208 maiori
1803 1174 1985 1218 praeinser-

1244 1232 1348 1260 tarum
1363 1227 1544 1261 litterarum
1559 1228 1734 1270 validitate,
1748 1227 1897 1271 cupiatis,
1914 1227 1984 1260 illas

1244 1280 1441 1323 apostolicae
1456 1285 1585 1314 nostrae
1598 1279 1856 1313 confirmationis
1868 1279 1987 1313 robore

1244 1333 1462 1374 communiri;
1503 1334 1597 1367 nobis
1622 1339 1797 1378 propterea
1820 1333 1988 1366 humiliter

1243 1387 1419 1431 supplicari
1445 1387 1565 1421 fecistis
1588 1393 1623 1421 ut
1640 1387 1672 1421 in
1696 1387 1880 1432 praemissis
1899 1386 1988 1421 vobis

1244 1440 1414 1483 indulgere
1444 1441 1484 1475 de
1516 1441 1712 1485 benignitate
1738 1440 1915 1486 apostoliea
1940 1440 1988 1474 di-

1244 1503 1429 1536 gnaremur.

1289 1549 1305 1589 ξ
1331 1546 1361 1580 3.
1390 1548 1452 1581 Nos
1478 1547 1577 1591 igitur
1600 1558 1654 1582 vos
1679 1547 1873 1592 specialibus
1894 1547 1984 1581 savo-

1246 1600 1334 1633 ribus
1370 1606 1401 1633 et
1430 1601 1542 1643 gratiis
1572 1601 1727 1645 prosequi
1755 1601 1918 1641 volentes,
1957 1606 1988 1634 et

1246 1653 1425 1697 quemlibet
1454 1659 1595 1688 vestrum
1626 1665 1643 1688 a
1668 1653 1832 1699 quibusvis
1861 1663 1989 1687 excom-

1246 1708 1484 1749 municationis,
1512 1708 1732 1753 suspensionis
1752 1714 1784 1742 et
1812 1707 1986 1750 interdicti,

1246 1761 1383 1806 aliisque
1408 1763 1631 1796 ecclesiasticis
1648 1762 1826 1804 sententiis,
1847 1762 1992 1796 censuris

1247 1821 1278 1849 et
1303 1816 1427 1860 poenis,
1451 1827 1469 1850 a
1490 1816 1560 1850 iure
1577 1817 1625 1850 vel
1649 1817 1688 1849 ab
1713 1816 1856 1858 homine,
1881 1816 1992 1860 quavis

1248 1869 1418 1903 occasione
1439 1870 1486 1903 vel
1508 1871 1604 1903 causa
1621 1870 1704 1911 latis,
1725 1869 1751 1903 si
1772 1869 1890 1913 quibus
1910 1879 1991 1913 quo-

1248 1924 1426 1957 modolibet
1448 1923 1621 1957 innodatus
1642 1923 1757 1965 existit,
1780 1923 1821 1956 ad
1841 1922 1992 1956 effectum

1247 1978 1463 2022 praesentium
1474 1977 1639 2010 dumtaxat
1649 1977 1926 2021 consequendum,
1936 1975 1992 2009 ha-

1248 2042 1318 2064 rum
1338 2031 1419 2065 serie
1444 2031 1645 2065 absolventes
1670 2037 1700 2064 et
1719 2031 1903 2064 absolutum
1922 2030 1991 2063 sore

1249 2091 1427 2127 censentes,
1444 2085 1630 2119 huiusmodi
1644 2084 1933 2129 supplicationibus
1944 2083 1991 2117 in-

1249 2138 1368 2180 clinati,
1383 2139 1599 2183 praeinsertas
1618 2139 1750 2180 litteras,
1771 2137 1944 2182 omniaque
1962 2143 1992 2171 et

1249 2192 1376 2235 singula
1394 2193 1425 2225 in
1446 2192 1507 2226 illis
1527 2197 1689 2234 contenta,
1713 2191 1902 2226 auctoritate
1919 2201 1992 2235 apo-

1250 2246 1378 2287 stolica,
1415 2252 1527 2280 tenore
1558 2246 1797 2290 praesentium,
1831 2250 1991 2289 perpetuo

1251 2301 1482 2335 confirmamus
1495 2307 1526 2335 et
1539 2301 1767 2346 approbamus,
1781 2299 1908 2344 illisque
1919 2309 1992 2343 per-

1252 2361 1367 2399 petuae
1388 2360 1420 2389 et
1445 2354 1639 2389 inviolabilis
1663 2353 1858 2398 apostolicae
1883 2352 1989 2385 firmi-

1253 2408 1324 2442 tatis
1349 2409 1450 2442 robur
1479 2408 1660 2449 adiicimus,
1692 2416 1810 2450 easque
1834 2411 1992 2450 perpetuo

1253 2462 1373 2496 validas
1397 2467 1429 2495 et
1453 2461 1600 2496 efficaces
1625 2460 1759 2494 existere
1784 2465 1815 2493 et
1838 2459 1923 2501 fore,
1955 2469 1992 2492 ac

1253 2527 1328 2550 suos
1353 2516 1518 2561 plenarios
1542 2520 1574 2550 et
1598 2515 1741 2558 integros
1766 2513 1898 2548 effectus
1921 2523 1992 2548 sor-

1292 2642 1303 2668 1
1326 2640 1468 2668 Praedicta
1487 2640 1577 2667 Const„
1598 2639 1625 2666 in
1644 2639 1782 2668 thllario
1807 2638 1859 2666 sub
1885 2637 1993 2674 pontili-

1255 2689 1316 2713 catu
1331 2685 1399 2713 Sixti
1415 2685 1434 2712 V
1451 2693 1503 2713 non
1517 2684 1668 2713 habebatur
1683 2686 1719 2720 (a.
1736 2683 1785 2718 τ.).

1996 266 2044 294 lln.
2059 267 2087 294 C.
2111 265 2178 296 1603

2026 1122 2095 1152 Petita
2110 1121 2183 1143 confir·

2000 1152 2074 1170 matio.

2032 1548 2145 1569 Concessio
2159 1547 2186 1569 de

2002 1581 2044 1602 qua
2059 1575 2079 1596 in
2093 1574 2186 1596 rubrica.
