2227 3241
207 260 258 288 An.
279 260 395 288 (3.1609
443 252 506 285 574
980 263 1158 288 erminum
1184 265 1337 290 nonarum

206 322 312 343 naitanus
336 323 392 343 0121..
407 320 462 342 seu
479 309 582 342 iudice
596 309 717 353 abipso
731 310 946 352 gubernatore
960 311 1144 355 deputando
1179 313 1312 345 verbum
1338 313 1578 357 insererentur,
1605 316 1826 359 praesentibus
1854 327 1914 362 pro

205 349 392 395 235³„lifs'stss‘ftlf'l
408 362 558 406 prosequi
576 362 708 406 possint,
723 362 854 405 registra
873 369 903 396 et
918 368 1056 397 extracta
1072 375 1143 398 cum
1178 366 1333 410 expressis
1353 367 1547 402 sufficienter
1562 373 1590 402 et
1612 369 1651 402 ad
1673 370 1804 404 verbum
1817 371 1917 405 inser-

1179 419 1217 452 tis
1231 419 1395 462 habentes,
1414 421 1474 455 illis
1492 422 1579 464 alias,
1596 428 1671 464 etc.,
1687 425 1916 468 permansuris,

1926 270 1978 296 An.
1999 269 2027 297 C.
2046 270 2113 299 1⁶09

204 402 391 449 {liflljltlmssfflf
408 416 529 459 magnis
558 416 703 460 expensis
734 417 894 451 conficere
922 423 952 451 et
984 428 1145 452 nonnum-

205 455 368 481 “⁰¹¹⁰⁵¹'¹¹³¹'⁵'
405 480 523 512 quam,
557 469 702 512 pecuniis
735 470 773 503 ad
808 470 837 503 id
863 471 1051 505 necessariis
1083 472 1143 505 sibi

404 522 638 563 deficientibus,
667 533 778 557 causas
804 524 886 568 ipsas
912 524 942 556 in
969 526 1142 559 maximum

403 585 515 608 eorum
536 576 770 620 praeiudicium
793 578 941 611 deserere
967 585 1139 620 cogantur3

402 638 460 661 nos
480 635 664 673 propterca,
689 632 877 665 corumdem
904 632 1142 667 administrato-

400 692 489 723 rum,
512 683 698 717 officialium
721 690 751 717 ct
773 685 992 720 ministrorum
1013 688 1141 730 praedi-

400 740 524 769 ctorum
544 736 746 771 indemnitati
765 738 794 771 in
813 740 997 783 praemissis
1015 743 1141 776 consul-

400 794 466 821 tum
493 800 561 823 esse
593 791 757 834 cupientes
776 800 788 832 ‚·
815 803 850 826 ac
876 794 947 829 illos
972 801 1001 829 et
1028 806 1138 830 corum

399 843 578 886 quemlihet
603 854 620 876 a
645 845 808 888 quibusvis
834 849 1140 883 excommunicatio-

398 895 459 937 nis,
477 902 535 930 etc.
554 903 728 939 censentes,
746 899 928 935 discretioni
943 908 1013 936 tuae
1028 904 1138 947 (quem

399 950 590 984 recolendae
609 952 784 986 memoriae
801 954 945 989 Clemens
963 957 1048 1001 Papa
1064 956 1138 1000 VIII,

400 1002 495 1035 etiam
524 1004 755 1047 praedecessor
779 1012 910 1049 noster,
946 1009 1021 1043 dicti
1059 1010 1135 1044 hos-

400 1056 506 1099 pitalis
524 1063 753 1101 protectorem,
774 1071 845 1093 cum
873 1063 1073 1104 auctoritate,
1095 1064 1138 1097 sa-

399 1109 594 1152 cunalibus,
629 1112 866 1155 iurisdictione,
891 1117 1134 1160 superioritate‚

398 1162 577 1198 honoribus
597 1170 627 1198 et
640 1167 803 1208 oneribus,
816 1168 885 1202 aliis
902 1169 1054 1204 similium
1069 1172 1138 1216 pio-

398 1226 468 1249 rum
484 1217 629 1251 locorum
647 1221 895 1263 protectoribus,
914 1223 952 1256 de
966 1223 1046 1265 iure,
1063 1235 1138 1258 con-

397 1271 579 1312 suetudine,
602 1273 782 1317 privilegio,
810 1281 863 1309 aut
892 1277 969 1311 alias
994 1288 1134 1322 quomo-

397 1323 580 1369 documque
606 1329 874 1371 competentibus,
903 1331 942 1364 ad
969 1331 1012 1365 tui
1039 1332 1135 1366 vitam

397 1377 585 1423 deputavit),
605 1386 641 1413 ut
660 1381 800 1425 aliquem
820 1393 854 1416 cx
874 1383 1033 1418 iudicibus
1047 1386 1136 1419 ordi—

396 1431 493 1465 nariis
507 1433 600 1467 Urbis
612 1434 680 1478 (qui
693 1445 804 1470 omnes
818 1442 846 1470 et
861 1437 1001 1480 singulas
1016 1449 1136 1481 causas,

396 1484 477 1526 lites,
501 1487 704 1530 quaestiones
725 1495 752 1522 et
775 1492 1009 1525 controversias
1030 1493 1060 1525 in
1082 1503 1133 1526 se-

396 1539 501 1572 cunda
527 1540 674 1575 instantia
700 1553 757 1586 per
782 1545 1049 1587 appellationem,
1080 1556 1135 1580 seu

395 1591 472 1626 alias
487 1602 504 1625 a
516 1595 682 1629 sententiis
702 1597 857 1640 praedicti
871 1598 1012 1632 doctoris
1025 1609 1135 1632 coram

395 1645 623 1688 gubernatore,
647 1658 702 1681 seu
729 1649 796 1683 eius
826 1650 999 1695 deputate,
1027 1652 1135 1695 vigore

395 1699 634 1742 praedictarum
660 1701 851 1744 litterarum,
872 1710 907 1737 ut.
923 1705 1131 1748 praedicitur,

396 1751 605 1795 introductas,
630 1760 661 1787 et
677 1765 759 1798 quae
780 1756 940 1791 introduci
966 1758 1131 1799 deberent,

396 1805 491 1840 firmo
512 1813 699 1842 remanente
713 1810 840 1844 notario
858 1822 916 1855 per
935 1812 1135 1846 administra-

396 1864 479 1893 tores
493 1860 524 1893 in
541 1861 646 1905 prima
666 1862 815 1897 instantia
833 1864 995 1908 deputato,
1012 1866 1130 1907 audiat,

395 1919 567 1956 cognoscat
584 1921 613 1948 et
634 1915 697 1949 fine
718 1916 828 1950 debito
850 1918 1013 1962 terminet)
1034 1919 1134 1963 clepu-

395 1971 462 2000 tare
487 1967 586 2002 libere
607 1974 635 2002 et
656 1968 740 2003 licite
765 1971 880 2011 valeas,
896 1972 1084 2005 laenitatem
1104 1978 1135 2006 ct

394 2020 628 2062 auctoritatem,
656 2023 831 2066 apostolica
860 2025 1061 2067 auctoritate,
1087 2031 1132 2060 te-

1178 471 1237 505 hac
1262 473 1328 507 vice
1350 474 1511 508 dumtaxat
1529 475 1709 519 specialiter
1722 482 1753 510 et
1770 487 1916 522 expresse

1178 525 1393 569 derogamus,
1424 529 1621 573 caeterisque
1651 523 1818 564 contrariis
1846 531 1916 575 qui-

1177 578 1389 624 buscumque.

1221 634 1237 674 g
1259 632 1288 666 5.
1311 633 1463 668 Volumus
1492 640 1610 677 autem,
1639 641 1672 670 ut
1696 636 1914 681 praesentium

1176 687 1394 731 transumptis,
1419 687 1514 721 etiam
1536 688 1709 733 impressis,
1735 699 1832 724 manu
1856 691 1914 724 ali-

1175 738 1266 774 cuius
1279 740 1396 774 notarii
1415 741 1536 785 publici
1557 742 1745 788 subscriptis
1762 749 1793 778 et
1809 744 1914 788 sigillo

1174 793 1308 828 alicuius
1329 806 1484 839 personae
1509 796 1540 830 in
1569 797 1722 841 dignitate
1747 799 1914 834 ecclesias-

1175 845 1234 879 tica
1256 848 1447 882 constitutae
1473 850 1616 891 munitis,
1640 851 1752 885 eadem
1781 862 1914 896 prorsus

1174 899 1253 933 fides
1274 901 1475 944 adhibeatur,
1492 913 1575 947 quae
1588 904 1811 948 praesentibus
1824 905 1915 939 adhi-

1173 952 1315 995 beretur,
1339 955 1364 988 si
1386 955 1488 989 forent
1509 956 1666 991 exhibitae
1687 957 1733 991 vel
1754 963 1909 992 ostensae.
1927 958 1936 967 ⁶

1217 1007 1331 1041 Datum
1350 1009 1469 1043 Romae
1490 1011 1575 1054 apud
1592 1017 1737 1046 sanctum
1759 1012 1910 1053 Marcum,

1173 1059 1224 1093 die
1244 1070 1284 1094 xx
1309 1061 1375 1095 iulii
1397 1073 1494 1098 noctx
1515 1074 1600 1098 anno
1620 1075 1648 1098 v.

1209 1123 1267 1152 Dat.
1285 1124 1328 1152 die
1342 1125 1377 1154 ⁶20
1393 1126 1449 1154 iulii
1467 1127 1543 1161 1609,
1561 1128 1656 1163 pontis.
1674 1137 1716 1156 an.
1736 1137 1760 1156 v.

1454 1313 1613 1348 CXXXVII
1621 1342 1626 1347 .

1173 1434 1383 1477 Confirmatio
1401 1436 1575 1481 oblat-ionis
1599 1438 1841 1472 mammillarum
1856 1450 1911 1484 pe-

1214 1489 1388 1523 cuniarum
1416 1490 1487 1533 reqt'
1507 1491 1664 1524 catholico
1689 1502 1748 1536 per
1779 1493 1907 1526 arehie-

1213 1543 1377 1587 piscopos‚
1413 1544 1592 1589 episcopos,
1628 1545 1775 1590 aliosque
1806 1547 1907 1580 eccle-

1212 1597 1357 1630 siasticos
1375 1598 1469 1640 requi
1488 1598 1622 1632 Siciliae
1647 1599 1737 1632 ultra
1758 1599 1910 1633 Pharum

1212 1650 1316 1691 sactae
1330 1650 1348 1682 ¹.

1257 1748 1436 1776 charissimo
1451 1749 1481 1776 in
1498 1749 1617 1778 Christo
1633 1750 1695 1779 filio
1710 1754 1814 1779 nostro

1235 1800 1373 1837 Philippo
1389 1802 1599 1837 Hispaniarum
1614 1804 1676 1840 reqi
1693 1805 1844 1833 catholico

1405 1866 1517 1895 Paulus
1537 1867 1616 1902 Papa
1634 1868 1666 1895 V.

1264 1936 1443 1966 charissime
1459 1938 1490 1966 in
1506 1939 1622 1968 Christo
1638 1940 1682 1967 fili
1696 1942 1811 1976 noster,

1211 1991 1340 2019 salutem
1360 1994 1391 2020 et
1406 1993 1601 2027 apostoticam
1620 1994 1870 2023 benedictionem.

1968 650 2113 677 'transumptis

1930 677 1988 698 credi
2003 676 2094 699 mandat.

1212 2080 1228 2122 5
1249 2079 1278 2112 l.
1303 2080 1421 2124 Exponi
1440 2081 1532 2115 nobis
1551 2092 1655 2126 nuper
1674 2082 1785 2124 fecisti,
1805 2082 1904 2127 quod,
1921 2084 2108 2139 sieffifg⁰⁵⁵ssss²c⁵ss

1167 2143 1240 2166 cum
1258 2144 1362 2178 nuper
1379 2134 1485 2169 dilecti
1504 2135 1561 2169 filii
1580 2142 1642 2170 tres
1659 2136 1826 2170 hominum
1844 2143 1906 2170 sta·
1920 2139 1967 2191 ξὲἓῗ
1995 2139 2106 2187 ”qussssffi

1167 2192 1227 2228 tus,
1250 2198 1306 2221 seu
1320 2188 1381 2221 tria
1402 2188 1543 2233 brachia,
1567 2189 1830 2232 ecclesiasticum,
1847 2189 1906 2223 mi·
1920 2192 2078 2219 P⁰¹'⁵0¹¹'0¹¹‘¹³⁵·

394 2082 473 2107 nore
487 2075 716 2118 praesentium,
737 2078 944 2112 concedimus
965 2085 995 2112 et
1016 2079 1132 2124 imper-

397 2132 504 2161 [imur.

222 2182 381 2210 Contrariisquo
441 2181 501 2223 §ln
517 2182 585 2215 Non
600 2183 801 2217 obstantibus
815 2185 928 2219 litteris
946 2187 1129 2230 praedictis,

196 2208 291 2235 derogat.

396 2244 432 2268 ac
457 2235 738 2270 constitutionibus
763 2239 968 2281 apostolicis,
996 2249 1033 2273 ac
1057 2240 1132 2273 dicti

395 2288 561 2332 hospitalis
585 2290 722 2331 statutis,
751 2291 845 2324 etiam
873 2291 1053 2326 iuramento
1080 2303 1132 2327 ro-

394 2340 525 2382 boratis,
553 2341 728 2386 privilegiis
759 2353 910 2388 quoque,
940 2345 1072 2379 indultis
1103 2351 1131 2380 et

393 2393 506 2427 litteris
523 2395 716 2438 apostolicis,
737 2395 901 2439 quibusvis
926 2397 1086 2431 iudicibus
1103 2404 1133 2432 et

392 2446 607 2482 tribunalibus
635 2449 804 2483 concessis.
833 2450 953 2489 Quibus
982 2452 1132 2486 omnibus

393 2505 424 2533 et
446 2500 591 2544 singulis,
614 2502 709 2535 etiam
742 2503 767 2536 si
796 2503 836 2536 de
868 2503 929 2537 illis
960 2505 1128 2548 specialis,

392 2554 541 2598 specifica
561 2560 591 2590 et
610 2566 758 2600 expressa
771 2557 893 2591 mentio
906 2557 1052 2592 facienda
1075 2569 1132 2593 seu

393 2609 522 2651 quaevis
542 2609 603 2643 alia
623 2611 785 2654 expressio
815 2612 854 2645 ad
886 2611 948 2646 hoc
975 2613 1131 2647 servanda

395 2661 485 2699 soret,
506 2672 617 2695 eorum
637 2669 774 2704 tenores,
799 2675 833 2698 ac
858 2665 883 2697 si
910 2665 948 2698 de
973 2666 1070 2699 verbo
1091 2667 1130 2699 ad

1167 2240 1259 2274 litare
1279 2247 1307 2274 et
1329 2241 1529 2276 demoniale²²
1542 2249 1726 2287 nuncupata
1746 2243 1835 2287 regni
1860 2243 1907 2278 Si-

1167 2294 1258 2327 ciliae
1278 2295 1362 2328 ultra
1382 2295 1534 2336 Pharum,
1555 2297 1645 2330 cuius
1662 2302 1694 2330 tu
1713 2307 1765 2331 rex
1787 2297 1902 2339 existis,

1166 2347 1359 2391 quibusdam
1372 2349 1618 2384 rationabilibus
1629 2351 1667 2384 de
1679 2350 1782 2385 causis
1792 2361 1905 2385 eorum

1167 2400 1291 2435 animos
1308 2402 1522 2443 moventibus,
1546 2403 1585 2437 de
1606 2403 1770 2437 offerendo
1786 2403 1848 2437 tibi
1869 2414 1906 2438 ac

1166 2454 1283 2489 dilecto
1296 2455 1364 2489 filio
1381 2456 1480 2489 nobili
1501 2456 1569 2490 viro
1589 2457 1699 2490 Ioanni
1720 2457 1905 2491 Fernandez

1165 2508 1307 2543 Pacheco
1322 2509 1500 2543 marchioni
1520 2510 1673 2551 Villenae‚
1691 2510 1833 2544 eiusdem
1854 2521 1904 2545 re-

1163 2561 1217 2610 gni
1238 2561 1379 2605 proregi,
1403 2567 1504 2595 certas
1517 2562 1726 2606 pecuniarum
1747 2573 1899 2605 summas,

1201 2632 1210 2658 1
1235 2631 1271 2658 Ex
1291 2631 1399 2667 Regest.
1420 2631 1447 2659 in
1466 2631 1566 2660 Secret.
1587 2631 1662 2660 Brev.

1200 2675 1217 2701 2
1236 2675 1308 2710 Lege
1322 2676 1486 2704 (tomeritate
1497 2676 1537 2704 vel
1552 2676 1712 2704 demaniate
1724 2677 1760 2712 (a.
1771 2677 1817 2711 T.).
