2227 3241
935 315 977 320 -
1002 306 1034 329 1x
1061 315 1102 321 -

222 361 362 402 hunce
407 359 595 402 ordinem
634 359 860 411 plurimum
896 360 1091 401 conferre.
1130 359 1390 414 Quapropter
1425 370 1463 404 et
1496 363 1591 404 huic
1622 363 1821 405 volumini

222 431 381 474 Tabula
412 430 593 483 praefixa
623 438 682 473 est
710 432 750 472 in
782 446 863 483 qua
894 438 996 473 vetus
1026 431 1242 473 Romanae
1272 433 1461 475 editionis
1491 435 1592 476 ordo
1624 449 1819 487 novusque

219 503 507 550 ⁴Taurinensis,
537 502 638 545 alter
667 502 782 545 alteri
813 502 1007 552 collatus,
1030 502 1137 545 illico
1158 504 1444 555 conspiciatur.
1477 505 1557 547 Sed
1581 492 1676 558 quia
1697 507 1819 548 nimis

222 575 412 618 recedere
433 575 484 617 ab
515 574 659 617 ordine
679 574 869 617 editionis
889 574 1010 624 illius,
1033 589 1137 627 quae
1160 577 1377 627 hucusque
1400 577 1675 629 [wincipatum
1698 584 1818 627 tenet,

221 647 491 696 verebamur,
520 646 612 688 ideo
647 646 877 688 Inslicalmn
911 646 1032 688 etiam
1075 648 1346 698 apposuimus
1384 648 1672 701 chronologice
1709 649 1817 701 dige-

202 726 331 762 stum
353 718 540 775 omnium
570 716 922 761 Constitutionum
954 733 1059 770 quae
1088 718 1127 760 in
1159 719 1236 760 hoc
1266 719 1396 761 Tomo
1427 727 1566 761 nostro
1589 720 1816 763 Undecimo

219 790 282 833 vel
313 788 521 842 prioribus
550 789 732 832 adiectae
761 789 822 832 vel
854 789 1150 842 posterioribus
1180 790 1355 832 insertae
1385 798 1494 833 extra
1534 791 1722 834 ordinem
1752 807 1814 834 va-

221 867 382 914 gantur.

275 931 407 975 Novis
436 931 675 974 huiusmodi
709 932 818 974 curis
834 965 843 979 ,
866 947 948 985 quo
979 934 1079 976 haec
1100 940 1240 976 nostra
1262 934 1383 976 editio
1405 934 1632 976 absolutior
1653 934 1815 984 evadat,

218 1017 295 1046 nos
324 1002 496 1046 minime
514 1003 720 1046 abstinere
741 1004 889 1050 cernis,
911 1004 1117 1047 Benevole
1147 1005 1305 1048 Lector.
1338 1006 1566 1047 Precamur
1589 1012 1632 1047 ut
1654 1014 1695 1047 tu
1718 1021 1815 1058 quo-

221 1089 301 1128 que
315 1074 414 1118 velis
434 1074 538 1118 votis
559 1075 789 1128 studiisque
810 1076 960 1119 nostris
983 1090 1104 1129 opere
1123 1084 1161 1120 et
1180 1078 1317 1119 favore
1337 1078 1637 1119 obsecundare:
1654 1092 1814 1130 nosque

220 1146 332 1198 apud
362 1145 410 1188 D.
442 1145 491 1189 O·
521 1146 575 1189 Μ.
606 1161 631 1189 α
660 1162 734 1199 quo
764 1149 867 1190 bona
901 1155 1038 1191 cuncta
1068 1149 1283 1201 procedunt
1319 1163 1481 1202 semper
1514 1149 1668 1192 habeas
1706 1163 1812 1192 com-

219 1217 448 1261 mendatos.
480 1216 592 1261 Vale.

296 1403 451 1440 Augustae
474 1403 671 1432 Taurinorum
696 1413 735 1432 xv
758 1404 901 1433 kalendas
923 1404 992 1433 Iulii
1014 1413 1052 1432 an
1074 1413 1263 1434 nncccnxvn.

1146 1893 1194 1936 A.
1224 1893 1370 1937 VEcco
1400 1908 1452 1937 ET
1483 1894 1599 1938 Socn

1009 1982 1181 2003 successores
1202 1974 1365 2005 Sebastiam&
1387 1976 1504 2005 Franco
1527 1978 1552 2006 et
1573 1977 1729 2006 Filiormn.

357 2767 434 2796 Bull.
453 2768 537 2797 Rom.
553 2783 588 2790 —
607 2769 664 2797 Vol.
682 2769 731 2797 XI.
926 2770 948 2796 B
