2227 3241
27 257 75 284 An.
87 255 114 284 C.
138 254 204 282 1005

44 317 209 347 Praecedentem

35 346 202 368 constitutionem

33 375 134 398 recenson

889 253 1003 277 PAULUS
1025 254 1043 277 V
1067 256 1112 278 PP.

270 303 286 344 ξ
309 301 337 334 Ἰ.
358 300 451 342 Sane,
470 301 544 335 licet
557 301 635 335 alias
652 312 712 345 pro
727 301 970 335 manutentione

224 361 255 389 et
272 355 514 388 conservatione
534 365 682 388 annonae
697 355 728 388 in
749 355 839 389 Statu
860 360 970 389 nostro

222 408 389 453 praedicto
418 409 494 442 satis
526 414 709 453 opportune
732 408 970 453 providerimus

223 473 281 507 per
297 468 424 496 nostras
438 462 571 504 litteras,
589 462 672 496 inter
687 469 823 504 caetera,
835 463 968 507 praede-

223 527 386 550 cessorum
408 522 594 549 nostrorum
611 516 833 549 Romanorum
859 517 967 550 Ponti-

222 570 319 604 ficum
340 569 600 610 constitutiones,
620 570 822 614 proclamata
837 576 865 603 et
888 570 967 603 ban-

220 624 373 667 nimenta,
383 634 481 668 super
491 626 630 666 annona,
640 630 671 658 et
682 625 853 667 frumenta,
861 625 968 667 blada,

221 678 386 722 legumina
406 689 424 711 a
443 678 633 722 provinciis,
658 679 850 720 civitatibus,
875 680 968 713 terris

221 739 252 766 et
271 732 350 766 locis
370 737 499 766 sanctae
525 733 689 766 Romanae
714 733 873 766 Ecclesiae
899 732 978 766 me-v

221 786 306 820 diate
327 786 376 820 vel
397 785 584 820 immediate
601 786 753 820 subiectis
778 786 966 821 extrahendi
984 811 985 818 ,

220 839 460 884 prohibitione,
493 843 625 874 eatenus
657 841 738 874 sacta
760 847 790 874 et
819 847 966 876 emanata

222 904 447 938 quaecumque
465 893 701 936 confirmando,
723 900 754 928 et
770 905 810 928 ne
828 895 860 928 in
881 895 966 929 sutu-

222 957 293 980 rum
325 947 397 988 illa,
425 953 459 980 ut
478 947 677 992 praefertur,
702 948 962 990 extraherentur,

222 1011 370 1045 expresse
396 1007 427 1035 et
458 1002 516 1035 sub
543 1001 739 1044 gravissimis
764 1002 909 1036 censuris
935 1009 965 1037 et

220 1055 333 1099 poenis
346 1055 563 1099 prohibendo,
577 1066 613 1089 ae
628 1067 848 1101 quascumque
866 1057 965 1092 licen-

222 1109 281 1143 tias
300 1115 330 1142 et
342 1110 508 1143 facultates
522 1110 763 1154 (praeterquam
782 1110 874 1144 titulo
891 1122 964 1145 vere

221 1173 369 1205 oneroso,
396 1163 517 1197 seilicet
542 1174 705 1206 congruae
734 1164 903 1198 solutionis
934 1171 965 1199 et

221 1217 456 1251 exbursationis
491 1217 725 1261 pecuniarum,
755 1224 808 1252 aut
838 1219 963 1254 ratione

221 1271 410 1315 appaltuum
430 1276 460 1304 et
479 1271 678 1304 locationum
707 1271 896 1306 introituum
918 1273 964 1306 iu-
981 1297 982 1304 ,

221 1324 370 1369 riumque
402 1331 432 1358 et
460 1325 620 1358 bonorum
649 1325 740 1360 Sedis
762 1332 791 1360 ct
812 1327 982 1362 Gamerae}

220 1379 423 1423 Apostolicae
444 1380 626 1423 concessas)
648 1381 842 1421 revocando,
868 1388 965 1425 prout,

220 1432 253 1465 in
271 1432 391 1466 eisdem
412 1433 526 1466 litteris
541 1433 599 1467 sub
613 1433 722 1466 datum
744 1434 864 1467 Romae
879 1436 963 1478 apud

220 1492 365 1519 sanetum
391 1486 521 1520 Petrum
554 1487 613 1520 sub
650 1488 769 1520 annulo
795 1487 964 1522 Piscatoris

220 1540 272 1574 die
300 1550 378 1574 xxm
411 1540 593 1574 decembris
623 1551 727 1584 now,
758 1542 965 1585 pontificatus

220 1594 321 1627 nostri
352 1604 437 1628 anno
468 1594 592 1638 primo,
633 1595 726 1628 latius
758 1595 961 1638 continetur,

221 1658 239 1681 a
266 1647 461 1692 nemineque
490 1648 590 1682 dubio
619 1649 810 1683 vertendum
839 1650 878 1684 sit
908 1662 966 1694 per

221 1708 345 1736 nostras
377 1702 519 1747 aliasque
551 1702 674 1736 litteras
705 1709 735 1737 et
765 1704 965 1747 provisiones

221 1756 418 1801 praedictas,
452 1756 532 1800 quin
561 1756 745 1798 frumenta,
774 1758 885 1799 blada,
914 1759 962 1792 le-

220 1809 352 1853 gumina
373 1815 403 1843 et
424 1809 456 1843 id
480 1820 628 1843 annonae
646 1820 757 1853 genus,
783 1811 906 1844 etiamsi
934 1812 964 1844 in

221 1863 361 1908 propriis
377 1862 471 1896 bonis
492 1863 523 1896 in
544 1863 633 1897 Statu
654 1864 879 1898 Ecclesiastico
898 1865 964 1899 exi-

221 1917 380 1950 stentibus
405 1923 509 1951 essent
529 1918 711 1959 recollecta,
740 1930 756 1951 a
785 1918 863 1952 loeis
892 1919 963 1953 Sedi

222 1971 425 2015 Apostolieae
447 1971 632 2005 immediate
654 1972 808 2005 subiectis
834 1973 873 2006 ad
895 1974 964 2006 loca

222 2025 325 2058 eidem
346 2025 419 2058 Sedi
439 2025 576 2058 mediate
596 2025 750 2067 subiecta,
775 2032 804 2059 et
830 2037 846 2060 a
873 2027 983 2063 dictisz

222 2078 300 2112 locis
321 2079 365 2112 sic
391 2079 529 2112 mediate
550 2079 702 2113 subiectis
734 2080 773 2113 ad
803 2080 864 2113 alia
895 2081 964 2114 loca

221 2126 309 2166 extra
331 2133 450 2167 dictum
470 2133 592 2166 Statum
619 2140 824 2177 asportentui·
842 2141 868 2167 et
889 2145 964 2167 con-

222 2187 390 2226 ducantur,
413 2187 507 2220 etiam
527 2187 704 2231 prohiberi:
734 2188 959 2227 nihilominus,

222 2240 297 2284 quia
329 2252 347 2274 a
378 2241 542 2274 nonnullis
572 2252 668 2285 super
699 2241 748 2274 his
777 2241 963 2286 accepimus

222 2295 372 2337 dubitari,
390 2306 494 2339 eoque
509 2306 544 2328 ae
566 2295 764 2328 diversorum
782 2295 876 2328 etiam
899 2296 964 2340 pri-

222 2349 413 2392 vilegiorum
430 2376 436 2388 ‚
472 2348 674 2382 licentiarum
709 2355 736 2381 et
777 2349 961 2382 lacultatum

222 2407 388 2446 praetextu
410 2403 569 2435 frumenta
588 2407 618 2434 ct
633 2402 693 2435 alia
708 2412 869 2435 annonam
889 2413 964 2435 con-

223 2456 386 2489 cernentia
400 2467 416 2489 a
431 2457 518 2489 Statu
532 2456 697 2500 praedicto
720 2456 851 2497 extrahi,
871 2457 901 2489 in
915 2457 964 2489 lit-

224 2516 363 2543 terarum
380 2516 409 2543 et
422 2510 642 2554 provisionum
658 2509 912 2554 praedictarum¹
929 2522 964 2543 ae

223 2564 416 2607 populorum
439 2570 469 2597 et
481 2564 683 2598 subditomm
699 2569 882 2597 nostrorum
899 2574 965 2596 ma-

224 2616 344 2650 ximum
360 2617 606 2660 praeiudicium,

262 2681 272 2707 1
296 2679 396 2707 Forsan
416 2680 565 2717 supplenda
586 2690 634 2708 vox
654 2683 847 2716 contemplum
865 2685 904 2715 (u.
917 2684 964 2714 T.}.

271 2733 348 2761 Bull.
366 2734 447 2762 Rom.
468 2735 525 2763 Vol.
545 2735 593 2762 XI.
793 2734 826 2762 34

1652 244 1715 278 ‘⁴265

1049 305 1066 345 ξ
1085 303 1114 337 Ξ,
1139 304 1239 347 Igitur
1260 314 1390 338 omnem
1408 303 1619 338 dubitationis
1639 309 1744 337 mate-

1004 356 1085 389 riam
1105 368 1122 390 a
1141 358 1248 391 medio
1271 358 1395 399 tollere,
1419 368 1455 391 ac>
1474 360 1584 391 nostra
1605 357 1749 391 declara-

1006 410 1090 443 tione
1118 417 1299 455 opportune
1327 412 1466 455 desuper
1493 411 1662 456 providcre
1687 423 1745 445 vo-

1004 464 1121 504 lentes,
1148 470 1236 498 motu
1262 465 1377 505 simili,
1407 476 1443 498 ae
1468 476 1503 498 ex
1530 468 1616 499 certa
1640 468 1749 499 nostra

1003 517 1137 551 scientia
1164 523 1194 551 et
1219 519 1258 551 de
1280 519 1474 562 apostolicae
1494 519 1659 563 potestatis
1679 519 1748 563 ple-

1003 571 1161 612 nitudine,
1176 572 1363 605 carumdem
1374 572 1552 605 litterarum
1566 578 1748 606 nostrarum

1005 632 1147 659 tenorem
1162 626 1386 670 praesentibus
1405 637 1465 670 pro
1479 637 1628 670 expresso
1650 632 1681 660 ct
1702 627 1749 660 in-

1002 684 1087 712 serto
1108 679 1274 720 habentes,
1298 679 1356 713 sub
1378 679 1599 723 prohibitione
1620 680 1749 714 litteris-

1002 743 1064 777 que
1083 732 1200 765 nostris
1218 732 1411 776 supradictis
1432 744 1657 777 quaecumque
1678 734 1748 767 loca

1002 786 1106 819 eidem
1121 792 1248 819 sanctae
1263 786 1426 819 Romanae
1440 786 1598 820 Ecclesiae
1610 787 1748 821 mediate

1001 839 1145 873 subiecta
1173 839 1407 883 comprehendi
1444 846 1474 873 et
1514 841 1748 885 coinprchensa

1000 894 1098 928 fuisse
1124 898 1155 927 et
1180 904 1247 927 esse
1274 894 1487 933 declaramus;
1519 899 1565 935 et,
1590 900 1747 938 quatenus

1001 959 1081 992 opus
1099 948 1149 989 sit,
1176 948 1246 981 illas
1271 959 1343 981 cum
1370 947 1521 982 omnihus
1547 948 1577 981 in
1604 949 1649 982 eis
1669 959 1746 982 con-

1002 1002 1095 1035 tentis
1116 1003 1155 1035 ad
1180 1002 1250 1035 loca
1275 1002 1444 1046 praedicta
1465 1002 1677 1036 extendimus.
1702 1003 1747 1036 lta

999 1057 1086 1100 quod
1108 1057 1146 1090 de
1167 1062 1293 1090 caetero
1315 1055 1409 1089 etiam
1432 1056 1597 1089 necliceat
1613 1055 1745 1100 quibus-

1000 1110 1044 1143 vis
1075 1110 1385 1151 communitatibus,
1421 1109 1684 1143 universitatibus
1716 1117 1746 1144 et

999 1164 1147 1208 personis
1179 1164 1276 1198 etiam
1310 1163 1514 1208 qualilieatis,
1543 1169 1574 1197 ct
1608 1163 1746 1197 cuiusvis

999 1223 1109 1258 status,
1128 1218 1246 1260 gradus
1267 1223 1295 1251 et
1313 1217 1571 1261 praeminentiae
1596 1217 1742 1258 existant,

999 1271 1057 1304 sub
1077 1271 1199 1305 eisdem
1221 1271 1385 1315 prioribus
1406 1271 1524 1305 nostris
1549 1271 1662 1305 litteris
1687 1282 1743 1305 ex—

999 1325 1118 1369 pressis
1144 1331 1173 1359 ct
1199 1325 1358 1358 contentis
1382 1324 1496 1369 poenis
1522 1331 1551 1358 et
1577 1325 1742 1366 censuris,

1000 1379 1094 1411 etiam
1117 1384 1284 1422 praetextu
1300 1378 1488 1422 quorumvis
1502 1378 1745 1422 privilegiorum

1000 1439 1028 1465 et
1052 1433 1264 1473 indultorum,
1289 1432 1383 1465 ctiam
1400 1431 1652 1476 apostolicorum
1675 1439 1705 1465 ct
1729 1443 1748 1466 a

1000 1487 1092 1519 nobis
1113 1493 1141 1519 ct
1172 1486 1252 1520 Sede
1274 1486 1438 1530 praedicta
1463 1496 1690 1520 concessorum
1718 1493 1748 1520 et

1001 1540 1280 1580 confirmatorum,
1305 1550 1339 1572 ac
1363 1539 1458 1573 etiam
1478 1540 1585 1573 favore
1603 1540 1748 1584 publica-

1001 1604 1070 1626 rum
1094 1593 1326 1633 nundinatum,
1347 1593 1579 1637 ei‘nporiorum,
1594 1604 1649 1626 seu
1671 1594 1748 1627 alias

1001 1657 1133 1691 quoquo
1166 1647 1263 1680 modo
1297 1652 1542 1688 cmanatorum,
1572 1647 1744 1687 frumenta,

1001 1701 1096 1734 blada
1128 1707 1158 1734 et
1187 1701 1353 1744 legumina
1374 1701 1468 1734 etiam
1502 1701 1635 1745 propria
1661 1707 1690 1735 et
1716 1701 1748 1734 in

1001 1756 1142 1800 propriis
1171 1755 1429 1800 possessionibus
1461 1761 1491 1788 ct
1516 1755 1609 1788 bonis
1635 1766 1746 1788 eorum

1001 1809 1166 1843 existentia
1186 1820 1242 1842 seu
1264 1809 1446 1850 recollecta,
1464 1820 1481 1842 a
1496 1809 1660 1853 quilmsvis
1674 1820 1748 1854 pro-

1001 1863 1124 1904 vinciis,
1149 1863 1342 1904 civitatibus,
1367 1862 1459 1896 terris
1485 1868 1515 1896 et.
1539 1862 1617 1896 locis
1642 1863 1746 1896 cidem

1002 1918 1165 1950 Romanae
1198 1916 1360 1949 Ecclesiae
1382 1916 1568 1949 immediate
1596 1917 1748 1950 subiectis

1001 1972 1038 2004 ad
1052 1971 1206 2012 civitates,
1225 1977 1325 2004 terras
1343 1977 1373 2003 et
1388 1971 1457 2003 loca
1471 1970 1574 2004 eidem
1589 1971 1747 2005 Ecclesiae

1001 2025 1138 2058 mediate
1160 2024 1315 2065 subiecta,
1338 2024 1433 2058 etiam
1454 2024 1596 2068 ipsarum
1623 2025 1744 2057 nundi-

1000 2090 1112 2112 narum
1129 2084 1158 2112 et
1171 2078 1396 2122 emporiorum
1415 2084 1570 2122 tempore,
1583 2089 1638 2111 scu
1654 2078 1743 2116 alias,

1002 2134 1172 2177 minusque
1191 2144 1208 2166 a
1229 2133 1322 2166 dictis
1344 2132 1525 2165 civitatibus
1544 2138 1573 2165 et
1588 2133 1679 2172 locis,
1703 2133 1746 2165 sic

1001 2188 1139 2221 mediate
1161 2187 1324 2227 subiectis,
1341 2192 1428 2220 extra
1442 2187 1565 2220 Statum
1588 2187 1745 2220 Ecclesia-

999 2243 1126 2283 sticut‘n,
1145 2242 1229 2275 iuxta
1247 2242 1384 2274 sormam
1407 2246 1435 2274 et
1458 2247 1601 2274 tenorem
1621 2251 1746 2273 earum-

1001 2297 1071 2329 dem
1106 2301 1290 2328 nostrarum
1325 2295 1525 2335 litterarum,
1560 2299 1742 2338 asportare,

1000 2350 1194 2390 conducere,
1219 2360 1276 2382 seu
1297 2348 1454 2392 asportari
1477 2354 1506 2381 et
1532 2347 1667 2381 conduci
1694 2348 1742 2379 sa-

1000 2415 1071 2437 ccre
1093 2414 1149 2447 per
1168 2414 1212 2444 sc,
1237 2404 1283 2436 vel
1306 2403 1417 2444 alium,
1443 2413 1497 2435 seu
1519 2401 1609 2442 alios,
1634 2401 1745 2445 quovis

1000 2462 1166 2501 praetextu
1198 2457 1244 2490 vcl
1279 2457 1435 2497 obtentu,
1463 2456 1583 2499 absque
1615 2454 1744 2498 speciali

1001 2511 1216 2554 chirographo
1235 2522 1252 2542 a
1270 2509 1363 2542 nobis
1385 2515 1413 2541 ct
1436 2520 1495 2553 pro
1515 2514 1660 2552 tempore
1683 2507 1745 2539 cxi-

1000 2570 1101 2597 stcnte
1122 2565 1268 2597 Romano
1286 2563 1441 2596 l‘ontilice
1463 2562 1661 2605 subsignata
1686 2562 1745 2593 siv-

1000 2630 1073 2662 quc,
1091 2623 1162 2657 elo,
1184 2617 1319 2657 sublata,
1337 2621 1408 2657 cle.y
1434 2616 1573 2656 irritum,
1594 2619 1650 2648 cle.

1046 2674 1062 2714 g
1094 2671 1124 2704 3.
1159 2671 1227 2705 Non
1258 2670 1461 2704 obstantibus
1494 2669 1678 2714 praemissis
1715 2675 1743 2702 ct

1763 254 1948 282 An.c.1605

1796 318 1862 340 Quam
1878 317 1948 336 dcclii-

1763 345 1797 363 rat.
1817 346 1837 363 et
1857 346 1948 363 ext-itata

1764 370 1828 390 dubia
1845 374 1934 390 animet.

1786 2659 1896 2678 ‹Ituna-itan
1909 2659 1943 2679 iln-

1760 2684 1917 2711 derogabitur.
