2227 3241
231 288 275 311 Αη.
291 287 315 311 (3,
344 287 410 313 1606

277 1732 426 1757 (jungi-eratin-

242 1765 332 1785 nvmqne
345 1759 426 1779 retten-

243 1792 286 1805 ιι-ιη
302 1785 341 1805 sul)
357 1785 426 1805 imme-

242 1811 428 1837 rlmtaSedisApo·

243 1840 331 1860 melicae
359 1842 427 1865 prato-

243 1869 314 1887 ·thne
331 1868 413 1892 recipit.

260 2214 328 2235 Mnna·
338 2212 431 2233 hassi-m-

246 2241 374 2265 aseuli-mis
395 2239 431 2260 l'u-

248 2268 319 2288 turmis
337 2273 348 2287 a
368 2272 433 2287 nouit-

247 2300 272 2315 ne
291 2299 432 2315 excommuni-

263 2328 265 2330 ’
281 2321 291 2330 ·’
334 2319 433 2345 suspendi

360 2346 385 2366 iri
401 2352 434 2366 nc.-

456 277 519 309 :3530

431 389 577 429 donatos,
589 386 737 428 novitios,
749 387 910 429 vassallos,
919 397 1097 431 eorumque
1109 397 1173 421 mo-

430 440 579 482 nasteria,
601 441 726 481 domos,
749 440 912 484 grangias,
930 446 960 474 et
978 440 1010 473 in
1035 440 1079 474 eis
1100 451 1168 475 ser-

430 494 561 534 vientes,
584 493 653 527 loca
669 520 676 533 ‚
700 504 751 527 res
777 498 809 527 et
838 494 924 527 bona
947 503 1172 538 quaecumque

431 546 612 591 praesentia
634 552 664 580 et
681 546 789 580 sutura
809 552 906 591 atque
927 546 967 580 ad
984 556 1021 580 ea
1037 556 1172 590 quomo-

429 599 552 633 delibet
571 599 747 643 spectantia
771 606 803 633 et
822 593 1015 644 pertinentia
1036 606 1066 633 et
1090 610 1173 644 quae

429 653 582 697 deinceps
597 652 635 686 ad
657 663 693 687 ea
713 653 903 697 spectabunt
922 658 952 686 et
965 652 1171 697 pertinebunt

430 705 556 749 illisque
574 705 792 739 concedentur
811 706 859 739 vel
880 706 919 739 ad
945 716 982 739 ea
1002 705 1172 739 devolven-

430 765 493 801 tur,
520 758 627 793 denuo
651 758 690 792 ab
716 758 803 792 omni
824 759 1061 803 superioritate,
1080 758 1173 792 iuris-

431 810 583 852 dictione,
606 810 853 854 gubernati0ne,
876 811 1045 854 regimine,
1072 810 1174 845 admi-

431 864 634 904 nistratione,
661 863 873 906 subiectione,
897 863 1092 906 obedientia,
1116 864 1173 898 do-

433 918 556 960 minio,
583 918 763 953 visitatione
794 924 825 952 et
855 917 1081 952 emendatione
1110 927 1174 951 non

432 972 537 1006 solum
552 971 706 1012 Cistercii,
720 971 982 1007 Claraevallensis
995 976 1025 1005 ct
1038 970 1174 1005 aliorum

436 1036 523 1060 nunc
543 1032 573 1060 et
597 1036 656 1070 pro
682 1032 829 1070 tempore
854 1025 1057 1060 existentium
1082 1034 1177 1068 gene-

435 1080 552 1114 ralium
576 1091 612 1114 ac
632 1080 903 1115 lllorimundensis
921 1086 951 1114 et
971 1079 1108 1114 aliorum
1128 1078 1178 1112 ab·

434 1135 557 1175 batum,
568 1134 787 1178 praelatorum
800 1133 1040 1178 etsuperiorum
1052 1131 1179 1166 Ordinis

435 1187 664 1229 Cisterciensis‚
674 1192 894 1231 ‘quacumque
909 1185 1099 1220 auctoritate
1113 1185 1180 1218 sun·

435 1241 579 1284 gentium
599 1246 629 1275 et
650 1241 885 1281 suncturorum,
907 1240 963 1274 sed
983 1239 1078 1273 etiam
1097 1248 1179 1283 quo-

436 1305 650 1339 rumcumque
665 1293 996 1339 archiepiscoporum,
1014 1293 1177 1338 episeopo-

436 1360 507 1384 rum
521 1354 553 1383 et
564 1348 700 1383 aliorum
715 1347 974 1389 Ordinariorum,
988 1357 1024 1381 ac
1038 1347 1179 1381 iudicum

437 1402 741 1444 ecclesiasticorum,
762 1402 980 1446 praelatorum
996 1407 1026 1435 et
1045 1401 1180 1434 aliarum

437 1467 650 1501 personarum
673 1466 879 1500 quacumque
899 1455 1090 1489 auctoritate
1110 1455 1181 1488 sun-

439 1509 583 1553 gentium
605 1515 636 1543 et
656 1509 897 1551 suncturorum‚
922 1514 953 1542 et
977 1509 1183 1553 quantumvis

438 1563 661 1609 amplisssimis
684 1563 859 1608 privilegiis
879 1562 1037 1596 utentium
1059 1568 1089 1596 et
1110 1573 1182 1596 usu-

440 1628 563 1659 rorum,
586 1622 743 1661 perpetuo
763 1626 896 1661 prorsus
913 1615 1079 1650 eximimus
1093 1622 1123 1650 et
1142 1621 1183 1650 to-

442 1671 549 1705 taliter
574 1670 760 1705 liberamus.

487 1726 503 1767 g
530 1723 560 1757 3.
595 1723 767 1768 ipsamque
798 1722 1087 1766 Congregationem
1117 1723 1180 1756 Fu-

443 1778 577 1812 licnsem
600 1777 734 1821 eiusque
757 1776 955 1820 generalem,
977 1786 1103 1811 necnon
1128 1777 1184 1810 ab·

445 1831 555 1874 bates,
579 1830 756 1864 abbatissas
770 1857 778 1872 ,
806 1830 930 1874 priores
950 1857 958 1870 ,
985 1830 1161 1864 monachos
1175 1857 1182 1871 ,

445 1885 613 1926 moniales,
641 1894 831 1925 conversos,
859 1884 1006 1925 donatos,
1034 1883 1182 1925 novitios,

445 1937 651 1979 monasteria,
679 1937 838 1981 grangias,
867 1937 999 1977 domos,
1027 1936 1108 1977 loca,
1136 1947 1186 1971 res

445 2000 476 2027 et
500 1993 586 2027 bona
611 1991 776 2036 praedicta
797 1990 856 2024 sub
882 1989 1101 2024 immediatam
1127 2001 1186 2024 no-

445 2053 543 2081 stram
565 2051 596 2080 et
616 2045 706 2080 Sedis
723 2044 927 2089 Apostolicae
941 2043 1186 2089 protectionem,

446 2099 607 2143 regimen,
634 2098 867 2133 subiectionem
884 2125 891 2138 ‚
919 2097 1185 2141 gubernationem

447 2159 479 2187 et
498 2152 714 2187 obedientiam
735 2151 919 2195 recipimus.

492 2209 509 2249 ἕ
533 2207 564 2240 4.
596 2207 641 2241 lta
661 2206 748 2251 quod
768 2205 1014 2249 archicpiscopi,
1035 2205 1187 2250 episcopi,

448 2259 610 2293 Ordinarii
626 2287 633 2301 ‚
661 2258 770 2293 vicarii
787 2286 794 2300 ,
823 2258 945 2292 iudices
969 2264 999 2292 et
1032 2258 1187 2292 officiales

450 2312 618 2360 praedicti,
643 2312 738 2347 etiam
761 2312 885 2346 ratione
902 2312 1019 2353 delicti,
1044 2317 1097 2346 aut
1115 2322 1190 2346 con-

383 2363 435 2418 }“f
451 2373 582 2409 tractus,
606 2367 653 2401 vel
675 2366 720 2400 rei
739 2366 778 2400 de
796 2377 859 2410 qua
884 2372 1044 2408 ageretur,
1069 2366 1189 2399 nullam

272 2409 275 2418 t
346 2416 348 2419 .

249 2427 304 2446 atiena
312 2426 436 2451 Μαι-ἰνσε-

250 2460 272 2474 se
288 2454 388 2474 decernit.

451 2421 483 2455 in
504 2431 558 2455 cos
574 2425 731 2454 eteorum
744 2419 896 2464 aliquem,
917 2424 969 2453 aut
984 2419 1188 2460 monasteria,

452 2474 599 2509 membra
631 2479 661 2508 et
690 2473 774 2507 bona
810 2472 996 2517 praedicta,
1029 2478 1190 2517 tamquam

452 2537 586 2573 prorsus
614 2532 778 2572 exemptos
803 2531 833 2560 et
858 2531 1027 2570 exempta,
1056 2525 1189 2560 iurisdi-

454 2582 612 2623 ctionem,
636 2580 870 2615 correctionem
886 2607 894 2621 ‚
917 2579 1189 2623 superioritatem,

454 2634 634 2669 dominium
659 2633 707 2667 vel
732 2638 921 2678 potestatem
955 2642 1113 2675 exercere,
1139 2638 1191 2666 aut

1015 286 1198 311 arrianum
1220 287 1373 311 normann

430 335 564 379 priores,
590 334 775 373 monachos,
799 334 966 374 moniales,
987 344 1169 376 conversos,
1193 344 1197 347 ·

1208 335 1358 375 terdicti‚
1391 340 1443 368 aut
1478 335 1602 380 quasvis
1638 335 1715 369 alias
1747 337 1943 377 sententias,

1207 398 1357 423 censuras
1379 393 1408 421 et
1425 398 1545 432 poenas
1559 388 1790 424 ecclesiasticas
1802 390 1946 435 promul-

1207 452 1283 484 gare
1297 447 1516 486 praesumant,
1537 452 1592 476 seu
1602 441 1726 486 possint
1739 447 1795 476 aut
1810 442 1948 477 debeant

1206 505 1338 539 quoquo
1367 493 1482 528 modo:
1507 504 1566 528 nec
1587 494 1647 539 ipsi
1666 494 1712 529 sic
1725 495 1875 540 exempti,
1888 495 1947 530 nisi

1207 547 1293 580 iuxta
1314 547 1451 581 sormam
1472 547 1606 581 Concilii
1629 547 1819 590 Tridentini,
1838 558 1948 583 coram

1207 600 1267 633 illis
1289 605 1341 633 aut
1374 600 1472 644 ipsius
1489 599 1578 634 Sedis
1598 601 1800 644 Apostolicae
1823 601 1950 645 delega-

1207 653 1245 686 tis
1259 652 1332 695 (nisi
1347 652 1377 686 in
1393 653 1506 686 litteris
1520 652 1566 687 eis
1577 663 1637 697 pro
1657 659 1803 698 tempore
1819 654 1950 689 direct-is

1207 706 1245 740 de
1266 704 1492 749 praesentibus
1513 706 1672 750 specialis,
1687 706 1838 752 specifica
1854 713 1885 742 et
1897 718 1950 742 ex-

1208 769 1318 803 pressa
1344 769 1380 792 ac
1412 758 1451 792 de
1482 759 1580 792 verbo
1604 759 1644 793 ad
1669 759 1803 794 verbum
1828 759 1952 796 mentio

1208 810 1275 854 fiat)
1286 811 1325 844 ad
1337 810 1492 845 iudicium
1508 811 1645 854 evocari,
1656 812 1831 856 autquovis
1843 814 1951 850 modo,

1209 864 1329 899 directe
1353 865 1401 899 vel
1428 865 1595 907 indirecte,
1623 865 1787 900 molestari
1811 866 1948 911 possint.

1209 918 1423 953 Decernentes
1441 928 1554 952 omnes
1567 924 1598 953 et
1613 919 1757 962 singulos
1770 929 1952 964 processus,

1210 971 1395 1013 sententias,
1420 982 1571 1006 censuras
1596 978 1628 1006 et
1651 983 1789 1017 poenaS,
1816 984 1898 1018 quos
1921 980 1954 1009 et

1211 1035 1290 1069 quas
1314 1036 1371 1070 per
1388 1026 1648 1071 archiepiscopos
1662 1054 1670 1068 ,
1689 1027 1869 1072 episcopos,
1895 1039 1952 1063 seu

1213 1088 1324 1112 eornm
1347 1078 1487 1123 aliquem
1510 1085 1622 1113 contra
1637 1080 1835 1124 superiorem
1854 1090 1951 1124 gene-

1213 1131 1333 1172 ralem,
1362 1131 1492 1166 abbates
1519 1139 1550 1166 et
1580 1133 1660 1168 alios
1691 1133 1736 1168 sic
1764 1139 1950 1179 exemptos,

1214 1195 1341 1219 necnon
1375 1187 1570 1220 monasteria
1606 1192 1635 1220 et
1667 1187 1738 1221 loca
1766 1187 1952 1222 huiusmodi

1215 1238 1310 1272 etiam
1337 1245 1494 1284 exempta,
1518 1246 1551 1273 ut
1565 1240 1758 1284 praefertur,
1777 1239 1889 1275 haberi
1905 1241 1954 1275 vel

1214 1293 1428 1336 promulgari,
1455 1303 1581 1327 necnon
1607 1293 1763 1338 quidquid
1788 1304 1880 1329 secus
1903 1305 1956 1329 su-

1215 1357 1272 1391 per
1296 1346 1345 1379 his
1369 1346 1408 1379 ab
1434 1347 1479 1380 eis
1499 1352 1529 1380 et
1553 1347 1616 1381 alio
1641 1357 1818 1392 quoquam,
1845 1347 1956 1392 quavis

1215 1400 1416 1441 auctoritate,
1440 1400 1577 1434 scienter
1593 1401 1640 1434 vel
1661 1401 1858 1445 ignoranter,
1879 1410 1955 1435 con-

1217 1454 1322 1497 tigerit
1345 1453 1505 1495 attentari,
1533 1453 1623 1488 irrita
1642 1460 1673 1488 et
1692 1454 1799 1489 inania
1822 1454 1957 1490 nullius-

1216 1518 1277 1552 que
1298 1507 1423 1542 roboris
1440 1508 1488 1542 vel
1508 1508 1675 1542 momenti.
1698 1546 1702 1550 ,
1744 1549 1749 1555 ⁴

1261 1560 1327 1605 ἐῢ.
1351 1561 1481 1594 Necnon
1501 1562 1674 1605 praedictis
1692 1561 1953 1608 archiepiscopis,

1219 1720 1318 1762 ribus,
1342 1731 1467 1755 necnon
1484 1722 1635 1766 praelatis
1653 1722 1749 1756 etiam
1770 1722 1846 1757 dicti
1866 1722 1958 1758 Ordi-

1218 1773 1267 1808 nis
1295 1773 1525 1816 Cisterciensis‚
1548 1780 1579 1808 et
1604 1774 1673 1809 aliis
1699 1775 1959 1822 quibuscumque

1219 1828 1364 1872 personis
1387 1827 1611 1873 praesentibus
1635 1834 1666 1863 et
1689 1829 1819 1872 suturis,
1847 1830 1956 1865 cuius-

1219 1892 1358 1926 cumque
1375 1881 1550 1925 dignitatis,
1573 1881 1693 1926 gradus
1713 1888 1744 1917 et
1763 1881 1960 1918 conditionis

1219 1934 1282 1969 sint
1306 1940 1337 1969 et
1360 1935 1502 1976 suerint,
1529 1935 1562 1969 in
1587 1935 1857 1970 virtute-sanctae
1880 1935 1958 1971 obe-

1220 1987 1369 2030 dientiae,
1389 1999 1426 2023 ac
1441 1989 1501 2023 sub
1518 1988 1860 2024 excommunicationis
1877 1989 1960 2024 latae

1220 2042 1396 2076 sententiae
1419 2043 1525 2087 poena
1549 2044 1585 2086 (a
1609 2053 1672 2087 qua
1695 2042 1823 2077 nonnisi
1855 2053 1874 2077 a
1896 2043 1959 2078 Ro-

1222 2106 1317 2130 mano
1342 2095 1498 2130 Pontifice
1527 2106 1587 2140 pro
1614 2102 1759 2141 tempore
1782 2095 1934 2131 existente
1950 2123 1958 2137 ‚

1222 2149 1281 2183 nisi
1307 2149 1339 2182 in
1365 2149 1477 2183 mortis
1497 2149 1645 2191 articulo,
1668 2149 1790 2184 absolvi
1809 2149 1957 2194 possint),

1223 2202 1437 2248 praecipimus
1463 2208 1493 2237 et
1521 2203 1721 2247 mandamus,
1746 2213 1785 2237 ne
1810 2202 1961 2248 imposte-

1225 2267 1294 2290 rum
1320 2256 1484 2301 perpetuis
1505 2256 1619 2290 suturis
1645 2255 1844 2300 temporibus
1863 2256 1895 2290 in
1913 2267 1962 2292 re-

1224 2310 1283 2344 bus
1308 2316 1338 2344 et
1357 2309 1511 2353 negociis,
1532 2309 1627 2344 etiam
1649 2309 1773 2345 ratione
1789 2310 1897 2345 delicti
1915 2311 1962 2345 vel

1226 2369 1408 2398 contractus
1426 2363 1622 2408 ubicumque
1635 2363 1796 2398 commissi
1815 2364 1863 2398 vel
1880 2363 1962 2407 initi,

1225 2428 1293 2451 sese
1311 2417 1467 2460 ingerere,
1491 2422 1545 2450 aut
1565 2416 1760 2460 generalem,
1785 2415 1915 2450 abbates
1932 2421 1964 2451 et

1226 2470 1303 2504 alias
1328 2470 1471 2504 eiusdem
1503 2469 1765 2512 Congregationis
1795 2469 1964 2514 utriusque

1226 2534 1318 2558 sexus
1342 2533 1513 2568 personas,
1541 2523 1710 2564 vassallos,
1737 2522 1894 2564 subditos,
1920 2523 1965 2557 sa-

1228 2577 1368 2611 miliares
1393 2582 1420 2610 et
1455 2576 1487 2609 in
1512 2576 1556 2610 eis
1580 2576 1752 2610 servientes
1777 2575 1960 2621 quomodo-

1228 2631 1304 2665 libet
1325 2630 1506 2676 molestare,
1523 2630 1570 2664 vel
1590 2630 1622 2663 in
1636 2630 1744 2674 aliquo
1763 2629 1964 2674 perturbare,

460 2687 809 2731 excommunicationis
826 2686 1055 2732 suspensionis,
1077 2686 1124 2720 vel
1139 2686 1189 2720 in·
1228 2691 1281 2720 aut
1301 2685 1385 2720 bona
1401 2683 1566 2730 praedicta
1582 2694 1752 2731 occupare,
1773 2683 1821 2718 vel
1843 2683 1882 2718 de
1903 2688 1964 2718 ter-

1960 288 2010 316 Αη.
2024 288 2052 317 c.
2075 271 2188 328 imma„

2139 1360 2181 1546 fffifflffbffl
2147 1281 2174 1348 ’.κ’
2143 956 2180 1273 ffi‘ff‘uffkm
2135 994 2138 996 Δ
2148 842 2182 978 „,.·,·⁴<'‘¹-“·;.‹l'
2150 724 2164 758 '¹‘
2162 701 2170 714 a

2147 1546 2162 1563 5

2006 1567 2050 1592 llis.
2059 1567 2094 1595 qui
2108 1571 2150 1598 ipo-

1218 1624 1328 1648 corum
1350 1614 1476 1648 vicariis
1496 1615 1700 1658 generalibus
1720 1625 1757 1649 ac
1777 1615 1847 1650 aliis
1866 1615 1955 1650 ordi·
1970 1567 2172 1673 323?g}‚⁶3331ss·

1217 1667 1316 1701 nariis
1341 1667 1501 1702 iudicibus
1521 1668 1745 1703 ecclesiasticis
1765 1675 1796 1703 et
1811 1669 1956 1704 saecula·
1971 1651 2142 1702 ssssssssa'aimffi'i'

2199 2588 2205 2604 ,,

2183 2646 2227 2690 »ι

2202 2695 2227 2736 ἐ

2184 2740 2227 2791 1ε

2184 2798 2227 2824 ,4

2184 2833 2227 2889 ,ἑ

2219 2894 2227 2941 i,
