2227 3241
27 291 75 318 Λιι.
91 289 120 316 C.
138 286 206 315 1606

7 2137 9 2152 ι
107 2125 218 2154 Derogatio

6 2166 7 2170 ,
23 2168 26 2172 .
45 2153 198 2176 contrariorum.

22 2175 31 2491 l

28 2494 32 2584 1

863 285 983 309 PAULts
1003 285 1023 308 V
1042 285 1093 309 Pr.

223 334 469 378 reintegramus,
493 335 680 379 dictumque
706 343 848 367 annuum
868 343 963 379 cano·

219 399 292 422 nem
312 388 487 432 nonaginta
500 394 664 422 scutorum
684 388 722 421 ad
744 388 802 428 ius,
817 387 963 431 proprie-

220 447 317 476 tatem
350 448 380 476 et
407 442 564 476 directum
588 441 767 475 dominium
790 440 963 474 cardinalis

221 496 359 529 titularis
376 506 434 540 pro
461 501 607 540 tempore
632 495 797 528 existentis
829 494 981 538 eiusque*

220 549 329 593 palatii
350 549 538 583 huiusmodi
559 549 755 588 reducimus,
773 559 809 581 ac
831 548 885 581 illa
899 556 981 581 oin-¹

220 602 275 636 nia
295 603 334 636 ab
348 603 482 636 ecclesia
499 602 600 636 sancti
619 601 794 642 Laurentii,
812 601 963 645 illiusque

221 659 332 690 mensa
358 656 526 700 capitulari
545 661 573 689 et
600 655 745 689 sacristia
773 654 959 699 praedictis,

221 709 367 744 similiter
386 715 544 754 perpetuo
562 719 749 753 separamus
766 714 796 754 et
814 709 964 742 dismem-

221 764 373 805 bramus,
414 765 525 808 sicque
557 770 705 808 separata
737 770 764 798 et
804 763 960 797 dismem-

221 818 314 852 brata
343 819 510 863 praedicto
536 819 654 863 palatio
676 819 734 859 (ita
759 824 794 852 ut
819 818 858 852 de
880 817 965 851 illius

221 873 424 917 pertinentiis
441 873 569 917 penitus
586 879 617 907 et
634 873 767 907 omnino
787 873 828 907 sit
848 884 883 906 ac
898 883 964 906 esse

222 928 405 970 censeatur)
419 927 528 961 itidem
544 933 702 972 perpetuo
721 927 920 971 applicamus
935 931 965 959 et

222 981 481 1025 appropriarnus,
502 991 628 1014 necnon
649 981 880 1024 Evangelistam
897 991 966 1013 car·
982 983 983 991 ¹

223 1034 375 1075 dinalem,
399 1035 533 1079 eiusque
556 1035 586 1068 in
609 1035 701 1068 titulo
722 1041 752 1068 et
773 1035 892 1079 palatio
912 1035 966 1068 liu-

223 1087 362 1122 iusmodi
380 1099 582 1122 successores
603 1089 796 1133 praedictos,
815 1089 933 1122 nedum
949 1099 966 1121 a

223 1143 384 1177 solutione
411 1148 442 1176 et
469 1143 686 1187 praestatione
708 1143 813 1177 annui.
834 1142 966 1176 canonis

224 1197 398 1239 nonaginta
413 1202 442 1230 ct
453 1197 571 1230 residui
585 1197 695 1230 decem
712 1207 813 1241 usque
827 1197 865 1230 ad
884 1207 968 1229 sum-

225 1260 309 1283 inam
328 1255 458 1284 centum
473 1256 638 1284 scutorum
655 1261 713 1295 pro
728 1261 787 1284 usu
801 1261 968 1294 paramen-

226 1309 331 1337 torum
353 1309 384 1337 et
404 1310 670 1337 ornamentorum
689 1304 775 1338 iuxta
793 1304 919 1337 decreta
938 1309 968 1337 et

226 1357 347 1392 litteras
364 1358 625 1402 praedecessoris
642 1358 829 1391 huiusmodi
847 1358 967 1391 sacien-

226 1412 277 1451 dfi,
301 1413 357 1446 sed
383 1412 478 1445 etiarn
502 1412 762 1456 quibuscumque
788 1413 969 1456 sumptibus

226 1464 421 1509 etimpensis
435 1466 489 1507 (ad
503 1466 655 1499 ecclesiae
674 1466 774 1499 sancti
793 1465 966 1505 Laurentii,

227 1518 378 1563 illiusque
404 1519 545 1553 fabricae
572 1525 603 1552 et
627 1519 811 1560 sacristiae,
844 1529 969 1553 necnon

227 1578 491 1616 paramentorum
519 1578 548 1606 et
574 1579 843 1606 ornamentorum
859 1573 970 1606 buius-

229 1626 338 1667 modi,
369 1637 495 1660 necnon
517 1626 748 1671 cuiuscumque
771 1626 902 1660 alterins
922 1637 971 1660 sa-

230 1692 303 1716 crae
330 1687 361 1716 et
381 1681 536 1726 profanae
563 1681 772 1726 supellectilis
799 1687 971 1714 manuten-

231 1735 363 1777 tionem,
378 1735 614 1779 reparationem
638 1740 667 1768 et
688 1734 968 1775 restaurationem,
988 1740 989 1751 ¹

229 1800 265 1824 ac
281 1790 377 1824 etiam
399 1789 574 1834 praepositi
596 1795 626 1822 et
641 1789 865 1833 religiosorum
881 1800 972 1833 prae-

230 1844 390 1877 dictorum
403 1843 679 1883 sustentationem,
693 1854 728 1876 ac
744 1853 974 1887 quoinmcnm-

230 1908 291 1942 que
304 1908 438 1931 onerum
454 1897 515 1931 illis
529 1898 702 1941 respective
718 1897 972 1930 incumbentium
990 1907 991 1913 ¹

230 1951 505 1995 supportationem
522 1951 723 1994 necessariis)
743 1951 891 1984 similiter
902 1961 974 1995 per·
990 1947 992 1975 ἶ

231 2009 326 2048 petuo
352 2004 538 2046 eximimus,
561 2016 595 2038 ac
624 2005 751 2048 penitus
778 2010 804 2038 et
835 2005 975 2038 totaliter

232 2057 418 2091 liberamus.

233 2163 459 2206 declaratione,
475 2166 611 2210 aliisque
628 2166 823 2210 praemissis,
849 2176 975 2199 necnon

234 2217 303 2262 piae
318 2220 493 2253 memoriae
506 2220 658 2254 Bonifacii
670 2221 773 2265 Papae
785 2220 861 2260 VIII,
879 2220 974 2253 etiam

234 2273 488 2316 praedecessoris
501 2274 613 2314 nostri,
631 2286 666 2307 ae
682 2275 752 2307 aliis
773 2274 975 2307 constitutio-

237 2440 402 2476 ramento‚
426 2435 674 2468 confirmatione
706 2434 901 2479 apostolica,
931 2435 976 2468 rel

238 2487 346 2530 quavis
367 2488 517 2522 firmitate
539 2489 599 2522 alia
619 2489 790 2527 roboratis,
811 2489 937 2522 statutis
949 2494 980 2521 et

239 2542 533 2583 consuettnlinihus,
562 2542 736 2587 privilegiis
761 2552 903 2586 quoquc,
934 2542 997 2574 in-·

240 2593 334 2628 dultis
363 2601 393 2629 et
418 2596 532 2629 litteris
553 2596 754 2640 apostolicis,
785 2596 829 2628 illi
856 2606 891 2628 ac
922 2605 980 2638 pro

242 2652 384 2691 tempore
411 2649 556 2683 existenti
588 2649 731 2683 eiusdem
764 2649 845 2682 tituli
880 2648 980 2682 sancti

243 2700 401 2735 Laurentii
435 2703 621 2747 presbytero
654 2703 829 2745 cardinali,
855 2713 981 2736 necnon

997 333 1156 377 capitulo,
1188 328 1484 377 arcliipresbxtcro,
1515 331 1678 366 canonicis
1708 337 1739 365 et,

996 386 1195 419 beneficiatis
1220 386 1404 430 praedictis,
1426 385 1560 430 aliisque
1578 385 1736 430 personis,

996 440 1055 473 sub
1083 440 1343 484 quilmscumque
1371 439 1535 473 tenoribus
1560 445 1591 472 et
1615 439 1737 479 formis,

997 504 1033 527 ac
1054 505 1126 527 cum
1153 494 1317 538 quibusvis
1338 493 1433 526 etiam
1461 493 1740 536 derogatoriarum

997 548 1220 590 derogatoriis‚
1238 548 1371 591 aliisque
1386 547 1624 581 efficacioribus
1644 552 1674 580 et
1692 546 1741 579 in-

997 601 1098 635 solitis
1130 601 1303 641 clausulis,
1332 612 1458 635 necnon
1484 595 1742 635 irritantibus'et

998 655 1067 688 aliis
1089 655 1236 696 decretis,
1252 655 1282 688 in
1297 665 1415 697 genere
1431 655 1477 689 vel
1497 655 1528 688 in
1550 655 1667 699 specie,
1684 665 1743 699 per

998 708 1119 742 dictum
1140 708 1337 742 Clementem
1365 716 1394 742 et
1414 709 1494 742 alios
1519 718 1743 753 quoscumque

998 762 1161 795 Romanos
1187 762 1358 796 Pontifices
1388 763 1656 806 praedecessores
1685 772 1744 795 no-

998 822 1091 857 stros,
1108 827 1143 849 ac
1162 816 1258 849 etiam
1278 827 1335 850 nos
1350 821 1380 849 et
1394 816 1511 850 dictam
1528 816 1644 850 Sedem
1659 816 1743 849 eius-

999 880 1061 913 que
1093 870 1230 913 legatos,
1255 870 1365 914 quavis
1386 873 1480 904 causa
1506 876 1536 904 et
1561 870 1740 911 occasione,

999 924 1096 957 etiam
1117 930 1220 964 motu,
1241 924 1374 957 scientia
1395 930 1424 957 ct
1450 924 1616 968 potestatis
1641 924 1744 968 pleni-

1000 978 1110 1011 tudine
1130 977 1274 1022 paribus,
1292 978 1387 1011 etiam
1407 978 1684 1017 consistorialiter,
1708 989 1745 1012 ac

1000 1032 1076 1065 alias
1090 1032 1347 1077 quomodolibet,
1365 1032 1459 1066 etiam
1473 1032 1592 1065 iteratis
1609 1032 1742 1074 vicibus,

1000 1086 1171 1126 concessis,
1186 1086 1373 1130 approbatis
1391 1092 1421 1119 et
1436 1086 1605 1119 innovatis.
1623 1085 1745 1125 Quibus

1000 1140 1162 1181 omnibns,
1187 1140 1309 1173 etiamsi
1332 1150 1391 1184 pro
1419 1140 1549 1173 illorum
1572 1139 1744 1173 sufficienti

1001 1195 1209 1237 derogatione
1231 1195 1308 1228 alias
1335 1195 1373 1227 de
1395 1194 1455 1227 illis
1477 1204 1656 1238 eorumque
1673 1193 1746 1227 totis

1003 1249 1170 1282 tenoribus
1191 1248 1349 1293 specialis,
1366 1248 1528 1292 specifica,
1553 1258 1702 1292 expressa
1717 1253 1747 1281 et

1003 1302 1177 1343 individua,
1202 1303 1241 1335 ad
1271 1303 1309 1336 de
1337 1302 1435 1335 verbo
1457 1303 1495 1335 ad
1517 1302 1661 1342 verbum,
1682 1312 1747 1334 non

1003 1362 1108 1389 autem
1131 1367 1188 1400 per
1209 1356 1367 1389 clausulas
1386 1356 1552 1398 generales
1574 1355 1657 1388 idem
1681 1354 1744 1387 im-

1002 1416 1179 1455 portantes,
1198 1410 1318 1444 mentio
1331 1421 1386 1444 seu
1402 1410 1532 1454 (plaevis
1542 1410 1603 1443 alia
1621 1420 1749 1454 expres-

985 1465 1049 1502 ,sio
1077 1465 1247 1505 liabenda,
1280 1470 1334 1498 aut
1360 1464 1468 1508 aliqua
1502 1464 1563 1497 alia
1592 1463 1750 1508 exquisita

1004 1519 1108 1551 forma
1137 1519 1176 1551 ad
1210 1518 1270 1551 boc
1300 1518 1458 1550 servanda
1490 1518 1591 1557 soret,
1621 1523 1749 1550 tenores

1005 1572 1202 1612 huiusmodi,
1229 1582 1264 1604 ac
1289 1571 1314 1604 si
1340 1572 1380 1604 de
1406 1571 1504 1604 verbo
1530 1571 1569 1603 ad
1594 1570 1749 1611 verbum,

1005 1626 1084 1659 nibil
1106 1626 1234 1670 penitus
1260 1625 1379 1659 omisso
1395 1631 1424 1659 et
1443 1626 1546 1659 forma
1561 1625 1591 1658 in
1611 1625 1672 1658 illis
1688 1630 1751 1657 tra-

1007 1680 1070 1714 dita
1091 1680 1268 1717 observata,
1290 1679 1401 1713 inserti
1423 1680 1537 1719 forent,
1566 1677 1747 1723 praesenti-

1008 1734 1065 1767 bus
1082 1744 1142 1778 pro
1164 1733 1363 1767 sufficienter
1388 1732 1544 1777 expressis
1570 1738 1600 1765 et
1624 1731 1751 1765 insertis

1008 1788 1172 1828 babentes,
1198 1787 1259 1820 illis
1285 1787 1362 1820 alias
1388 1787 1418 1819 in
1444 1797 1502 1820 suo
1528 1786 1645 1820 robore
1671 1796 1747 1830 per-

1009 1841 1179 1882 mansuris,
1201 1841 1258 1874 bac
1287 1841 1353 1874 vice
1380 1840 1545 1874 dumtaxat
1571 1839 1753 1884 specialiter

1009 1901 1038 1928 ct
1059 1905 1206 1938 expresse
1228 1895 1431 1937 derogamus,
1456 1893 1655 1937 eaeterisque
1677 1903 1752 1926 con-

1011 1948 1115 1981 trariis
1129 1948 1400 1992 ‹piibuscuintpie

1055 2004 1070 2045 ξ
1092 2002 1120 2035 0.
1147 2002 1230 2035 Nulli
1253 2013 1329 2044 ergo
1351 2002 1485 2035 omnino
1513 2001 1681 2034 bominum
1709 2000 1749 2032 li-
1786 2018 1956 2044 (31„„„..„1,00.

992 2063 1079 2091 ¹ceat
1100 2057 1181 2089 hanc
1202 2056 1352 2100 paginam
1379 2061 1507 2089 nostrae
1528 2053 1750 2095 absolutionis,

276 2112 292 2153 ξ
313 2110 342 2144 8.
367 2112 436 2145 Non
451 2112 651 2146 obstantibus
672 2112 770 2157 priori
790 2112 920 2145 decreto
947 2117 976 2145 et
992 2103 993 2147 ἶ
1010 2110 1257 2155 suppressionis,
1276 2109 1491 2149 extinctionis,
1516 2107 1753 2147 reservationis,

1011 2164 1195 2204 erectionis,
1219 2163 1439 2203 institutionis,
1462 2161 1690 2201 concessionis,
1707 2171 1755 2194 as-

1011 2217 1210 2260 signationis,
1235 2217 1355 2255 statuti,
1380 2215 1604 2256 ordinationis,
1626 2214 1752 2252 indulti,

994 2271 1145 2319 decreti,
1177 2271 1398 2311 restitutionis,
1425 2269 1641 2314 repositionis,
1665 2267 1754 2301 rein-

235 2325 327 2360 nibus
340 2327 844 2371 etordinationibusapostolicis,
859 2327 977 2361 dictae-
994 2322 995 2364 l
1015 2325 1210 2368 tegi-ationis,
1226 2324 1435 2365 reductionis,
1448 2322 1672 2367 separationis,
1693 2321 1757 2354 dis-

236 2389 296 2423 que
317 2381 471 2415 ecclesiae
492 2381 591 2415 sancti
615 2381 788 2424 Laurentii,
813 2381 907 2414 etiam
931 2374 995 2414 iti-³

1015 2379 1258 2413 inemlnationis
1274 2406 1281 2419 ,
1303 2377 1540 2422 applicationis,
1565 2376 1757 2420 appropria-

1015 2433 1119 2474 tionis,
1134 2432 1355 2476 exemptionis,
1368 2428 1758 2471 liberationis,voluntatis

1014 2494 1043 2522 ct
1057 2486 1276 2529 ‹lciogationis
1303 2485 1489 2527 intringere,
1508 2484 1553 2517 rel
1569 2484 1595 2516 ei
1614 2494 1691 2515 ausu
1712 2488 1757 2515 te-

1016 2540 1155 2574 merario
1181 2539 1356 2572 contrairi-1
1379 2538 1403 2570 si
1426 2538 1497 2581 quis
1518 2536 1698 2570 antemlioc
1713 2541 1759 2569 at-

1017 2600 1137 2627 tentare
1148 2592 1411 2637 praesumpscrit‚
1425 2590 1678 2633 indignationem
1694 2599 1759 2622 om-

1017 2647 1192 2691 nipotentis
1206 2647 1273 2687 Dei,
1291 2657 1325 2679 ac
1341 2646 1509 2678 beatorum
1532 2644 1615 2677 Petri
1629 2643 1758 2677 etPauli

1017 2701 1235 2746 apostolorum
1253 2699 1331 2733 eius,
1355 2710 1387 2730 se·
1402 2698 1524 2731 nexerit
1542 2697 1756 2731 incursurum¹

1644 274 1709 307 309
1755 283 1939 312 An.s3.1606

1768 2046 1835 2066 natus.
