2227 3241
30 254 78 285 fl'n'.
90 257 117 285 C.
129 251 208 285 '¹605

32 636 216 661 Paulustusoctc-

32 663 216 687 utiiosuacuiw-

33 697 120 717 eumque
145 690 217 711 oneris

33 719 135 740 solutione
163 717 214 737 titue-

33 750 80 767 nus
90 744 186 765 declat-ax
193 743 216 767 ii,

34 771 60 793 ab
76 776 102 792 oa
123 771 216 791 decimas

33 803 73 820 non
79 803 123 819 essa
138 797 216 817 soluen-

35 824 123 849 dnmisi
132 823 152 844 in
160 824 217 844 titte-

34 856 63 878 τίς
78 854 216 881 impositionis

34 882 161 904 decimarum
179 881 216 902 hu-

34 908 123 930 iusmodi
133 913 216 934 expres-

35 941 58 958 ιι
72 936 98 956 de
113 936 158 962 ipsa
177 934 217 964 Sq-

35 962 111 984 cietate
138 963 217 983 mentio

35 989 100 1012 floret.

891 259 951 281 litto
977 259 1006 280 x}
1033 259 1080 281 lli&

225 304 329 338 hilum
351 305 504 348 exposcit,
528 311 563 338 ut
588 305 619 338 in
641 305 690 338 liis
710 311 839 339 nostrae
860 301 973 338 aucto?

227 357 331 391 ritatis
351 363 458 402 partes
478 358 618 392 libenter
636 359 893 402 interponamus,
914 368 972 401 per

227 418 321 454 quae,
355 411 546 445 differentiis
571 417 601 445 et
627 410 855 445 controversiis
888 411 973 443 inter

229 465 458 499 ecclesiasticas
475 475 629 510 personas
642 465 824 508 vigentibus
838 464 973 498 emedio

228 519 372 561 sublatis,
394 530 503 553 earum
526 519 625 563 quieti
647 525 829 563 opportune
851 529 970 552 consu-

229 572 343 606 lamus.
657 598 663 602 -

275 627 291 668 g
313 625 343 659 1.
367 626 445 660 Cum
472 626 579 670 itaque
604 626 681 659 alias
700 625 799 659 t'eliris
817 626 971 659 recorda-

232 679 328 713 tionis
352 680 469 713 Paulus
489 680 574 724 Papa
594 680 632 713 111
657 680 889 724 praedecessor
911 690 972 713 no-

231 739 296 766 ster
313 733 463 767 Societati
486 734 567 773 lesu,
595 734 635 767 ab
661 734 730 778 ipso
756 734 920 768 institutae
945 740 973 767 et

233 787 443 832 approbatae,
459 787 592 831 eiusque
609 787 703 821 sociis
720 787 804 820 inter
825 788 886 820 alia
905 798 976 820 con-

226 840 374 880 cesserit,
396 846 431 873 ut
451 841 489 873 de
515 840 569 882 eis,
591 851 674 884 quae
700 841 731 873 in
753 841 971 879 ornamentis,

232 900 287 927 aut
306 904 365 938 pro
390 894 445 935 eis,
470 901 522 928 aut
550 895 650 936 libris,
676 895 806 936 fabrica,
831 896 968 928 lumina-

232 947 332 987 ribus,
347 958 402 981 seu
417 958 476 992 pro
496 948 577 981 victu
596 954 622 981 et
640 949 836 981 indumentis
848 959 972 989 eorum,

231 1011 358 1034 necnon
379 1011 439 1045 pro
461 1001 576 1034 annuis
597 1002 745 1035 censibus
764 1002 973 1039 redimendis,

232 1054 271 1087 ad
303 1064 443 1098 quorum
476 1055 671 1088 solutionem
704 1055 831 1099 aliquae
862 1056 976 1088 domus

232 1108 399 1142 Societatis
412 1109 597 1152 praedictae
615 1109 775 1151 obligatae
791 1112 895 1142 l'orsan
914 1110 977 1142 cxi-

231 1161 370 1203 stebant,
398 1173 434 1195 ac.
463 1163 502 1195 de
532 1162 682 1195 domibus
710 1169 737 1195 et
769 1163 923 1203 ‹folleeiis
948 1170 975 1196 et

233 1227 345 1250 eorum
380 1217 539 1261 praediis,
574 1217 693 1254 bortis,
727 1217 861 1260 aliisque
898 1217 977 1249 lovis

233 1269 353 1303 eisdem
373 1269 467 1303 sociis
482 1270 593 1303 baberi
608 1271 779 1307 concessis,
797 1276 848 1303 aut
865 1271 974 1306 debis,

234 1333 316 1367 quae
334 1323 394 1356 sibi
415 1334 473 1368 pro
487 1324 673 1357 huiusmodi
690 1324 795 1360 rebus,
814 1325 974 1361 domibus,

235 1377 390 1420 collegiis,
407 1377 523 1410 lociset
541 1378 641 1410 hortis
654 1378 807 1419 emendis,
819 1389 978 1422 pei-quas-

235 1440 374 1474 cumque
394 1440 549 1474 personas
562 1440 621 1474 pro
639 1436 784 1474 tempore
806 1432 905 1473 legati
925 1437 979 1464 aut.

235 1483 374 1528 relinqui
387 1484 583 1525 contigisset,
608 1490 636 1517 et
657 1485 727 1517 aliis
742 1485 834 1517 bonis
849 1485 981 1528 quibus-

237 1548 375 1581 cumque
395 1548 453 1582 per
473 1537 590 1571 dictam
613 1538 804 1571 Societatem
826 1544 851 1570 et
882 1538 980 1582 ipsius

237 1591 372 1634 collegia
402 1591 555 1636 possessis
589 1598 620 1624 et
650 1592 808 1630 obtentis,
837 1592 978 1635 aliquam

236 1643 395 1677 decimam
418 1645 513 1678 etiam
531 1645 678 1688 papalem
701 1645 835 1683 solvere,
853 1656 908 1679 seu
931 1656 981 1678 ca-

236 1698 385 1731 nonicam
397 1698 581 1742 portionem
597 1698 823 1734 exliibere.seu
838 1700 876 1732 ad
890 1710 981 1743 prae-

237 1752 406 1785 stationem
418 1752 684 1796 procurationum
695 1753 876 1795 legatorum
890 1764 983 1797 prae-

238 1805 344 1839 dictae
369 1806 460 1840 Setlis
484 1807 530 1840 vel
558 1807 753 1840 nunciorum
781 1807 900 1851 ipsius,
930 1814 984 1840 aut

238 1858 483 1894 Ordinariorum
495 1861 652 1902 locorum,
665 1866 693 1894 et
708 1861 907 1894 exactionem
923 1862 984 1895 col-

238 1913 406 1955 lectarum,
427 1925 482 1948 seu
504 1915 722 1948 subsidiorum
749 1916 795 1948 vel
818 1916 980 1959 provisio-

238 1977 316 2000 num
335 1977 617 2012 quorumeumque
635 1968 769 2001 minime
784 1974 981 2009 tenerentur,

239 2031 299 2054 nec
318 2021 358 2054 ad
379 2021 410 2054 id
429 2031 486 2065 per
506 2021 626 2055 litteras
647 2021 790 2055 eiusdem
813 2022 913 2060 Sedis.
931 2028 982 2057 aut

239 2074 433 2117 legatorum,
457 2075 504 2108 rel
526 2075 731 2116 nunciorum,
749 2086 803 2109 seu
823 2076 985 2109 dioecesa-

241 2138 357 2162 norum
372 2128 628 2172 praedictorum,
650 2129 884 2173 cuiuscumque
898 2135 987 2163 teno-

243 2181 286 2214 ris
300 2181 415 2223 forent,
429 2182 496 2215 ullo
505 2192 660 2226 umquam
675 2189 821 2226 tempore
836 2183 985 2226 compelli

242 2240 394 2278 possent,
421 2235 481 2268 nisi
515 2235 603 2279 ipsae
633 2236 759 2269 litterae
790 2236 986 2280 apostolicae

244 2288 372 2332 plenam
394 2294 424 2322 et
436 2299 630 2332 expressam,
648 2300 684 2322 ac
698 2290 738 2322 de
752 2289 850 2322 verbo
864 2290 903 2322 ad
920 2300 988 2322 ver-

245 2341 321 2374 bum
335 2342 373 2375 de
387 2342 511 2376 indulto
523 2348 553 2376 et
567 2342 773 2376 concessione
788 2343 984 2383 huiusmodi,

246 2404 283 2428 ac
296 2395 335 2428 de
349 2405 461 2429 eorum
475 2396 595 2429 Ordine
609 2395 807 2429 mentionem
827 2396 985 2435 t'eeisse1113

247 2453 288 2489 et,
305 2448 330 2482 si
351 2449 431 2482 sorte
448 2460 507 2493 per
526 2449 630 2493 ipsum
646 2449 779 2482 Paulum
797 2449 988 2493 praedeces-

247 2511 352 2535 sorem
377 2503 425 2536 vel
452 2503 570 2537 dictam
596 2502 713 2537 Sedem
735 2503 773 2536 de
793 2502 853 2546 piis
877 2502 990 2545 legatis

249 2554 411 2599 dispositis
424 2561 455 2590 et
470 2556 602 2595 relictis,
620 2557 650 2589 in
672 2566 789 2598 genere
804 2556 851 2589 vel
870 2555 901 2588 in
920 2566 990 2599 spe-

251 2609 309 2649 cie,
332 2609 468 2650 decima,
492 2610 539 2643 vel
566 2610 628 2643 alia
653 2609 771 2653 portio,
799 2620 854 2642 seu
876 2615 989 2653 quarta

253 2662 341 2695 alteri
363 2663 434 2706 piae
454 2664 500 2696 vel
528 2673 591 2697 non
617 2663 687 2707 piae
713 2673 827 2697 causae
848 2672 986 2706 quomo-

1644 238 1717 278 'tau

1006 307 1124 338 delibet
1152 311 1283 339 eatenus
1309 316 1479 339 concessae
1506 305 1634 338 luissent
1651 304 1671 344 ¹,
1701 305 1748 337 rel

1007 358 1093 391 illam
1118 359 1327 402 imposterum
1355 359 1487 392 concedi
1509 369 1564 391 seu
1583 358 1673 398 solvi,
1697 363 1748 390 aut

1007 411 1088 449 dari,
1118 412 1262 445 mandari
1290 412 1492 454 contigisset,
1518 411 1621 445 socios
1647 411 1750 444 dictae

1008 465 1186 506 Societatis,
1200 477 1235 498 ac
1252 466 1379 499 illorum
1393 467 1544 499 doneset
1558 466 1641 499 bona
1655 475 1752 509 quae-

1009 529 1159 563 cumque,
1177 525 1204 551 et
1228 519 1272 552 cis
1286 521 1389 561 legata
1407 526 1434 552 et
1460 519 1579 560 relicta,
1601 525 1655 552 aut
1675 518 1752 551 alias

1010 571 1164 605 incorum
1181 573 1321 605 savorem
1341 572 1505 616 disposita,
1522 572 1552 604 in
1572 571 1752 605 concessio-

1009 626 1102 659 nibus
1113 631 1144 659 et
1156 626 1316 659 mandatis
1326 626 1510 659 huiusmodi
1523 626 1655 659 mininie
1665 636 1752 659 com-

1009 680 1165 723 prehendi
1192 679 1368 713 decrererit
1394 686 1422 712 et
1449 680 1601 721 voluerit,
1627 679 1687 713 nisi
1714 679 1752 713 de

1010 734 1097 778 ipsis,
1121 744 1157 767 ae
1178 734 1343 777 praedicto
1373 734 1503 767 decreto
1525 740 1556 767 et
1575 734 1749 774 voluntate,

1010 798 1074 820 non
1095 798 1153 831 per
1174 787 1332 819 clausulas
1347 787 1511 829 generales
1526 787 1610 819 idem
1630 786 1752 830 impor-

1011 847 1125 881 tantes,
1147 841 1200 874 sed
1223 851 1297 874 vera
1323 847 1352 874 et
1374 851 1523 885 expressa
1553 846 1649 885 atque
1675 851 1750 885 spe-

1011 894 1102 928 cifica
1128 895 1250 928 mentio
1278 895 1366 928 tieret
1394 895 1423 927 iu
1452 895 1592 935 eisdem,
1622 900 1649 927 ct
1677 894 1753 927 alias

1011 954 1103 992 prout
1129 948 1159 981 in
1181 948 1295 981 litteris
1310 948 1492 992 apostolicis
1507 948 1649 981 eiusdem
1663 947 1753 980 Pauli

1011 1002 1268 1046 praedecessoris
1286 1002 1345 1034 sub
1367 1002 1475 1035 datum
1499 1012 1583 1034 anno
1604 1002 1753 1034 lucarna-

1013 1055 1108 1088 tiouis
1130 1055 1315 1088 Dominieae
1334 1065 1468 1095 unxrix,
1493 1054 1619 1087 decimo
1640 1053 1753 1097 quinto

1013 1110 1165 1142 kalendas
1179 1109 1364 1142 novembris
1386 1108 1592 1152 Itourisa-atus
1606 1107 1653 1141 sui
1669 1117 1753 1140 anno

1014 1173 1053 1196 xv
1078 1162 1273 1206 expeditis²z

1057 1216 1120 1259 §⁹3-
1146 1217 1290 1259 tlumque
1316 1216 1442 1256 deinde,
1469 1216 1659 1249 recolendae
1686 1226 1753 1249 me-

1766 257 1812 281 λιι.
1836 257 1851 279 1Ῐ
1882 258 1949 283 1005

1013 1270 1134 1302 moriae
1156 1270 1211 1303 Pio
1226 1270 1329 1313 Papae
1344 1269 1380 1302 lx*
1400 1279 1458 1313 pro
1473 1275 1564 1313 parte
1579 1268 1753 1312 praepositi
1771 1272 1842 1309 ’,Ἶῇῗζᾞ
1856 1272 1859 1284 ¹
1873 1271 1945 1311 ,⁸5:¹¹

1013 1324 1170 1366 generalis
1192 1330 1219 1357 et
1242 1324 1408 1356 universae
1427 1323 1594 1357 Societatis
1607 1323 1755 1366 praedic·
1781 1325 1838 1364 '³¹32'
1872 1352 1875 1363 ,

1014 1383 1062 1409 tae
1083 1377 1238 1421 exposito,
1254 1377 1340 1421 quod
1356 1376 1502 1421 quamvis
1515 1376 1619 1409 dictus
1638 1376 1756 1409 Paulus
1780 1379 1807 1418 ’,ἵζ’
1819 1378 1874 1391 ’“““’“

1013 1431 1243 1475 praedecessor
1253 1431 1398 1463 eamdem
1408 1430 1612 1470 Societatem,
1623 1430 1755 1473 eiusque

1013 1495 1166 1528 personas
1192 1495 1208 1517 a
1233 1484 1431 1517 decimarum
1459 1489 1487 1516 et
1510 1483 1645 1516 aliarum
1672 1493 1754 1526 qua-

1015 1548 1230 1581 rumcumque
1252 1537 1495 1580 impositionum
1511 1536 1671 1570 solutione
1686 1546 1757 1569 exe-

1016 1591 1134 1627 misset,
1152 1591 1226 1634 quia
1250 1597 1354 1623 tamen
1371 1590 1400 1623 id
1424 1590 1550 1623 disertis
1570 1589 1676 1623 verbis
1693 1599 1756 1622 non

1015 1644 1184 1678 videbatur
1205 1644 1410 1688 explicatum,
1432 1655 1492 1677 nce
1512 1654 1577 1677 nou
1598 1643 1629 1676 in
1651 1653 1759 1676 exem-

1016 1698 1125 1742 ptione
1144 1698 1205 1731 illis
1226 1700 1375 1731 concessa
1396 1697 1581 1730 huiusmodi
1603 1697 1642 1730 de
1656 1696 1759 1730 domi-

1018 1752 1075 1785 bus
1096 1751 1296 1796 probationis
1317 1758 1344 1785 et
1368 1751 1510 1794 collegiis
1531 1751 1675 1784 eiusdem
1701 1750 1759 1783 So-

1017 1805 1151 1845 cietatis,
1163 1815 1227 1838 non
1242 1810 1349 1838 tamen
1366 1805 1584 1848 professorum
1596 1803 1757 1843 domibus,

1018 1870 1099 1902 quae
1122 1858 1206 1891 iuxta
1224 1858 1385 1901 regularia
1406 1858 1491 1897 illius
1512 1857 1656 1891 instituta
1676 1857 1761 1890 bona

1018 1913 1144 1945 stabilia
1162 1912 1292 1953 liabent,
1315 1918 1369 1945 aut
1385 1912 1504 1946 babere
1522 1916 1667 1956 possunt,
1691 1920 1762 1954 spe-

1019 1967 1107 2000 cialis
1122 1966 1243 2000 mentio
1262 1968 1340 1999 sacta
1363 1967 1475 2007 suerat,
1493 1965 1671 1999 molestiam
1687 1964 1762 2007 ipsis

1020 2020 1144 2061 inferri,
1165 2032 1200 2053 ac
1222 2021 1335 2053 domos
1355 2020 1556 2064 probationis
1577 2025 1607 2052 et
1628 2018 1762 2061 collegia

1021 2074 1120 2118 ipsius
1133 2074 1300 2108 Societatis
1314 2085 1410 2118 super
1429 2073 1633 2118 exemptione
1654 2072 1762 2105 liuius-

1021 2127 1108 2161 modi
1138 2127 1321 2171 perturbari
1352 2138 1458 2171 posse,
1483 2133 1629 2171 tempore
1650 2136 1763 2170 proce—

1022 2181 1129 2219 dente,
1149 2181 1314 2221 timebant‘,
1332 2181 1453 2214 idcirco
1473 2179 1763 2224 supplicationibus

1022 2234 1196 2278 praepositi
1218 2234 1377 2276 generalis
1399 2240 1427 2267 et
1446 2234 1615 2267 Societatis
1636 2232 1763 2277 praedi-

1023 2292 1147 2321 ctorum
1165 2288 1347 2324 inclinatus,
1365 2287 1531 2331 privilegia
1545 2293 1573 2320 et
1588 2285 1763 2329 exemptio·

1023 2351 1108 2377 nem,
1125 2346 1166 2376 et,
1193 2352 1264 2373 cum
1288 2341 1438 2373 omuibus
1459 2347 1486 2373 et
1510 2340 1644 2382 sing-ntis
1664 2339 1695 2372 in
1719 2339 1762 2371 eis

1058 2448 1070 2474 t
1096 2447 1138 2474 Vel
1160 2448 1301 2483 lvgendum
1321 2455 1448 2475 concessa
1476 2447 1587 2482 fuisset.
1610 2446 1650 2473 vel
1672 2450 1765 2481 postea

1024 2491 1090 2519 illas
1110 2500 1162 2519 nou
1185 2493 1264 2519 ittam
1288 2493 1431 2527 legendum
1453 2493 1558 2518 ridetur
1577 2492 1614 2526 (n.
1632 2493 1678 2524 ⁵12).

1059 2537 1075 2562 2
1099 2537 1215 2564 Litterae
1244 2538 1318 2564 Pauli
1344 2537 1380 2564 lll
1408 2537 1441 2564 de
1467 2537 1600 2563 Societate
1626 2535 1684 2563 lesu
1714 2537 1764 2564 sub

1024 2581 1160 2616 praedicta
1177 2581 1237 2608 data
1258 2582 1384 2616 leguntur
1399 2582 1424 2607 in
1444 2581 1530 2615 nult,
1550 2585 1613 2607 tom.
1631 2588 1666 2612 vi,
1689 2581 1714 2607 b.
1738 2590 1762 2608 u.

1024 2625 1101 2658 edit..
1119 2634 1179 2661 pag.
1197 2627 1259 2658 394,
1278 2630 1303 2653 et
1320 2625 1472 2652 huiusmodi
1485 2625 1672 2660 exemptiones
1684 2627 1765 2651 conti-

1025 2674 1122 2698 nentur
1138 2670 1202 2697 ibid.
1226 2671 1285 2705 5⁶22
1306 2677 1332 2700 (κ
1361 2677 1407 2704 ΤΑ),
