2227 3241
39 232 88 260 An.
100 231 128 259 C.
151 231 219 259 1604

67 829 130 851 Cuius
140 828 221 849 institu-

41 858 117 878 tiunem
146 861 221 882 appro-

41 884 105 905 bavit.

62 1796 132 1818 Edem
142 1801 179 1822 pro
190 1795 231 1816 col-

50 1823 104 1849 legio
119 1823 139 1843 in
161 1823 232 1848 platea

50 1849 147 1871 Seianae
182 1854 233 1869 con-

50 1875 105 1900 duci,
113 1880 232 1902 puerosque

50 1903 78 1950 {ibi
86 1903 183 1924 collocari
192 1905 231 1923 stu.

66 1932 92 1951 et.

859 233 1005 257 CLEMENS
1027 234 1083 258 vul
1107 237 1152 259 PP.

235 281 318 315 binis
338 281 424 315 illius
450 292 630 326 puerorum
659 282 852 322 seminariis,
883 281 975 314 alteri

235 334 382 368 videlicet
415 336 621 370 ecelesiastici
656 336 688 369 in
724 336 973 380 exequutionem

234 388 367 422 Concilii
386 389 586 429 Tridentini,
617 390 710 423 alteri
733 400 808 423 vero
829 390 901 423 laici
923 401 975 423 or-

235 441 331 482 dinis,
346 453 406 486 pro
420 443 638 476 sollicitudine
656 450 685 477 et
700 443 845 487 impensa
859 444 976 488 Reipu-

235 495 338 528 blicae
359 496 497 529 Venetae
523 496 650 538 erectis,
674 508 747 530 cum
767 507 896 530 summo
922 497 973 530 iu-

235 551 373 584 ventutis
407 551 494 584 bono
524 557 554 585 et
581 551 680 595 ipsius
711 552 976 595 Congregationis

235 604 518 638 commendatione
532 605 709 649 praefuisse
722 611 752 638 et
766 606 871 639 adbuc
885 616 977 650 prae-

236 667 321 698 esse,
345 657 418 691 illos
438 658 573 692 idoneos
594 659 806 693 iudicavimus
831 670 912 703 quos
937 659 977 692 ad

235 720 317 744 onus
330 710 391 745 hoe
409 722 505 754 grave
519 718 549 745 et
566 713 703 746 arduum
725 723 973 746 assumeremus.

235 764 383 808 Hincque
408 766 514 810 primo
542 766 664 800 inducti
693 767 927 801 institutionem
949 773 979 801 et

235 817 460 852 fundationem
489 820 592 854 dietae
622 821 898 864 Congregationis,
919 821 978 854 sub

237 881 322 905 anno
333 872 461 906 Domini
473 873 646 907 millesimo
656 875 914 918 quingentesimo
926 885 980 908 no-

238 925 403 968 nagesimo
423 933 538 971 quarto
554 956 561 968 ,
585 928 761 972 apostolica
788 928 979 962 anctoritate

238 979 490 1023 approbavimus
508 987 538 1014 et
551 981 827 1023 confirmavimus,
844 993 980 1026 eamque

240 1033 355 1077 amplis
374 1035 512 1069 decretis
532 1042 563 1070 et
583 1037 760 1081 privilegiis
780 1038 977 1074 ornavimus:

239 1086 357 1121 deinde
370 1099 457 1129 vero,
467 1090 506 1124 de
518 1101 602 1124 anno
617 1091 759 1124 eiusdem
772 1092 899 1125 Domini
915 1092 982 1124 mil-

240 1140 354 1175 lesimo
364 1143 625 1186 quingentesimo
635 1145 844 1188 nonagesimo
857 1146 980 1189 quinto,

241 1194 335 1228 dictis
365 1198 517 1240 praelatis
542 1199 690 1233 videlieet
714 1200 810 1233 aedes
837 1200 868 1232 in
897 1199 981 1233 Urbe

242 1248 281 1280 ad
302 1249 364 1283 hoo
382 1257 529 1284 nostrum
551 1258 702 1296 coeptum
725 1264 858 1297 capaces
876 1260 905 1286 ct
924 1264 981 1297 op-

241 1310 397 1345 portunas
417 1305 476 1337 sub
494 1305 649 1349 pensione
663 1309 770 1339 annua
784 1307 979 1347 conducere,

242 1467 440 1509 gregationis
465 1467 668 1500 committere
694 1474 846 1501 curarent
872 1468 980 1501 iniunr-

242 1520 357 1561 ximus,
372 1520 532 1564 simulque
546 1531 706 1553 summam
723 1521 809 1554 mille
820 1527 983 1555 scutorum

244 1628 435 1668 solveretur,
452 1634 480 1661 et
496 1628 593 1662 aedes
607 1629 693 1672 ipsae
707 1628 986 1672 suppellectilibus

245 1682 285 1715 ad
311 1681 505 1715 domesticos
534 1693 610 1715 usus
637 1682 827 1715 necessariis
849 1682 986 1715 instrue-

246 1741 366 1777 rentur,
380 1746 415 1769 ex
430 1735 646 1780 chirographo
661 1742 771 1769 nostro
786 1737 986 1770 donavimus.

247 1843 415 1877 Iaeobatiis
436 1843 467 1876 in
489 1844 593 1888 platea
612 1844 757 1877 Seiarrae
777 1844 880 1877 dietae
896 1844 989 1877 Urbis

247 1896 306 1929 sub
327 1897 481 1940 pensione
498 1900 605 1931 annua
622 1903 837 1931 trecentorum
856 1903 882 1930 et
903 1896 989 1930 octo-
1006 1909 1008 1915 ⁸

249 1949 336 1991 ginta
361 1958 526 1984 scutorum
553 1951 709 1984 similium
730 1951 929 1989 conductae,
954 1955 1008 1983 ae:

250 2003 281 2036 in
302 2004 347 2038 eis
367 2004 523 2037 habitatio
545 2004 742 2037 Clerieorum
765 2011 793 2037 et
813 2015 988 2048 puerorum

249 2058 490 2101 praedictorum
520 2059 559 2092 ad
581 2058 679 2092 instar
700 2059 827 2101 collegii
847 2058 988 2102 primum

249 2111 432 2144 constituta.
450 2111 579 2151 Verum,
597 2118 760 2145 crescente
779 2112 892 2145 indies
912 2112 990 2144 inibi

249 2165 471 2198 convictorum
494 2176 642 2205 numero,
663 2177 793 2199 necesse
814 2165 874 2198 suit
894 2166 989 2198 etiam

249 2228 421 2251 numerum
434 2219 676 2261 magistrorum,
702 2219 875 2262 praesecto!
887 2230 939 2251 tun
961 2225 989 2251 ct

251 2272 448 2304 famulorum
472 2282 609 2313 augere;
642 2273 682 2304 ob
711 2273 798 2316 quod
820 2271 914 2305 cum¹
933 2283 991 2304 nec

251 2324 355 2358 dictae
375 2326 471 2358 aedes
499 2336 553 2359 eos
583 2326 722 2369 amplius
743 2326 913 2358 commode
934 2336 989 2358 ca-

251 2389 339 2422 pere,
363 2390 423 2413 nec
440 2380 526 2414 solae
544 2380 716 2424 pensiones
737 2386 932 2419 menstruae,
953 2380 992 2412 ab

254 2431 374 2466 eisdem
406 2434 645 2467 convictoribus
676 2434 772 2477 pendi
802 2433 925 2471 solitae,
954 2433 993 2466 ad

255 2495 366 2527 graves
386 2493 543 2530 sumptus,
569 2493 631 2521 tam
655 2498 712 2531 pro
733 2497 845 2520 eornm
868 2498 904 2519 ac
926 2497 993 2519 ma-

256 2538 428 2580 gistrorum
447 2546 477 2574 et
494 2541 731 2584 praefectorum
754 2539 993 2584 praedictorum

295 2658 306 2682 t
330 2657 456 2684 Mendose
472 2658 535 2684 mut,
555 2657 574 2683 tt
587 2659 632 2684 ninv
652 2657 730 2685 batn-t
749 2661 804 2684 tuin
822 2656 859 2682 (n.
878 2662 891 2682 τ
907 2656 923 2689 j),

1679 224 1716 257 91

1008 285 1253 323 sustentatione,
1271 294 1368 328 quam
1383 283 1542 317 dictarum
1562 283 1691 317 aedium
1706 283 1753 316 lo-

1009 338 1147 379 catione,
1171 345 1201 371 et
1221 339 1299 372 alias
1320 338 1537 372 diversimode
1559 337 1678 380 iugiter
1697 348 1751 370 su-

1010 391 1155 425 beundos
1173 392 1321 425 sufficere
1344 398 1491 436 possent,
1515 402 1574 424 nos
1594 391 1750 435 palatium

1768 233 1819 260 An.
1834 233 1864 261 C.
1885 233 1953 261 1604

1801 400 1901 425 Ampliori
1918 401 1954 420 do-

1724 444 1729 449 .
1768 432 1801 447 mo
1810 428 1881 452 empta
1892 428 1954 447 cotte-

1010 444 1048 477 de
1063 438 1181 488 Popilis
1201 451 1437 489 nuncupatum,
1455 445 1486 478 in
1502 446 1608 489 platea
1625 445 1752 478 Nicosra

1010 499 1049 531 ad
1064 498 1184 531 llumen
1197 499 1348 543 Tyberim
1363 500 1449 532 iuxta
1462 510 1536 532 suos
1551 499 1631 532 fines
1644 499 1753 540 situm,

1011 557 1040 584 et
1061 552 1297 585 subhastationi
1323 563 1360 585 ex
1385 553 1514 586 decreto
1536 553 1647 586 Curiae
1676 563 1752 596 sup-

1010 606 1162 649 positum,
1172 617 1189 639 a
1203 606 1320 639 dilecto
1333 606 1400 640 filio
1414 607 1564 640 Gamerae
1579 612 1708 640 nostrae
1719 607 1755 639 Α-

1012 659 1186 702 postolicae
1203 660 1424 693 commissario
1440 660 1594 702 generali,
1609 660 1753 693 eiusdem

1011 713 1162 747 Gamerae
1183 713 1325 753 nornine,
1354 713 1458 757 pretio
1486 714 1637 747 undecim
1667 713 1754 746 mille

1012 772 1177 799 scutorum
1192 766 1358 806 similium,
1374 767 1423 799 via
1437 766 1688 800 subliastationis
1702 767 1756 799 ltu-

1013 820 1151 854 iusmodi
1180 821 1262 861 emi,
1286 826 1314 853 et
1337 820 1453 853 deinde
1474 832 1533 864 pro
1560 820 1756 854 instituendo

1014 874 1132 907 ibidem
1148 874 1290 916 Collegio
1307 874 1507 908 clementino
1523 874 1753 918 nuncupando,

1014 939 1073 972 pro
1093 940 1152 961 usu
1182 933 1213 961 et
1244 928 1445 961 habitatione
1469 928 1703 961 saecularium¹
1727 934 1757 960 et

1015 982 1235 1015 convictorum
1259 983 1289 1015 in
1309 993 1346 1015 eo
1363 982 1686 1023 introducendorum,
1701 991 1758 1025 per

1016 1036 1168 1069 dilectum
1182 1035 1285 1068 silium
1300 1042 1446 1069 nostrum
1457 1037 1591 1069 Paulum
1607 1035 1757 1068 Emilium

1017 1090 1099 1123 tituli
1124 1090 1224 1123 sancti
1254 1091 1393 1123 Marcelli
1416 1096 1531 1133 (tunc,
1555 1100 1615 1133 pro
1641 1089 1758 1122 dilecto

998 1143 1111 1182 ,etiam
1131 1143 1197 1176 filio
1215 1150 1326 1177 nostro
1348 1145 1442 1177 Petro
1461 1143 1562 1176 sancti
1583 1143 1705 1175 Nicolai
1728 1143 1757 1175 in

1017 1208 1146 1231 carcere
1167 1198 1304 1231 diacono
1326 1197 1493 1236 cardinali,
1515 1196 1759 1229 Aldobrandino

999 1258 1215 1295 «nuncupato,
1236 1251 1266 1284 S.
1284 1252 1319 1283 R.
1340 1251 1373 1283 E.
1392 1250 1582 1291 camerario,
1601 1256 1630 1283 et
1648 1256 1759 1283 nostro

1000 1305 1195 1344 ,secundum
1218 1315 1348 1338 carnem
1372 1315 1408 1337 ex
1429 1305 1524 1337 fratre
1546 1309 1676 1347 nepote,
1704 1303 1760 1347 qui

242 1368 279 1390 ae
298 1368 474 1401 puerorum
497 1365 525 1392 et
547 1360 801 1393 adolescentium
821 1361 851 1393 in
873 1361 918 1393 eis
936 1372 984 1393 re·
1000 1365 1002 1401 ζ
1018 1358 1107 1391 Sedis
1128 1358 1333 1402 Apostolicac
1355 1359 1394 1391 de
1423 1358 1521 1391 latere
1548 1358 1654 1399 Legati
1683 1367 1757 1389 inu-

242 1412 466 1456 cipiendorum
492 1424 603 1446 curam
629 1414 758 1447 Clericis
780 1414 884 1447 dictae
901 1415 983 1447 Con·
1001 1405 1003 1447 ἶ
1020 1424 1096 1446 nere
1118 1414 1148 1445 in
1171 1423 1271 1455 regno
1292 1412 1464 1451 Franciae,
1494 1422 1551 1455 pro
1573 1411 1760 1453 gravissimo

1001 1467 1266 1510 ‚componendae
1303 1466 1386 1498 inter
1418 1465 1580 1509 principes
1609 1464 1758 1497 christia-

1002 1531 1078 1554 =nos
1096 1520 1182 1564 pacis
1203 1520 1352 1562 negocio,
1377 1519 1592 1557 detinebatur,
1618 1518 1763 1551 ciusdem

245 1580 406 1616 monetae,
438 1585 477 1608 ex
505 1575 623 1618 quibus
654 1576 768 1619 pensio
797 1575 984 1608 huiusmodi
1002 1574 1004 1615 ἶ
1021 1574 1050 1607 S.
1070 1575 1104 1607 R.
1130 1574 1161 1606 E.
1186 1573 1504 1613 vice-camerarium)
1528 1583 1563 1605 ex
1581 1571 1677 1605 simili
1696 1571 1763 1605 cbi-

1021 1627 1184 1671 rograplio
1205 1633 1316 1660 nostro
1338 1632 1495 1670 perpetuo
1516 1631 1547 1658 et
1564 1625 1761 1658 irrevocabi-

1023 1681 1095 1714 liter
1115 1681 1226 1714 donari
1250 1680 1400 1713 iussimus
1426 1685 1456 1712 et
1482 1690 1539 1712 seu
1560 1678 1763 1717 donavimus,

1005 1772 1007 1775 ξ
1024 1741 1119 1778 prout
1141 1735 1171 1766 in
1193 1734 1312 1767 nostris
1330 1744 1427 1777 super
1445 1732 1693 1766 confirmatione
1708 1732 1766 1764 liu—

247 1789 455 1833 Fueruntque
488 1790 548 1823 hoc
573 1795 667 1833 pacto
693 1790 788 1823 aedes
813 1801 926 1823 eorum
949 1791 1007 1832 (ἱρ-Ἰ

1025 1789 1163 1821 insmodi
1185 1787 1340 1821 confectis
1362 1787 1486 1825 litteris,
1511 1797 1546 1819 ac
1566 1786 1634 1829 ipso
1656 1785 1763 1818 chiro-

1024 1842 1148 1885 grapho
1168 1847 1198 1874 et.
1214 1841 1363 1884 publicae
1381 1840 1565 1874 donationis
1580 1839 1765 1872 huiusmodi

1026 1895 1241 1928 instrumento
1261 1895 1387 1939 plenius
1401 1894 1594 1927 continetur.
1619 1893 1695 1925 Inde
1716 1903 1767 1925 su-

1026 1949 1108 1981 blata
1131 1948 1367 1992 aliquantulum
1391 1947 1491 1991 ipsius
1517 1946 1642 1988 collegii
1665 1956 1766 1988 angu-

1007 2003 1096 2040 stia,
1121 2002 1368 2046 compositoque
1391 2001 1476 2033 illius
1494 2006 1577 2034 statu
1597 2000 1627 2032 in
1651 1999 1763 2032 melio-

1026 2066 1092 2088 rem
1127 2061 1263 2095 statum,
1297 2061 1327 2088 et
1359 2065 1514 2087 numerus
1543 2053 1764 2086 convictorum

1027 2110 1068 2141 ibi
1091 2109 1199 2142 dietim
1215 2109 1325 2151 augeri
1341 2115 1543 2152 conspectus,
1565 2113 1595 2140 ct
1616 2118 1665 2139 res
1686 2106 1765 2138 dicti

1027 2163 1151 2205 collegii
1183 2163 1305 2195 t'acilius
1325 2168 1353 2195 et
1379 2161 1565 2205 prosperius
1591 2163 1707 2202 magnit
1728 2170 1764 2191 a-

1027 2217 1105 2249 nimi
1132 2216 1231 2248 nostri
1264 2216 1479 2248 delectatione
1516 2213 1669 2258 progredi
1707 2213 1768 2244 risa

1029 2270 1097 2302 l'uit.
1110 2272 1315 2312 Quapropter
1326 2279 1391 2301 non
1406 2269 1553 2301 obscuris
1570 2266 1769 2309 argumentis

1028 2324 1126 2356 Deum
1148 2323 1307 2366 optimum
1336 2322 1511 2354 maximnm
1533 2321 1609 2353 liuie
1628 2325 1766 2355 nostrae„

1029 2376 1275 2420 qualiscumque
1289 2381 1347 2415 est,
1367 2375 1582 2407 instituendae
1598 2372 1771 2405 iuventutis

1029 2430 1238 2463 sollicitudini
1258 2430 1363 2462 favere
1384 2440 1421 2461 ae
1442 2427 1583 2471 1=00ptis²
1602 2426 1718 2460 nostris
1739 2436 1772 2458 a-

1030 2484 1120 2517 desse
1145 2483 1448 2527 deprehendentes,
1483 2481 1540 2525 ipsi
1571 2481 1648 2513 uni³
1680 2480 1770 2523 operi

1068 2566 1077 2591 1
1102 2565 1201 2591 Forsan
1216 2564 1362 2599 legendum
1377 2562 1554 2590 scholarium
1574 2569 1607 2591 ,tr
1626 2562 1672 2595 T.).

1067 2610 1082 2636 ⁶2
1103 2609 1162 2635 Err.
1181 2608 1246 2635 edit.
1265 2608 1346 2635 Main.
1364 2609 1416 2642 leg,
1435 2607 1558 2641 acceptis
1574 2606 1773 2640 uost1·is(ss.‘r.)

1068 2656 1082 2680 ἷῐ
1099 2654 1222 2682 Fortasse
1234 2653 1377 2688 legendum
1390 2652 1456 2679 linin-
1470 2651 1511 2677 ubi
1525 2651 1624 2685 legitur
1637 2652 1771 2685 uui(tt.'1·„

1768 454 1832 483 ginm*
1843 454 1954 483 Clementi-

1768 486 1848 510 numm
1860 486 1884 501 eu
1898 484 1956 501 tusu-

1769 510 1814 527 tuit.
