2227 3241
39 245 86 274 An.
106 245 136 272 C.
157 244 224 273 ¹605

234 292 500 337 interpretatione
531 294 771 338 tranquillitatis
800 301 830 328 et
862 295 979 339 quietis

235 345 367 379 effectus
393 346 515 380 turbari
540 348 651 391 possit,
674 353 803 382 nostrae
833 349 977 382 declara·

236 398 331 432 tionis
357 399 537 434 ministerio
563 401 779 435 dilucidemus
795 429 802 442 ,
825 408 922 445 prout
946 402 977 435 in

234 451 372 485 Domino
390 453 562 486 salubriter
580 454 796 498 conspicimus
815 454 975 498 expedire.

63 497 219 550 Peqtsupprep-
280 506 297 547 S
324 505 353 538 1.
381 506 565 550 Expositum
592 507 685 540 nobis
709 518 814 551 nuper
838 508 895 540 fuit
919 518 978 552 pro

37 547 220 603 amassetis
235 564 326 602 parte
340 559 447 593 dilecti
466 560 522 593 fini
540 561 703 605 tlyppoliti
717 561 844 604 Frigola
860 562 978 606 prioris

37 600 220 656 ffli‘e'iitiesmcssi'i
235 613 423 656 collegiatae
459 614 611 647 ecclesiae
645 615 757 648 beatae
792 615 909 649 Mariae
940 616 978 649 de

37 653 218 709 {magnaura
234 666 382 700 Cornella
413 667 557 700 Elnensis
590 667 768 709 dioecesis,
793 669 880 712 quod
910 669 978 713 ipsa

235 719 368 753 ecclesia
389 720 583 764 (antequam
614 721 713 754 felicis
744 722 977 755 recordationis

233 773 378 806 Clemens
403 774 489 817 Papa
514 774 579 807 Vlll
606 775 838 818 praedecessor
868 781 977 809 noster

233 827 273 860 ad
291 826 560 871 supplicationem
581 828 687 861 clarae
708 829 884 862 memoriae
902 829 976 862 Phi-

232 880 312 925 lippi
336 880 363 914 ll
388 881 614 925 Hispaniarum
641 882 725 925 regis
746 882 895 916 catholici
913 883 973 917 Or-

232 934 341 968 dinem
377 935 609 968 canonicorum
641 936 840 978 regularium
874 937 974 970 sancti

231 987 405 1030 Augustini
426 988 458 1021 in
479 989 621 1022 ecclesiis
639 995 670 1022 et
682 990 886 1023 monasteriis
901 996 977 1024 tunc

231 1042 375 1075 eiusdem
390 1041 523 1078 Ordinis
546 1043 747 1087 principatus
771 1044 975 1078 Cathaloniae

230 1095 381 1139 illiusque
407 1100 525 1129 statum
547 1102 577 1130 et
598 1097 769 1130 essentiam
792 1098 974 1139 regularem

230 1160 267 1182 ex
292 1149 413 1182 eisdem
445 1149 586 1183 ecclesiis
611 1156 642 1183 et
669 1151 871 1184 monasteriis
895 1162 971 1194 per-

228 1207 327 1246 petuo
347 1203 564 1247 suppresserit
584 1208 614 1236 et
627 1204 806 1244 extinxerit,
825 1205 974 1248 ipsasque

223 1256 379 1290 ecclesias
400 1261 430 1289 et
451 1257 646 1290 monasteria
667 1258 707 1290 ad
736 1262 855 1290 statum
878 1264 908 1291 et
927 1269 974 1291 es-

227 1309 364 1343 sentiam
385 1310 586 1344 saecularem
617 1311 801 1351 reduxerit,
825 1318 919 1355 prout
942 1312 972 1345 in

227 1363 326 1408 ipsius
356 1364 614 1407 praedecessoris
646 1365 784 1408 desuper
818 1366 972 1409 expeditis

226 1417 341 1451 litteris
358 1417 485 1461 plenius
506 1417 689 1451 continetur
702 1418 723 1459 ¹)
738 1418 866 1452 Ordinis
880 1430 972 1462 prae-

226 1471 303 1505 dicti
329 1471 498 1511 existebat,
523 1477 564 1512 et‚
593 1477 783 1505 occurrente
810 1472 972 1506 vacatione

226 1525 475 1559 canonicatuum
497 1531 528 1558 et
552 1526 812 1569 praebendarum
839 1533 866 1559 et
891 1527 971 1559 alio-

226 1590 297 1613 rum
317 1579 498 1613 officiorum
520 1579 624 1612 dictae
652 1580 839 1623 collegiatae
871 1581 971 1614 eccle-

227 1633 310 1674 siae,
333 1643 463 1677 semper
488 1633 527 1666 ab
547 1633 797 1667 immemorabili
826 1640 971 1679 tempore

228 1687 319 1729 citra,
339 1688 434 1722 salvis
456 1693 562 1722 tamen
584 1689 856 1723 reservationibus
877 1695 907 1723 et
924 1690 970 1723 af-

228 1741 418 1775 fectionibus
449 1741 653 1785 apostolicis,
678 1752 695 1775 a
726 1742 835 1786 priore
867 1742 971 1776 dictae

228 1795 416 1838 collegiatae
449 1795 602 1828 ecclesiae
631 1806 690 1839 pro
724 1802 869 1840 tempore
901 1797 968 1829 exi-

227 1854 331 1883 stente
349 1849 388 1882 de
406 1848 468 1882 illis
489 1849 615 1893 disponi
637 1850 857 1896 consueveritf,

44 1914 211 1946 Αριεηηόωω
273 1904 289 1945 S
310 1901 340 1936 2.
368 1903 458 1936 Nunc
484 1913 571 1943 vero,
589 1909 661 1947 post
682 1903 904 1936 reductionem
931 1904 970 1936 ad

32 1941 212 1998 {l'lll‘s’pn‘ltnssltiss
227 1956 483 1991 saecularitatem
498 1957 694 1999 huiusmodi⁷
705 1957 897 1991 venerabilis
910 1958 971 1990 fra-

0 1994 11 2064 Ι
31 1994 211 2052 l'lffssl'assi'i'issssssl
228 2015 276 2044 ter
293 2010 462 2054 episcopus
482 2011 627 2044 Eluensis
652 2012 841 2054 praetendat
866 2012 970 2044 colla—

1 2072 7 2097 t
31 2049 212 2105 {fflaeqssssssllssss
228 2063 348 2097 tionem
368 2063 497 2097 illorum
514 2064 544 2097 in
563 2065 728 2098 mensibus
746 2065 908 2098 Ordinarii
930 2066 968 2099 ad

1 2106 9 2145 i
32 2104 210 2154 ssiffifmmoer‘
226 2128 259 2151 se
278 2123 445 2161 spectare,
474 2123 504 2150 et
529 2124 699 2161 propterea
726 2118 816 2151 facile
842 2119 968 2152 evenire

224 2170 327 2215 possit
346 2176 381 2204 ut
403 2171 510 2215 aliqua
524 2171 637 2204 exinde
655 2172 871 2205 controversia
887 2172 969 2205 inter

225 2224 330 2269 ipsum
344 2224 531 2268 episcopum
544 2225 712 2258 Elncnsem
726 2231 755 2258 et
766 2225 966 2269 praedictum

223 2278 367 2323 priorem
388 2278 585 2311 suboriatur.
613 2279 736 2312 Idcirco
762 2279 864 2312 dictus
885 2280 967 2323 Hyp-

223 2331 343 2376 politus
369 2332 545 2365 modernus
570 2332 660 2376 prior
680 2332 773 2366 nobis
801 2332 967 2365 humiliter

222 2385 396 2429 supplicari
417 2386 501 2427 fecit,
525 2391 559 2419 ut
578 2397 675 2430 super
696 2386 756 2419 lioe
776 2387 815 2420 de
842 2397 963 2430 oppor-

223 2443 319 2472 tunae
340 2439 568 2473 declarationis
585 2440 729 2473 remedio
743 2440 912 2484 providere
927 2442 965 2474 de

222 2491 420 2535 benignitate
441 2493 617 2537 apostolica
639 2493 858 2536 dignaremur.

267 2548 284 2589 5
305 2546 335 2580 3.
359 2547 421 2580 Nos
447 2547 544 2590 igitur
574 2558 702 2581 omnem
729 2548 965 2582 controversiae

15 2571 17 2573 .
53 2554 94 2578 Lao
109 2556 209 2585 declarat,

259 2618 271 2644 1
294 2617 362 2645 Vide
382 2618 471 2645 Const.
493 2625 566 2646 xxvn
587 2619 711 2646 Clemens
731 2619 788 2646 VIII
810 2620 862 2646 iam
885 2620 965 2655 paulo

225 2664 287 2688 ante
303 2661 409 2689 citatam
427 2662 452 2689 in
469 2667 531 2690 nota
547 2663 578 2690 ad
596 2671 657 2699 pag,
675 2664 725 2690 182
746 2669 783 2699 tn.
803 2664 850 2699 T.).

286 2716 364 2743 Butl.
386 2718 462 2745 Rom.
484 2733 517 2737 ——
543 2718 601 2745 Vol.
618 2718 667 2744 XI.
867 2718 900 2745 24

888 248 950 271 LEO
972 248 1002 271 xt
1023 249 1073 271 PP.

1013 297 1214 330 occasionem
1232 298 1314 331 inter
1328 299 1557 333 ecclesiasticas
1570 310 1725 344 personas
1739 312 1755 335 e

1013 350 1119 383 medio
1135 351 1256 389 tollere,
1275 363 1311 385 ac
1324 352 1372 386 ius
1386 364 1479 386 suum
1494 354 1669 398 unicuique
1683 366 1757 389 con-

1012 413 1138 436 seri-are
1153 404 1305 443 volentes,
1323 407 1560 449 praedictarum
1575 408 1754 442 litterarum

1012 457 1182 490 Clementis
1207 459 1466 501 praedecessoris
1492 466 1635 494 tenorem
1661 473 1756 506 prae-

1012 510 1156 543 sentibus
1168 522 1226 554 pro
1239 523 1388 556 expresso
1403 513 1568 555 babentes,
1586 515 1756 560 ipsumque

1013 564 1219 608 llyppolitum
1251 576 1267 598 a
1293 566 1458 608 quibusvis
1490 569 1754 602 excommunica-

1014 617 1119 657 tionis,
1136 619 1357 661 suspensionis
1377 626 1407 652 et
1429 620 1603 663 interdicti,
1621 622 1757 667 aliisque

1013 670 1235 704 ecclesiasticis
1250 672 1426 713 sententiis,
1441 674 1583 708 censuris
1594 675 1755 719 etpoenis‚

1012 734 1029 756 a
1050 724 1120 757 iure
1140 724 1187 757 vel
1209 725 1248 757 ab
1274 725 1426 767 homine,
1451 727 1562 770 quavis
1587 729 1756 764 occasione

1012 777 1059 810 vel
1081 780 1175 810 causa
1203 778 1272 811 latis
1287 808 1294 819 ,
1322 779 1347 811 si
1373 780 1489 823 quibus
1510 782 1756 825 quomodolibet

1012 830 1185 864 innodatus
1210 832 1335 871 existit,
1365 833 1404 866 ad
1430 833 1579 867 effectum
1604 846 1755 879 praesen-

1012 884 1090 917 tium
1123 885 1289 918 dumtaxat
1324 888 1612 930 consequendum,
1638 889 1754 923 harum

1012 937 1094 970 serie
1114 937 1315 971 absolventes
1334 944 1364 971 et
1384 939 1567 972 absolutum
1590 941 1659 974 sore
1680 952 1754 975 cen-

1010 995 1127 1030 sentes,
1149 990 1334 1024 huiusmodi
1356 992 1646 1035 supplicationibus
1661 994 1754 1028 incli-

1010 1037 1298 1084 nati,‘auctoritate
1319 1045 1506 1088 apostolica,
1532 1052 1643 1080 tenore
1663 1057 1755 1091 prae-

1009 1097 1159 1139 sentium,
1184 1098 1407 1139 declaramus,
1431 1105 1529 1143 prout
1556 1100 1650 1134 etiam
1677 1101 1754 1135 alias

1010 1150 1114 1194 ipsum
1133 1151 1330 1185 Clementem
1349 1153 1632 1196 praedecessorem
1653 1154 1755 1188 deela-

1010 1214 1097 1237 rasse
1120 1205 1322 1248 accepimus,
1347 1205 1446 1249 ipsius
1471 1207 1641 1241 Clementis
1661 1219 1754 1251 prae-

1009 1257 1186 1291 decessoris
1213 1258 1400 1292 intentionis
1428 1270 1607 1304 numquam
1635 1261 1749 1301 fuisse,

1008 1322 1065 1354 per
1076 1312 1299 1346 reductionem
1312 1314 1531 1355 ecclesiarum,
1545 1316 1754 1350 monasterio—

1009 1376 1092 1402 rum,
1110 1366 1302 1408 dignitatum
1319 1373 1349 1400 ct
1369 1368 1602 1402 beneficiorum
1624 1369 1753 1403 Ordinis

1009 1425 1038 1452 ct
1055 1420 1257 1464 principatus
1283 1421 1524 1464 praedictorum
1546 1423 1586 1455 ad
1610 1424 1753 1457 saccula-

1008 1472 1146 1513 ritatem,
1163 1473 1202 1505 ab
1221 1473 1340 1506 eisdem
1364 1475 1517 1515 ecclesiis,
1540 1477 1752 1518 monasteriis,

1008 1527 1219 1569 dignitatibus
1248 1533 1277 1561 et
1296 1528 1474 1569 beneficiis,
1499 1529 1748 1571 iurisdictiones,

1007 1581 1258 1624 praerogativas,
1279 1582 1560 1625 praeeminentias,
1584 1584 1752 1628 privilegia

1007 1636 1133 1679 aliaque
1155 1636 1226 1669 iura
1244 1640 1273 1670 et
1291 1637 1515 1671 concessiones
1537 1639 1750 1680 ause1·re,-sed

1007 1689 1247 1731 regularitatem
1268 1696 1391 1723 tantum
1414 1691 1445 1723 in
1467 1692 1512 1724 eis
1533 1692 1747 1736 supprimere,

1007 1743 1127 1787 illaque
1147 1744 1187 1777 ad
1208 1744 1466 1778 saecularitatem
1491 1745 1680 1779 huiusmodi
1701 1758 1750 1780 re-

1007 1797 1142 1836 ducere,
1159 1797 1252 1831 salvis
1266 1809 1394 1842 semper
1414 1799 1447 1832 in
1467 1810 1525 1832 suo
1546 1800 1664 1834 robore
1677 1812 1751 1844 per-

1007 1851 1211 1885 manentibus
1234 1851 1524 1894 iurisdictionibus,
1549 1854 1749 1896 praerogati-

1006 1905 1073 1945 vis,
1102 1906 1387 1948 praeeminemus,
1417 1907 1591 1950 privilegiis
1619 1914 1649 1941 et
1681 1909 1750 1943 aliis

1005 1959 1212 2003 supradictis:
1241 1960 1287 1993 sic
1317 1960 1412 1993 etiam
1447 1961 1563 1995 mentis
1588 1966 1619 1994 et
1644 1962 1748 1996 inten-

1007 2013 1100 2046 tionis
1111 2013 1281 2047 Clementis
1293 2014 1552 2058 praedecessoris
1563 2025 1628 2048 non
1640 2015 1745 2056 fuisse,

1006 2077 1062 2110 per
1076 2067 1296 2101 reductionem
1312 2068 1350 2101 ad
1369 2068 1625 2102 saecularitatem
1645 2070 1748 2104 dictae

1005 2121 1193 2162 collegiatae
1215 2121 1379 2162 ecclcsiae,
1401 2121 1433 2154 in
1455 2121 1563 2166 aliquo
1587 2123 1748 2166 praeiudi-

1005 2185 1076 2207 care
1099 2174 1159 2206 iuri
1181 2175 1367 2208 conserendi
1383 2202 1390 2216 ‚
1419 2176 1506 2219 quod
1527 2181 1599 2209 ante
1629 2176 1745 2210 dictam

1005 2227 1226 2261 reductionem
1254 2229 1293 2261 ad
1314 2229 1515 2272 praedictum
1536 2229 1677 2273 priorem
1700 2230 1746 2263 le-

1003 2281 1113 2324 gitime
1133 2282 1307 2325 spectabat.

1048 2335 1333 2377 §.t.Dece1·nentcs
1344 2340 1516 2379 propterca
1531 2336 1652 2368 dictum
1667 2336 1747 2380 nyp-

1002 2389 1138 2432 politum
1161 2390 1407 2422 modernumct
1428 2399 1486 2433 pro
1514 2395 1657 2432 tempore
1683 2390 1745 2422 exi-

1001 2447 1135 2475 stentem
1157 2442 1299 2486 priorem
1315 2442 1418 2475 dictac
1434 2441 1623 2483 colle‘giatac
1645 2443 1745 2476 eccle-

1001 2495 1065 2528 siae
1078 2506 1136 2539 per
1150 2495 1268 2529 dictum
1285 2495 1470 2539 episcopum
1491 2496 1672 2536 Elncnsem,
1689 2507 1745 2530 seu

1001 2559 1223 2593 quoscumque
1249 2549 1339 2586 alios,
1363 2548 1615 2592 praemissorum
1646 2559 1741 2583 occa-

1000 2603 1090 2637 sione
1116 2604 1296 2644 molestari‚
1325 2603 1528 2647 perturbari,
1557 2603 1739 2647 inquietari,

1001 2658 1047 2690 vel
1062 2657 1224 2701 impediri,
1236 2662 1486 2701 praesentesque
1501 2656 1632 2699 litteras,
1646 2658 1741 2692 etiam

1652 241 1716 276 185
1766 253 1816 280 An.
1839 254 1866 281 c.
1892 255 1958 283 1605

1771 316 1883 337 Clementis
1893 320 1957 339 tuten-

1771 344 1834 364 timuis
1848 344 1912 363 luisse
1922 351 1955 364 no*

1771 371 1819 391 unni
1845 372 1958 395 praeiudi-

1771 403 1846 417 earcin
1857 404 1899 417 iure
1909 404 1956 418 cun·

1771 424 1852 444 sciendi
1879 425 1957 445 loen-:li-

1772 451 1812 471 cia.
1828 453 1863 471 etr.

1788 2356 1837 2377 Clau
1843 2358 1905 2377 sulae.
