2227 3241
49 250 98 280 An.
113 250 141 279 c.
164 249 232 278 1606

571 297 670 331 LVIII.

246 406 339 447 Quod
352 405 511 439 moniales
524 404 791 449 Conqreqalionis
804 403 913 436 beatae
922 402 988 435 Ma-

286 459 358 493 riae
387 459 556 493 Fuliensis
591 457 728 492 Ordinis
765 456 987 492 Cisterciensis

284 514 500 558 perfruantur
523 510 644 556 qratiis
669 515 697 544 et
729 510 988 554 exemptionibus

287 577 308 600 a
330 565 562 610 superioritate
590 564 737 597 aliorum
763 563 987 607 praelatorum

287 618 368 652 dicei
394 617 541 659 Ordinis,
569 617 689 662 quibus
708 616 859 650 monachi
883 616 988 650 dictae

289 671 558 717 Conqreqationis
573 671 748 715 potiuntur
761 669 779 702 ¹.

483 788 595 815 Paulus
616 788 694 821 Papa
713 787 746 822 V,

368 843 404 871 ad
424 844 601 878 perpetuam
620 841 666 870 rei
685 841 866 869 memoriam.

290 944 380 986 Quae
410 943 573 986 regulares
600 951 756 987 personas
784 940 815 974 in
845 940 986 985 aliquam

246 997 498 1032 controversiam
517 1006 553 1029 ex
574 994 837 1030 concessionibus
863 1000 989 1038 aposto-

245 1051 315 1086 licis
335 1061 449 1085 vocare
461 1055 606 1095 possunt,
623 1051 733 1083 nostra
750 1059 808 1082 nos
829 1049 921 1083 decet
934 1059 987 1081 au-

247 1106 394 1140 ctoritate
415 1105 617 1138 submovere.

75 1174 170 1197 clemens
183 1169 232 1192 vm
293 1158 348 1202 §¹-
364 1158 494 1193 Dudum
507 1158 666 1202 siquidem
683 1158 784 1191 felicis
795 1157 990 1190 recordatio-

47 1201 125 1252 ffi‘iinn
137 1203 233 1247 {millii}
247 1212 296 1246 nis
315 1212 461 1247 Clemens
480 1212 566 1256 Papa
586 1211 662 1254 VIII,
683 1211 913 1255 praedecessor
930 1221 989 1244 no-

49 1254 133 1304 ῗὲἓὲῗέίς
156 1252 233 1300 ῗέἶιιῗζῖ
247 1270 323 1306 ster,
342 1264 633 1308 Congregationem
653 1265 861 1297 reformatam
876 1264 990 1297 beatae

50 1308 99 1331 ahos
106 1306 232 1328 reformatae

73 957 194 981 Exordium.

12 1340 14 1346 =
53 1332 227 1360 Congregauonis
247 1320 364 1354 Mariae
390 1319 563 1360 Fuliensis,
595 1319 721 1352 Ordinis
751 1318 986 1359 Cisterciensis,

12 1367 14 1369 ·
49 1361 125 1384 beatae
152 1359 232 1381 Mariae
269 1374 275 1379 .

50 1387 167 1412 raniensis,
196 1393 232 1408 eo·
248 1384 380 1418 elusque
394 1374 595 1418 superiorem
611 1373 806 1416 generalem,
825 1372 990 1406 abbatem-

49 1414 233 1464 :maggae
247 1439 309 1472 que
331 1434 362 1461 et
387 1428 562 1461 monachos
589 1426 774 1460 monasterii
795 1426 907 1460 beatae
928 1427 990 1459 Ma-

247 1481 314 1515 riae
325 1480 481 1515 Fuliensis
501 1480 700 1522 huiusmodi,
718 1481 749 1513 in
762 1490 826 1524 quo
845 1480 986 1524 primum

246 1534 342 1568 huius
355 1534 618 1577 Congregationis
638 1533 795 1576 regularis
816 1533 989 1567 observan-

246 1588 290 1622 tia
306 1594 337 1622 et
348 1588 537 1622 reformatio
558 1588 744 1621 introducta
762 1588 876 1628 suerat,
893 1587 988 1621 alios-

246 1652 308 1686 que
333 1641 499 1675 universos
521 1651 632 1675 eorum
652 1641 794 1681 abbates,
812 1641 988 1674 monachos

247 1700 278 1729 et
297 1695 475 1738 religiosos,
497 1705 674 1739 eorumque
698 1694 902 1735 monasteria,
932 1694 988 1727 do-

247 1759 327 1791 mos,
349 1749 509 1793 grangias,
526 1749 596 1783 loca
617 1755 647 1783 et
660 1749 746 1782 bona
764 1759 988 1793 quaecumque

248 1808 323 1836 tunc
342 1803 524 1848 praesentia
545 1808 575 1837 et
595 1804 710 1844 sutura,
727 1803 767 1836 ab
787 1802 875 1836 omni
893 1813 988 1847 supe-

248 1857 414 1898 rioritate,
436 1858 669 1899 iurisdictione,
698 1857 869 1900 gubernio,
898 1857 985 1900 regi-

248 1912 345 1953 mine,
369 1912 660 1953 administratione,
684 1912 895 1953 subiectione,
917 1912 990 1945 obe-

247 1966 378 2008 dientia,
390 1966 580 2008 visitatione,
593 1967 794 2001 correctione
802 1968 989 2001 etemenda-

248 2021 334 2055 tione
348 2021 502 2062 Cistercii,
526 2021 789 2055 Claraevallensis
803 2027 833 2055 et
850 2021 987 2055 aliorum

246 2079 324 2108 tunc
348 2079 378 2108 et
402 2085 461 2119 pro
488 2080 633 2119 tempore
663 2075 865 2109 existentium
891 2086 988 2118 gene-

247 2127 375 2169 ralium,
392 2138 429 2161 ac
441 2128 709 2162 Morimundensis
730 2134 759 2162 et
777 2128 914 2162 aliorum
935 2129 990 2161 al)—

248 2182 370 2222 batum,
398 2182 617 2226 praelatorum
633 2188 663 2215 et
677 2182 883 2226 superiorum
905 2183 989 2216 eius-

249 2235 321 2269 dem
355 2235 481 2269 Ordinis
512 2235 729 2269 Cistereiensis
742 2263 749 2277 ,
786 2246 989 2280 quacumque

249 2289 439 2323 auctoritate
464 2289 665 2332 fungentium
692 2295 721 2322 et
746 2289 986 2331 suncturorum,

249 2344 422 2388 apostolica
445 2344 645 2384 auctoritate,
672 2349 761 2376 motu
782 2343 929 2388 proprio,
958 2344 990 2376 in

248 2402 440 2441 perpetuum
463 2396 588 2437 exemit,
607 2397 648 2430 ita
666 2403 699 2430 ut
717 2397 836 2430 nullam
858 2397 990 2431 omnino

250 2449 518 2491 iurisdictionem,
548 2450 729 2484 facultatem
756 2456 787 2483 et
811 2451 988 2484 auctorita-

251 2507 314 2535 tem
337 2503 367 2535 in
390 2503 508 2537 dictam
530 2503 831 2546 Congregationem‚
848 2504 992 2545 abbates,

290 2583 298 2609 1
322 2582 404 2610 Istam
420 2582 662 2620 Congregationem
679 2583 799 2611 omnium
824 2582 928 2619 primus
942 2592 991 2620 ape

251 2626 376 2663 probavit
392 2627 483 2655 Sixtus
500 2627 517 2653 V
533 2627 559 2655 in
585 2636 632 2656 sua
655 2628 765 2656 Constit.
785 2634 854 2664 κων,
867 2628 991 2664 Reliyio-

251 2679 304 2705 soe,
322 2675 386 2701 tom.
405 2678 450 2702 vni
467 2681 526 2709 pag.
543 2673 604 2701 700.

899 246 1021 272 PAULUS
1041 247 1060 271 V
1080 247 1130 272 PP.

1668 236 1732 270 367
1779 245 1829 274 An.
1850 245 1879 275 C.
1898 246 1965 275 1606

1020 295 1208 336 monachos,
1220 295 1401 339 religiosos,
1423 295 1619 329 monasteria
1633 301 1664 329 et
1675 296 1759 337 loca,

1020 354 1117 393 atque
1145 350 1231 382 bona
1259 349 1345 383 illius
1373 349 1511 391 habere,
1539 359 1687 383 exercere
1707 356 1764 383 aut

1019 403 1234 450 praetendere
1259 403 1335 437 dicti
1356 404 1522 446 generales
1543 409 1574 437 et
1590 403 1644 437 alii
1665 404 1764 437 abba-

1022 462 1078 497 tes,
1101 462 1133 489 et
1153 456 1286 500 praelati
1306 456 1382 490 dicti
1400 456 1528 490 Ordinis
1545 457 1763 491 Cisterciensis

1020 510 1129 554 aliquo
1153 516 1298 554 tempore
1315 516 1457 554 possent.

1066 565 1082 606 ξ
1097 563 1126 596 9.
1144 564 1315 608 Ipsumque
1333 564 1624 608 Congregationem
1639 565 1765 599 Fulien-
1791 578 1965 609 Etsupsmun-

1020 629 1099 658 sem,
1121 618 1253 663 eiusque
1271 618 1471 663 superiorem
1490 620 1686 662 generalem,
1703 630 1764 654 nec
1777 606 1964 664 Fsssstlffssssmm‘l‘e‘ss'.

1020 682 1086 706 non
1111 672 1253 713 abbates,
1275 673 1463 714 monachos,
1492 673 1670 717 religiosos,
1695 683 1764 707 mo·
1777 661 1814 686 ‘'¹‘'

1020 726 1171 767 nasteria‚
1196 726 1321 767 domos,
1346 727 1427 768 loca,
1452 737 1502 761 res
1524 728 1652 761 etbona
1670 738 1764 772 prae-

1021 780 1126 821 dicta,
1157 780 1216 813 sub
1241 780 1462 814 immediatam
1492 791 1581 814 suam
1614 787 1644 815 et
1675 781 1765 816 Sedis

1020 833 1224 878 Apostolicae
1252 834 1501 878 protectionem,
1526 835 1682 878 regimen,
1713 846 1766 868 su-

1020 888 1228 929 biectionem,
1252 888 1522 931 gubernationem
1549 894 1579 922 et
1604 889 1763 923 obedien-

1022 941 1099 976 tiam
1119 941 1252 986 recepit,
1273 947 1370 986 prout
1393 942 1425 975 in
1446 942 1560 976 litteris
1582 942 1658 976 dicti
1676 953 1767 988 prae-

1022 996 1200 1030 decessoris
1214 995 1245 1029 in
1261 996 1364 1029 forma
1382 996 1488 1030 Brevis
1510 996 1561 1030 die
1576 1007 1605 1030 iv
1626 1002 1767 1041 septem-

1022 1050 1088 1084 bris
1108 1060 1219 1085 Moxcu
1235 1050 1389 1084 consectis
1402 1050 1528 1095 plenius
1541 1051 1751 1085 continetur¹.

1068 1105 1083 1146 ἓ
1109 1104 1138 1137 3.
1169 1104 1313 1149 Cumque
1340 1105 1549 1148 postmodum
1580 1105 1664 1138 idem
1690 1105 1763 1139 Cle·
1844 1116 1967 1149 Declaravit

1023 1168 1112 1192 mens
1134 1158 1375 1203 praedecessor,
1394 1168 1428 1192 ex
1441 1159 1536 1193 certis
1554 1159 1656 1192 causis
1676 1160 1715 1193 ad
1733 1159 1765 1193 id
1781 1143 1966 1202 lef2⁵f³⁰5iass²3b¹i32²ii

1023 1212 1167 1245 animum
1186 1223 1280 1246 suum
1298 1212 1512 1255 moventibus,
1530 1214 1694 1257 quondam
1709 1214 1767 1247 Ed·
1780 1196 1966 1255 giffgfi‘i‘wssriss

1023 1267 1145 1300 mundo
1171 1277 1188 1299 a
1219 1267 1318 1300 Cruce
1352 1272 1428 1300 tunc
1457 1277 1493 1300 ac
1525 1278 1585 1311 pro
1618 1273 1764 1312 ternpore
1781 1250 1965 1299 ffssssggfissgssffissfsf

1781 1310 1820 1325 non
1830 1304 1964 1330 praeiudica-

1023 1319 1169 1353 existenti
1203 1319 1311 1353 abbati
1344 1320 1530 1353 monasterii
1559 1320 1701 1354 Cistercii
1735 1327 1765 1355 et
1780 1337 1802 1362 tq
1837 1331 1964 1363 exequamur

1025 1373 1120 1406 totius
1159 1373 1286 1407 Ordinis
1324 1373 1542 1407 Cisterciensis
1577 1374 1763 1408 huiusmodi
1780 1358 1965 1410 ἓᾷἳξῖἶεεῗᾙῗέἷῖἶ

1021 1427 1161 1471 praesuli
1177 1437 1398 1471 quascumque
1411 1427 1682 1470 Congregationes
1696 1428 1767 1461 ubi-
1781 1417 1815 1432 ⁵¹⁵'

1022 1480 1078 1521 vis,
1096 1486 1159 1514 tam
1182 1481 1214 1513 in
1231 1480 1458 1525 Hispaniarum
1480 1492 1516 1514 ac
1537 1482 1633 1515 etiam
1654 1482 1767 1516 Portu.-

1022 1534 1137 1578 galliao
1163 1535 1281 1578 regnis,
1299 1546 1394 1579 quam
1417 1535 1492 1569 alibi
1514 1535 1650 1570 ubilibet
1674 1536 1766 1570 insti-

1024 1594 1126 1629 tutas,
1155 1594 1185 1622 et
1209 1599 1434 1633 quaecumque
1466 1589 1594 1623 illarum
1622 1590 1765 1623 eiusdem

1022 1643 1240 1677 Cisterciensis
1254 1643 1394 1684 Ordinis,
1418 1649 1480 1677 tam
1503 1643 1646 1677 virorum
1669 1655 1766 1688 quam

1023 1697 1218 1738 mulierum,
1244 1697 1440 1730 monasteria
1478 1697 1625 1731 visitandi
1656 1703 1687 1731 et
1717 1709 1767 1732 re-

1023 1751 1185 1784 formandi
1213 1751 1396 1784 facultatem
1424 1751 1645 1792 concessisset,
1669 1757 1767 1796 prout

1023 1805 1054 1838 in
1076 1805 1146 1838 aliis
1167 1805 1242 1839 dicti
1264 1804 1533 1849 praedecessoris,
1557 1804 1653 1837 etiam
1676 1804 1707 1837 in
1726 1805 1767 1838 si-

1024 1858 1090 1891 mili
1112 1859 1214 1891 sorma
1240 1858 1358 1899 Brevis,
1380 1858 1438 1891 sub
1460 1858 1570 1892 datum
1590 1857 1640 1891 die
1661 1868 1700 1891 xv
1722 1857 1766 1891 ia-

1023 1912 1127 1946 nuarii
1160 1922 1262 1946 nuum
1298 1912 1452 1956 expeditis
1486 1912 1606 1946 letteris
1621 1911 1632 1928 ‘²
1670 1911 1765 1945 etiam

1023 1966 1149 2010 plenius
1174 1966 1379 2006 continetur,
1412 1965 1597 2010 praedictus
1622 1965 1766 2000 Clemens

1024 2022 1263 2065 praedecessor,
1280 2020 1489 2054 considerans
1503 2020 1590 2064 quod
1605 2030 1641 2054 ex
1656 2030 1767 2064 supra-

1024 2076 1183 2109 dictarum
1198 2075 1379 2108 litterarum
1394 2074 1578 2107 diversitate
1597 2074 1688 2107 facile
1710 2074 1767 2107 du-

1024 2129 1116 2162 bitari
1134 2135 1239 2172 posset
1260 2129 1298 2162 de
1316 2131 1373 2161 sua
1391 2127 1581 2168 intentione,
1602 2133 1633 2161 et
1653 2127 1767 2161 exinde

1024 2183 1107 2217 inter
1128 2183 1276 2216 abbatem
1300 2182 1486 2215 monasterii
1508 2181 1648 2216 Cistercii
1670 2187 1699 2214 et
1720 2181 1766 2214 di-

1024 2243 1092 2270 ctae
1112 2236 1377 2279 Congregationis
1398 2235 1556 2269 Fuliensis
1581 2235 1764 2278 generalem

1024 2290 1168 2334 aliosque
1188 2290 1374 2334 superiores
1394 2295 1424 2322 et
1443 2288 1619 2322 monachos
1637 2294 1764 2321 contro-

1024 2344 1127 2377 versia
1141 2349 1171 2377 et
1184 2343 1385 2388 perturbatio
1400 2342 1515 2376 exoriri
1525 2347 1642 2386 posset,
1656 2341 1766 2374 volens

1025 2403 1197 2441 propterca
1232 2407 1361 2430 omnem
1391 2396 1633 2438 ambiguitatem
1668 2394 1699 2427 in
1729 2396 1766 2428 ea

1025 2456 1115 2495 parte
1137 2451 1270 2490 tollere,
1292 2461 1328 2483 ac
1355 2449 1642 2491 Congregationem
1664 2447 1764 2491 ipsam

1025 2504 1064 2536 ab
1087 2505 1198 2538 eadem
1220 2504 1301 2537 Sede
1330 2502 1553 2546 approbatam,
1578 2506 1608 2534 et
1629 2500 1674 2533 illi
1700 2500 1763 2533 im-

1026 2557 1164 2591 mediate
1178 2557 1366 2593 subieetam.
1390 2554 1556 2599 privilegio
1571 2554 1766 2598 apostolicae

1060 2629 1071 2656 1
1096 2627 1160 2655 Vide
1181 2631 1247 2655 tom.
1270 2636 1294 2654 1x
1313 2634 1373 2663 pag.
1390 2626 1443 2653 615
1457 2626 1494 2660 (n.
1512 2625 1560 2659 τ.).

1059 2673 1076 2701 2
1097 2673 1170 2701 Aliae
1191 2673 1240 2700 hae
1257 2672 1365 2700 litterae.
1377 2671 1402 2698 in
1420 2671 1498 2697 Ball.
1520 2678 1572 2699 non
1589 2673 1651 2698 sunt
1667 2671 1701 2705 (a.
1715 2670 1764 2702 τ.).
