2227 3241
55 266 102 292 An.
119 265 149 291 C.
170 264 235 291 1608

82 916 162 937 Causas
174 916 240 936 eeu-lc-

54 945 186 966 sias-uentum
201 948 241 964 co-

55 971 178 999 quoscuntti.

894 262 1014 287 mum‘s
1034 262 1053 286 V
1073 262 1123 286 Pr’.

251 311 388 351 diarios,
421 317 451 344 et
479 311 557 344 alios
587 311 796 347 criminosos,
825 317 850 343 et
884 310 988 342 delin—

251 370 386 408 quentes
411 374 657 408 quoscumque,
686 365 780 397 etiam
808 369 991 407 exemptos,

250 428 428 462 eorumque
456 418 596 451 fautores
621 423 651 450 et
675 422 912 460 receptatores,
936 427 991 449 cu-

250 471 441 514 iuscumque
455 470 627 513 dignitatis,
646 470 769 503 ordinis
790 476 818 502 et
837 469 994 502 conditio-

251 524 300 558 nis
325 525 444 558 suerint
461 552 468 564 ‚
495 535 552 568 per
575 524 656 557 viam
683 522 917 563 accusationis,
947 523 993 555 vel

253 577 522 618 denunciationis,
540 584 571 610 et
584 577 680 610 etiam
702 587 738 609 ex
752 574 873 615 officio,
897 575 993 608 etiam

252 631 426 664 summarie
442 657 449 671 ,
479 630 669 674 simpliciter
683 657 690 670 ,
715 634 744 662 et
765 629 804 662 de
830 629 937 672 plano,
958 638 994 661 ac

252 684 320 717 sine
340 683 476 727 strepitu
502 689 533 716 et
547 683 650 726 figura
669 682 791 722 iudicii,
810 681 995 725 inquirendi
1012 676 1013 706 l

253 743 283 771 et
302 736 512 781 procedendi,
536 747 684 780 reosque,
705 740 802 780 prout
822 735 995 768 canonicae

256 791 425 835 requirunt
445 790 644 830 sanctiones,
666 795 694 822 et
724 789 802 822 alias
827 788 882 822 tibi
903 788 997 821 vide-

255 845 342 878 bitur
362 844 524 888 expedire,
548 843 721 888 puniendi;

301 900 317 940 5
338 897 368 931 5.
386 898 516 931 Necnon
538 897 654 930 horum
676 896 848 930 eriminum
862 895 882 937 ¹,
901 901 929 929 et
942 896 996 929 be-

255 951 428 989 mactatos,
446 962 482 984 ac
501 949 765 988 matrimoniales,
779 955 808 982 et
827 960 996 993 quascum-

255 1015 318 1049 que
342 1005 420 1038 alias
440 1014 551 1037 causas
573 1003 813 1045 ecclesiasticas,
836 1003 997 1046 profanas.

255 1058 362 1091 ciViles
377 1086 384 1098 ,
412 1058 595 1091 criminales
616 1064 647 1091 ct
672 1058 806 1097 mixtas,
830 1058 868 1090 ad
891 1058 995 1089 sorum

255 1111 507 1145 ecclesiasticum
530 1111 776 1155 quomodolibet
801 1111 998 1154 pertinentes

256 1165 338 1209 (sine
370 1164 570 1209 praeiudicio
599 1164 867 1203 Ordinariorinn,
892 1164 998 1207 quoad

256 1229 368 1252 causas
389 1218 574 1252 huiusmodi
597 1219 627 1251 in
650 1219 753 1262 prima
776 1218 924 1251 instantia
945 1228 998 1250 co-

256 1282 323 1305 ram
346 1272 402 1312 eis,
429 1272 512 1305 iuxta
533 1271 667 1305 Concilii
685 1271 862 1305 Tridentini
883 1271 996 1309 decre-

256 1333 321 1359 tum
337 1353 344 1366 ‚
367 1325 421 1358 ubi
449 1325 526 1359 illud
553 1331 718 1369 receptum
746 1331 777 1359 et
803 1325 833 1357 in
859 1336 918 1358 usu
940 1332 996 1362 cst,

256 1379 497 1422 cognoscendas
509 1378 544 1421 ¹²),
571 1384 632 1411 tam
657 1389 715 1422 per
738 1379 820 1411 viam
846 1379 1001 1422 simplicis

257 1433 423 1477 querelae,
461 1443 556 1476 quam
590 1433 684 1465 etiam
720 1443 1001 1476 quarumcumque

257 1485 508 1530 appellationum
531 1496 547 1517 a
567 1486 826 1529 quilmscumque
843 1485 1002 1518 iudicibus

257 1539 431 1573 ordinariis
451 1544 481 1572 et
502 1539 597 1571 etiam
620 1549 638 1572 a
658 1539 740 1573 Sede
766 1539 928 1582 praedicta
949 1540 1002 1571 dc-

258 1593 377 1636 legatis
396 1592 658 1636 interpositarum
691 1597 721 1625 ct
753 1592 837 1625 ‹tic-1:⁴1
867 1593 1002 1625 durante

259 1647 420 1690 legatione
437 1646 761 1689 interponendarum,
786 1651 888 1678 motas
909 1651 939 1679 et
956 1645 1002 1678 in-

257 1701 389 1734 choatas
406 1711 443 1733 ac
456 1699 582 1732 interim
604 1700 788 1739 movendas,
805 1711 877 1732 cum
896 1699 1002 1732 omni-

258 1756 318 1788 bus
337 1765 447 1787 earum
470 1753 705 1793 incidentibus,
729 1753 999 1796 dependentibus,

260 1809 513 1851 emergentibus,
534 1808 665 1841 annexis
681 1814 711 1841 ct
725 1808 888 1847 connexis,
906 1808 1000 1841 etiam

257 1862 444 1903 summarie,
457 1862 656 1906 simpliciter,
673 1868 703 1895 et
715 1863 754 1895 de
766 1863 874 1906 plano,
889 1872 925 1895 ac
935 1862 1003 1895 sine

257 1917 390 1960 strepitu
412 1922 443 1950 ct
463 1915 565 1959 figura
595 1916 716 1956 iudicii,
733 1917 801 1949 sola
812 1916 942 1949 veritate
957 1915 1003 1948 in-

257 1972 376 2014 specffi,
403 1970 612 2013 terminisque
624 1970 887 2003 substantialibus
907 1970 1002 2002 unico

259 2029 410 2057 contextu
428 2025 475 2057 vel
489 2024 585 2057 ctiam
610 2034 674 2057 non
693 2024 847 2062 sei·x·atis³‚
865 2024 920 2056 sed
936 2024 1003 2056 illo—

298 2096 306 2121 1
330 2095 510 2129 Subintellige
527 2104 557 2121 ex
581 2095 761 2130 sequentibus
780 2098 881 2121 causas
896 2098 934 2127 (n.
954 2095 1001 2122 rs).

296 2140 312 2166 2
333 2139 405 2167 Edit.
427 2140 510 2166 Main.
533 2140 597 2174 legit
616 2140 817 2173 caynoscentli'3
834 2139 882 2165 scd
899 2140 938 2165 vel
955 2139 1004 2165 ali-

259 2185 326 2221 quid
341 2185 428 2219 deest,
445 2192 486 2211 ex.
507 2193 546 2217 g„
563 2184 656 2219 quoad
671 2185 717 2211 ius
731 2185 805 2219 qnod
821 2185 925 2210 haben!
940 2185 1004 2217 (Or-

259 2228 376 2263 dinarii)
395 2229 578 2263 cognoscendi
606 2237 698 2255 coram
727 2229 765 2254 eis
790 2237 886 2254 causas
907 2229 1003 2254 buius-

259 2274 334 2301 modi
363 2274 390 2299 in
419 2273 508 2307 prima
536 2273 661 2305 isinana,
685 2272 724 2298 vot
745 2273 915 2298 correctione
936 2282 1004 2307 opus

260 2321 317 2345 erat
329 2327 413 2353 quain
430 2317 609 2343 adhibuimus
626 2320 652 2343 ut
665 2326 763 2343 sensns
780 2317 813 2343 >it
827 2326 831 2342 ς
845 2318 907 2344 sine
920 2326 1005 2351 prue-

260 2363 366 2390 iudicio
396 2363 625 2390 ordinariorum
654 2363 752 2396 quoad.
780 2370 880 2388 causas
905 2362 1004 2389 huius-

260 2408 341 2435 modi
359 2408 392 2435 in
411 2408 512 2442 primd
533 2407 673 2434 instantia
695 2415 791 2433 coram
809 2407 882 2433 cist..
900 2414 1004 2441 cosmo-

259 2452 386 2479 scendas.
402 2452 470 2478 Vide
487 2452 587 2478 Coneil.
607 2451 683 2478 Τπ-Μ.
701 2460 768 2478 sess.
783 2460 834 2485 xxi,
847 2460 906 2486 cap.
920 2460 951 2477 xx
963 2451 1005 2477 De

263 2496 400 2530 Reform:
423 2504 525 2523 causae
549 2504 647 2522 omnes
668 2496 705 2522 ad
720 2496 817 2529 sor-mn
833 2496 1004 2522 eeclesiasti-

261 2549 326 2566 cwm
354 2541 547 2575 pertinentes,
574 2540 665 2567 eliam
684 2540 710 2567 si
730 2540 909 2574 beneficiales
929 2540 1003 2572 sint,

260 2584 293 2611 in
310 2585 408 2618 prima
423 2584 563 2611 instanlid
580 2592 676 2611 coram
694 2583 865 2611 Ordinariis
881 2584 1005 2610 locorum

261 2633 470 2665 coynoscantnr
484 2631 512 2665 (a
539 2631 588 2663 T.).

298 2673 313 2700 3
334 2673 435 2701 Sensus
455 2674 564 2701 videtur
583 2682 660 2701 esse:
679 2673 814 2701 terminis
829 2673 1006 2702 substantia-

1672 248 1737 282 479

1027 320 1095 341 rum
1118 310 1187 343 loro
1216 309 1358 353 praefixo
1377 309 1514 341 termino
1540 308 1672 340 arbitrio
1698 312 1763 344 tuo,

1026 363 1233 406 procedendi,
1256 362 1407 395 andiendi
1429 368 1459 395 et
1480 361 1543 394 fine
1568 360 1677 394 debito
1704 365 1766 393 ter-

1027 415 1180 451 minandi,
1195 422 1235 455 et,
1249 416 1288 448 ad
1303 416 1387 448 bunc
1413 420 1679 457 caeterorumque
1693 423 1768 446 con-

1028 469 1217 511 tingentium
1240 469 1407 507 effectum,
1430 477 1652 511 quoscumque
1672 467 1766 499 etiam

1028 532 1085 565 per
1110 522 1250 554 edictum
1281 516 1445 565 publicum
1476 520 1636 564 (constito
1657 520 1765 564 prius,

1029 575 1125 608 etiam
1151 575 1326 608 summarie
1359 580 1390 608 et
1411 573 1708 613 extraiudicialiter,
1730 573 1769 606 dc

1029 639 1093 661 non
1127 634 1193 661 tuto
1226 630 1264 662 ad
1299 629 1368 662 illos
1403 629 1561 666 accessu)
1590 627 1709 661 citandi
1739 632 1771 661 et

1030 683 1195 723 monendi,
1219 683 1344 725 eisque,
1369 687 1399 715 ct
1419 682 1513 715 etiam
1540 681 1704 725 quibusvis
1723 681 1771 713 iu-

1012 735 1176 773 ,dicibus,
1212 736 1412 779 caeterisque
1446 735 1613 779 personis,
1654 734 1770 778 quibus

1031 793 1059 821 et
1081 787 1206 831 quoties
1232 798 1313 831 opus
1338 788 1444 827 suerit,
1473 788 1567 820 etiam
1589 798 1648 831 per
1667 787 1772 820 simile

1032 842 1171 875 edictum
1193 843 1253 885 (ac
1273 842 1368 875 etiam
1395 842 1453 875 sub
1480 841 1622 874 censuris
1647 847 1677 874 et
1696 851 1772 884 poe-

1031 895 1080 928 nis
1095 895 1327 935 ecclesiasticis,
1343 905 1470 928 necnon
1494 893 1700 938 pecuniariis,
1717 901 1772 926 tuo

1034 948 1078 980 rel
1112 948 1333 990 delegatorum
1367 954 1496 991 tuorum
1530 947 1665 980 arbitrio
1697 957 1770 980 mo-

1032 1002 1183 1036 derandis
1214 1007 1244 1034 et
1275 1001 1498 1045 applicandis)
1524 1001 1709 1040 inhibendi,
1737 1012 1774 1033 ac

1032 1062 1143 1088 contra
1162 1055 1393 1095 inobedientes,
1412 1060 1439 1087 et
1456 1055 1591 1087 rebelles
1605 1055 1774 1098 quoslibet,

1033 1120 1184 1143 censuras
1209 1115 1240 1141 ct
1265 1119 1384 1152 poenas
1417 1109 1500 1152 ipsas
1528 1109 1623 1141 etiam
1654 1108 1774 1140 iteratis

1033 1162 1156 1195 vicibus
1187 1162 1381 1204 aggravandi
1399 1189 1408 1208 ².
1433 1161 1639 1194 interdictum
1665 1161 1770 1194 eccle>-

1034 1216 1196 1249 siasticum
1223 1215 1405 1259 apponendi
1428 1221 1457 1247 et
1480 1215 1655 1255 relaxandi,
1679 1214 1770 1247 auxi-

1035 1269 1179 1312 liumque
1198 1269 1318 1301 brarbii
1338 1268 1703 1308 saecularisinvocandi,
1719 1278 1775 1300 seu

1035 1334 1146 1356 causas
1165 1323 1249 1366 ipsas
1270 1323 1321 1355 alii
1352 1324 1398 1355 rel
1424 1322 1494 1355 aliis
1520 1322 1654 1363 idoneis,
1678 1323 1775 1355 modo

1035 1384 1062 1410 et
1090 1378 1190 1410 forma
1216 1377 1422 1421 praemissis,
1447 1387 1483 1409 ac
1508 1387 1580 1409 cum
1606 1376 1702 1409 simili
1728 1377 1776 1409 vel

1037 1432 1172 1464 limitata
1204 1437 1362 1474 potestate
1393 1431 1512 1474 pariter
1544 1430 1720 1463 audiendas
1748 1436 1779 1463 et

1038 1486 1255 1519 terminandas
1270 1485 1456 1527 delegandi,
1473 1495 1693 1528 quascumque
1706 1495 1779 1528 per·
1819 1524 1821 1526 Ι

1036 1550 1131 1572 sonas
1156 1540 1307 1572 adversus
1327 1538 1514 1577 sententias,
1538 1549 1588 1571 rcs
1609 1538 1776 1577 iudicatas,

1037 1599 1068 1626 et
1094 1598 1277 1625 contractus
1302 1603 1550 1635 ‹pioscnmque,
1578 1597 1674 1635 prout
1703 1591 1780 1624 iuris

1039 1647 1142 1687 fucrit,
1157 1646 1187 1679 in
1203 1646 1364 1688 integrum
1382 1645 1570 1678 restituendi
1582 1657 1588 1683 ;
1602 1645 1781 1677 iuramenta

1037 1711 1272 1744 quaecumque,
1290 1701 1329 1733 ad
1352 1699 1500 1733 effectum
1523 1699 1638 1741 agendi
1660 1699 1782 1731 dumta-

1038 1761 1107 1793 xat,
1132 1754 1326 1797 quibuslibet
1351 1753 1534 1792 relaxandi;
1558 1762 1780 1796 quoscumque

1038 1819 1054 1840 a
1068 1808 1232 1851 quibusvis
1247 1807 1390 1840 censuris
1404 1813 1440 1840 et.
1449 1806 1561 1850 poenis
1578 1806 1777 1849 simpliciter,

1038 1863 1085 1895 vel
1099 1862 1138 1894 ad
1160 1862 1331 1901 cautelam,
1345 1867 1441 1905 prout
1459 1861 1536 1893 iuris
1554 1860 1662 1900 suerit,
1676 1860 1780 1893 absol-

1039 1916 1149 1953 vendi3

1083 1968 1147 2011 gu.
1177 1969 1345 2001 Praeterea
1370 1978 1592 2011 quoscumque
1613 1969 1652 2001 ad
1679 1973 1707 2001 tc
1732 1978 1780 2001 rc-

1038 2022 1235 2062 currentes¹,
1256 2022 1310 2065 qni
1327 2021 1538 2054 homicidium
1559 2021 1653 2054 etiam
1673 2021 1780 2053 volun-

1041 2077 1178 2113 tarium,
1206 2086 1332 2108 necnon
1363 2075 1583 2117 sacrilegium,
1608 2075 1779 2108 simoniam

1039 2136 1065 2161 et
1083 2129 1215 2172 periurii
1236 2134 1359 2162 reatum
1376 2129 1683 2172 quomodocumque
1698 2138 1782 2161 eom-

1041 2182 1196 2221 miscrint,
1217 2183 1271 2226 qui
1295 2182 1386 2215 bellis
1406 2181 1619 2220 interfuerint,
1641 2181 1695 2225 qni
1716 2192 1782 2213 ma-

1039 2247 1098 2268 nns
1125 2236 1281 2269 violentas
1310 2236 1340 2268 in
1363 2235 1498 2269 clericos
1523 2241 1553 2268 et
1579 2235 1783 2278 presbyteros

1040 2291 1118 2328 (non
1142 2295 1247 2322 tamen
1267 2289 1450 2332 episcopos>
1472 2288 1651 2327 iniecerint,
1676 2294 1705 2321 ct
1727 2287 1781 2331 qui

1042 2343 1165 2375 ratione
1196 2342 1428 2376 beneficiorum
1464 2341 1779 2379 ecclesiasticorum,

1040 2406 1097 2439 per
1115 2406 1168 2429 eos
1189 2396 1408 2435 obtentorum,
1424 2396 1521 2428 boras
1539 2404 1603 2427 non
1629 2394 1778 2432 dixerint,

1038 2494 1112 2520 tibus
1131 2494 1252 2521 servatis
1280 2493 1363 2519 unico
1393 2495 1547 2523 contextu,
1575 2492 1614 2518 vel
1642 2491 1731 2518 etiam
1751 2499 1781 2517 ο-

1040 2538 1137 2564 mnino
1159 2546 1214 2565 non
1234 2539 1365 2571 sert-ulis,
1381 2538 1439 2568 sed,
1462 2539 1520 2564 loco
1542 2537 1671 2569 illorum,
1692 2544 1780 2571 prae—

1037 2583 1094 2617 Ῐῖ.ιό
1116 2585 1237 2610 termino
1257 2583 1382 2610 arbitrio
1399 2585 1446 2609 luo
1461 2582 1499 2616 (tt.
1516 2582 1564 2615 vr.).

1076 2630 1087 2653 1
1111 2627 1177 2654 lleic
1204 2632 1231 2654 ot
1257 2628 1387 2661 deinceps
1417 2625 1595 2660 subintellige
1615 2625 1781 2653 absoluendi

1039 2673 1113 2707 quod
1134 2675 1227 2707 postea
1247 2671 1376 2699 subditur
1391 2674 1430 2704 (n.
1449 2670 1499 2705 Τ.).

1784 256 1834 282 An.
1852 256 1879 281 C.
1901 255 1966 281 1608

1821 1972 1850 1992 Ab
1862 1969 1980 1994 irraautari-

1795 1999 1873 2019 tatibus
1896 1998 1979 2023 dispeu-

1795 2025 1862 2046 sandi.
