<?xml version="1.0" encoding="UTF-8"?>
<!DOCTYPE html PUBLIC "-//W3C//DTD XHTML 1.0 Transitional//EN"
    "http://www.w3.org/TR/xhtml1/DTD/xhtml1-transitional.dtd">
<html xmlns="http://www.w3.org/1999/xhtml" xml:lang="en" lang="en">
 <head>
  <title>
</title>
<meta http-equiv="Content-Type" content="text/html;charset=utf-8" />
  <meta name='ocr-system' content='tesseract 3.04.00' />
  <meta name='ocr-capabilities' content='ocr_page ocr_carea ocr_par ocr_line ocrx_word'/>
</head>
<body>
  <div class='ocr_page' id='page_1' title='image "./bullarumdiplomat11cath_0080.png"; bbox 0 0 2227 3241; ppageno 0'>
   <div class='ocr_carea' id='block_1_1' title="bbox 246 270 518 310">
    <p class='ocr_par' dir='ltr' id='par_1_1' title="bbox 246 270 518 310">
     <span class='ocr_line' id='line_1_1' title="bbox 246 270 518 310; baseline 0.004 -1"><span class='ocrx_word' id='word_1_1' title='bbox 246 282 295 309; x_wconf 76' lang='grc' dir='ltr'>Αη.</span> <span class='ocrx_word' id='word_1_2' title='bbox 312 281 341 309; x_wconf 84' lang='lat' dir='ltr'>c.</span> <span class='ocrx_word' id='word_1_3' title='bbox 362 280 430 310; x_wconf 74' lang='lat'>¹603</span> <span class='ocrx_word' id='word_1_4' title='bbox 475 270 518 303; x_wconf 65' lang='lat'>42</span> 
     </span>
    </p>
   </div>
   <div class='ocr_carea' id='block_1_2' title="bbox 435 321 1193 1334">
    <p class='ocr_par' dir='ltr' id='par_1_2' title="bbox 435 321 1193 1334">
     <span class='ocr_line' id='line_1_2' title="bbox 444 321 1187 373; baseline -0.009 -10"><span class='ocrx_word' id='word_1_5' title='bbox 444 333 625 373; x_wconf 79' lang='lat' dir='ltr'><strong>sequentes,</strong></span> <span class='ocrx_word' id='word_1_6' title='bbox 653 325 728 359; x_wconf 86' lang='lat' dir='ltr'>licet</span> <span class='ocrx_word' id='word_1_7' title='bbox 748 323 904 357; x_wconf 85' lang='lat' dir='ltr'>maiorem</span> <span class='ocrx_word' id='word_1_8' title='bbox 927 327 957 355; x_wconf 90' lang='lat' dir='ltr'>et</span> <span class='ocrx_word' id='word_1_9' title='bbox 977 321 1187 366; x_wconf 84' lang='lat' dir='ltr'>principalio-</span> 
     </span>
     <span class='ocr_line' id='line_1_3' title="bbox 445 375 1186 425; baseline -0.009 -10"><span class='ocrx_word' id='word_1_10' title='bbox 445 392 513 416; x_wconf 88' lang='lat' dir='ltr'>rem</span> <span class='ocrx_word' id='word_1_11' title='bbox 540 386 665 425; x_wconf 85' lang='lat' dir='ltr'>partem</span> <span class='ocrx_word' id='word_1_12' title='bbox 691 377 926 411; x_wconf 86' lang='lat' dir='ltr'>monachorum</span> <span class='ocrx_word' id='word_1_13' title='bbox 948 386 985 408; x_wconf 85' lang='lat' dir='ltr'>ex</span> <span class='ocrx_word' id='word_1_14' title='bbox 1008 375 1098 409; x_wconf 87' lang='lat' dir='ltr'>laicis</span> <span class='ocrx_word' id='word_1_15' title='bbox 1118 386 1186 409; x_wconf 89' lang='lat' dir='ltr'>esse</span> 
     </span>
     <span class='ocr_line' id='line_1_4' title="bbox 435 430 1187 478; baseline -0.009 -9"><span class='ocrx_word' id='word_1_16' title='bbox 435 436 592 475; x_wconf 65' lang='lat' dir='ltr'>vvelimus,</span> <span class='ocrx_word' id='word_1_17' title='bbox 620 438 716 478; x_wconf 90' lang='lat' dir='ltr'>prout</span> <span class='ocrx_word' id='word_1_18' title='bbox 748 441 806 475; x_wconf 91' lang='lat' dir='ltr'>per</span> <span class='ocrx_word' id='word_1_19' title='bbox 829 435 1015 474; x_wconf 76' lang='lat' dir='ltr'>praesentes</span> <span class='ocrx_word' id='word_1_20' title='bbox 1038 430 1187 464; x_wconf 84' lang='lat' dir='ltr'>volumus</span> 
     </span>
     <span class='ocr_line' id='line_1_5' title="bbox 447 483 1187 526; baseline -0.008 -4"><span class='ocrx_word' id='word_1_21' title='bbox 447 488 684 526; x_wconf 88' lang='lat' dir='ltr'>etordiuamus,</span> <span class='ocrx_word' id='word_1_22' title='bbox 699 484 895 518; x_wconf 83' lang='lat' dir='ltr'>sufficientes</span> <span class='ocrx_word' id='word_1_23' title='bbox 908 489 1017 517; x_wconf 88' lang='lat' dir='ltr'>tamen</span> <span class='ocrx_word' id='word_1_24' title='bbox 1031 483 1187 516; x_wconf 86' lang='lat' dir='ltr'>choristas</span> 
     </span>
     <span class='ocr_line' id='line_1_6' title="bbox 447 537 1188 575; baseline -0.008 0"><span class='ocrx_word' id='word_1_25' title='bbox 447 548 478 575; x_wconf 87' lang='lat' dir='ltr'>et</span> <span class='ocrx_word' id='word_1_26' title='bbox 501 540 686 575; x_wconf 87' lang='lat' dir='ltr'>sacerdotes</span> <span class='ocrx_word' id='word_1_27' title='bbox 711 539 751 571; x_wconf 88' lang='lat' dir='ltr'>ad</span> <span class='ocrx_word' id='word_1_28' title='bbox 776 537 866 571; x_wconf 89' lang='lat' dir='ltr'>chori</span> <span class='ocrx_word' id='word_1_29' title='bbox 892 542 923 570; x_wconf 91' lang='lat' dir='ltr'>et</span> <span class='ocrx_word' id='word_1_30' title='bbox 943 537 1125 571; x_wconf 81' lang='lat' dir='ltr'>divinorum</span> <span class='ocrx_word' id='word_1_31' title='bbox 1143 538 1188 570; x_wconf 87' lang='lat' dir='ltr'>os-</span> 
     </span>
     <span class='ocr_line' id='line_1_7' title="bbox 447 589 1185 634; baseline -0.007 -7"><span class='ocrx_word' id='word_1_32' title='bbox 447 594 595 628; x_wconf 73' lang='lat' dir='ltr'>ticiorum</span> <span class='ocrx_word' id='word_1_33' title='bbox 618 591 799 625; x_wconf 87' lang='lat' dir='ltr'>ministeria</span> <span class='ocrx_word' id='word_1_34' title='bbox 823 590 936 624; x_wconf 89' lang='lat' dir='ltr'>haberi</span> <span class='ocrx_word' id='word_1_35' title='bbox 956 589 1185 634; x_wconf 80' lang='lat' dir='ltr'>permittimus,</span> 
     </span>
     <span class='ocr_line' id='line_1_8' title="bbox 446 644 1188 688; baseline -0.007 -7"><span class='ocrx_word' id='word_1_36' title='bbox 446 654 482 681; x_wconf 90' lang='lat' dir='ltr'>ut</span> <span class='ocrx_word' id='word_1_37' title='bbox 514 647 558 680; x_wconf 87' lang='lat' dir='ltr'>ita</span> <span class='ocrx_word' id='word_1_38' title='bbox 590 645 645 679; x_wconf 90' lang='lat' dir='ltr'>alii</span> <span class='ocrx_word' id='word_1_39' title='bbox 677 645 815 679; x_wconf 85' lang='lat' dir='ltr'>aliorum</span> <span class='ocrx_word' id='word_1_40' title='bbox 851 647 950 688; x_wconf 78' lang='lat' dir='ltr'>opera</span> <span class='ocrx_word' id='word_1_41' title='bbox 986 644 1188 677; x_wconf 86' lang='lat' dir='ltr'>adiuventur.</span> 
     </span>
     <span class='ocr_line' id='line_1_9' title="bbox 447 699 1190 744; baseline -0.005 -9"><span class='ocrx_word' id='word_1_42' title='bbox 447 702 612 736; x_wconf 88' lang='lat' dir='ltr'>Choristae</span> <span class='ocrx_word' id='word_1_43' title='bbox 630 700 773 744; x_wconf 88' lang='lat' dir='ltr'>quidem,</span> <span class='ocrx_word' id='word_1_44' title='bbox 797 700 851 744; x_wconf 90' lang='lat' dir='ltr'>qui</span> <span class='ocrx_word' id='word_1_45' title='bbox 873 699 974 742; x_wconf 79' lang='lat' dir='ltr'>magis</span> <span class='ocrx_word' id='word_1_46' title='bbox 992 700 1024 732; x_wconf 90' lang='lat' dir='ltr'>in</span> <span class='ocrx_word' id='word_1_47' title='bbox 1042 699 1142 732; x_wconf 91' lang='lat' dir='ltr'>choro</span> <span class='ocrx_word' id='word_1_48' title='bbox 1160 704 1190 732; x_wconf 89' lang='lat' dir='ltr'>et</span> 
     </span>
     <span class='ocr_line' id='line_1_10' title="bbox 447 752 1189 800; baseline -0.004 -12"><span class='ocrx_word' id='word_1_49' title='bbox 447 754 670 800; x_wconf 77' lang='lat' dir='ltr'>spiritualibus</span> <span class='ocrx_word' id='word_1_50' title='bbox 687 759 900 798; x_wconf 75' lang='lat' dir='ltr'>occupamur,</span> <span class='ocrx_word' id='word_1_51' title='bbox 916 764 933 786; x_wconf 89' lang='lat' dir='ltr'>a</span> <span class='ocrx_word' id='word_1_52' title='bbox 946 752 1112 786; x_wconf 84' lang='lat' dir='ltr'>laboribus</span> <span class='ocrx_word' id='word_1_53' title='bbox 1125 762 1189 785; x_wconf 92' lang='lat' dir='ltr'>non</span> 
     </span>
     <span class='ocr_line' id='line_1_11' title="bbox 448 806 1189 853; baseline -0.004 -12"><span class='ocrx_word' id='word_1_54' title='bbox 448 809 579 853; x_wconf 88' lang='lat' dir='ltr'>quidem</span> <span class='ocrx_word' id='word_1_55' title='bbox 598 807 744 847; x_wconf 88' lang='lat' dir='ltr'>omnino,</span> <span class='ocrx_word' id='word_1_56' title='bbox 768 807 824 840; x_wconf 84' lang='lat' dir='ltr'>sed</span> <span class='ocrx_word' id='word_1_57' title='bbox 841 817 900 850; x_wconf 87' lang='lat' dir='ltr'>pro</span> <span class='ocrx_word' id='word_1_58' title='bbox 918 806 1009 840; x_wconf 90' lang='lat' dir='ltr'>chori</span> <span class='ocrx_word' id='word_1_59' title='bbox 1027 812 1058 839; x_wconf 90' lang='lat' dir='ltr'>et</span> <span class='ocrx_word' id='word_1_60' title='bbox 1077 816 1189 839; x_wconf 89' lang='lat' dir='ltr'>neces-</span> 
     </span>
     <span class='ocr_line' id='line_1_12' title="bbox 447 860 1191 904; baseline -0.003 -8"><span class='ocrx_word' id='word_1_61' title='bbox 447 862 523 896; x_wconf 89' lang='lat' dir='ltr'>sarii</span> <span class='ocrx_word' id='word_1_62' title='bbox 548 862 653 895; x_wconf 85' lang='lat' dir='ltr'>cultus</span> <span class='ocrx_word' id='word_1_63' title='bbox 679 860 778 894; x_wconf 88' lang='lat' dir='ltr'>divini</span> <span class='ocrx_word' id='word_1_64' title='bbox 799 860 1074 904; x_wconf 74' lang='lat' dir='ltr'>frequentatione,</span> <span class='ocrx_word' id='word_1_65' title='bbox 1101 871 1191 904; x_wconf 85' lang='lat' dir='ltr'>prae-</span> 
     </span>
     <span class='ocr_line' id='line_1_13' title="bbox 448 914 1188 960; baseline -0.003 -11"><span class='ocrx_word' id='word_1_66' title='bbox 448 916 502 950; x_wconf 88' lang='lat' dir='ltr'>lati</span> <span class='ocrx_word' id='word_1_67' title='bbox 516 916 662 957; x_wconf 86' lang='lat' dir='ltr'>arbitrio,</span> <span class='ocrx_word' id='word_1_68' title='bbox 680 915 917 960; x_wconf 88' lang='lat' dir='ltr'>aliquantulum</span> <span class='ocrx_word' id='word_1_69' title='bbox 936 914 1112 955; x_wconf 79' lang='lat' dir='ltr'>relevandi,</span> <span class='ocrx_word' id='word_1_70' title='bbox 1133 914 1188 947; x_wconf 88' lang='lat' dir='ltr'>lai·</span> 
     </span>
     <span class='ocr_line' id='line_1_14' title="bbox 449 968 1190 1013; baseline -0.001 -10"><span class='ocrx_word' id='word_1_71' title='bbox 449 980 503 1004; x_wconf 89' lang='lat' dir='ltr'>cos</span> <span class='ocrx_word' id='word_1_72' title='bbox 520 970 552 1002; x_wconf 92' lang='lat' dir='ltr'>in</span> <span class='ocrx_word' id='word_1_73' title='bbox 565 969 786 1013; x_wconf 73' lang='lat' dir='ltr'>spiritualibus</span> <span class='ocrx_word' id='word_1_74' title='bbox 800 968 1006 1008; x_wconf 82' lang='lat' dir='ltr'>adiuvabunt;</span> <span class='ocrx_word' id='word_1_75' title='bbox 1020 968 1093 1002; x_wconf 88' lang='lat' dir='ltr'>laici</span> <span class='ocrx_word' id='word_1_76' title='bbox 1104 979 1190 1011; x_wconf 79' lang='lat' dir='ltr'>vero,</span> 
     </span>
     <span class='ocr_line' id='line_1_15' title="bbox 449 1022 1192 1068; baseline 0 -12"><span class='ocrx_word' id='word_1_77' title='bbox 449 1023 505 1068; x_wconf 87' lang='lat' dir='ltr'>qui</span> <span class='ocrx_word' id='word_1_78' title='bbox 530 1022 632 1065; x_wconf 78' lang='lat' dir='ltr'>magis</span> <span class='ocrx_word' id='word_1_79' title='bbox 652 1033 669 1056; x_wconf 85' lang='lat' dir='ltr'>a</span> <span class='ocrx_word' id='word_1_80' title='bbox 694 1022 795 1056; x_wconf 87' lang='lat' dir='ltr'>choro</span> <span class='ocrx_word' id='word_1_81' title='bbox 817 1028 847 1055; x_wconf 89' lang='lat' dir='ltr'>et</span> <span class='ocrx_word' id='word_1_82' title='bbox 866 1022 1089 1066; x_wconf 80' lang='lat' dir='ltr'>spiritualibus</span> <span class='ocrx_word' id='word_1_83' title='bbox 1110 1023 1192 1056; x_wconf 85' lang='lat' dir='ltr'>rele-</span> 
     </span>
     <span class='ocr_line' id='line_1_16' title="bbox 448 1075 1191 1119; baseline 0 -10"><span class='ocrx_word' id='word_1_84' title='bbox 448 1080 576 1116; x_wconf 85' lang='lat' dir='ltr'>vantur,</span> <span class='ocrx_word' id='word_1_85' title='bbox 604 1085 760 1109; x_wconf 87' lang='lat' dir='ltr'>manuum</span> <span class='ocrx_word' id='word_1_86' title='bbox 789 1075 944 1119; x_wconf 87' lang='lat' dir='ltr'>operibus</span> <span class='ocrx_word' id='word_1_87' title='bbox 970 1080 1000 1108; x_wconf 87' lang='lat' dir='ltr'>et</span> <span class='ocrx_word' id='word_1_88' title='bbox 1024 1075 1191 1109; x_wconf 84' lang='lat' dir='ltr'>laboribus</span> 
     </span>
     <span class='ocr_line' id='line_1_17' title="bbox 449 1130 1191 1175; baseline -0.001 -11"><span class='ocrx_word' id='word_1_89' title='bbox 449 1131 522 1175; x_wconf 89' lang='lat' dir='ltr'>plus</span> <span class='ocrx_word' id='word_1_90' title='bbox 539 1130 651 1172; x_wconf 87' lang='lat' dir='ltr'>dediti,</span> <span class='ocrx_word' id='word_1_91' title='bbox 668 1130 825 1164; x_wconf 86' lang='lat' dir='ltr'>choristas</span> <span class='ocrx_word' id='word_1_92' title='bbox 846 1130 960 1163; x_wconf 80' lang='lat' dir='ltr'>fratres</span> <span class='ocrx_word' id='word_1_93' title='bbox 978 1130 1009 1163; x_wconf 90' lang='lat' dir='ltr'>in</span> <span class='ocrx_word' id='word_1_94' title='bbox 1028 1135 1191 1174; x_wconf 81' lang='lat' dir='ltr'>tempora--</span> 
     </span>
     <span class='ocr_line' id='line_1_18' title="bbox 450 1183 1192 1228; baseline 0 -11"><span class='ocrx_word' id='word_1_95' title='bbox 450 1184 534 1217; x_wconf 89' lang='lat' dir='ltr'>libus</span> <span class='ocrx_word' id='word_1_96' title='bbox 558 1194 617 1228; x_wconf 85' lang='lat' dir='ltr'>pro</span> <span class='ocrx_word' id='word_1_97' title='bbox 642 1189 733 1227; x_wconf 87' lang='lat' dir='ltr'>parte</span> <span class='ocrx_word' id='word_1_98' title='bbox 751 1183 849 1217; x_wconf 85' lang='lat' dir='ltr'>etiam</span> <span class='ocrx_word' id='word_1_99' title='bbox 867 1183 1075 1224; x_wconf 70' lang='lat' dir='ltr'>adjuvabunt,</span> <span class='ocrx_word' id='word_1_100' title='bbox 1096 1189 1192 1227; x_wconf 85' lang='lat' dir='ltr'>atque</span> 
     </span>
     <span class='ocr_line' id='line_1_19' title="bbox 450 1237 1193 1281; baseline 0.001 -12"><span class='ocrx_word' id='word_1_101' title='bbox 450 1237 494 1270; x_wconf 90' lang='lat' dir='ltr'>ita</span> <span class='ocrx_word' id='word_1_102' title='bbox 518 1237 551 1270; x_wconf 91' lang='lat' dir='ltr'>in</span> <span class='ocrx_word' id='word_1_103' title='bbox 576 1237 731 1270; x_wconf 82' lang='lat' dir='ltr'>charitate</span> <span class='ocrx_word' id='word_1_104' title='bbox 749 1237 830 1270; x_wconf 89' lang='lat' dir='ltr'>alter</span> <span class='ocrx_word' id='word_1_105' title='bbox 850 1237 983 1270; x_wconf 90' lang='lat' dir='ltr'>alterius</span> <span class='ocrx_word' id='word_1_106' title='bbox 1003 1247 1101 1270; x_wconf 89' lang='lat' dir='ltr'>onera</span> <span class='ocrx_word' id='word_1_107' title='bbox 1118 1247 1193 1281; x_wconf 91' lang='lat' dir='ltr'>por-</span> 
     </span>
     <span class='ocr_line' id='line_1_20' title="bbox 451 1290 1112 1334; baseline 0.003 -12"><span class='ocrx_word' id='word_1_108' title='bbox 451 1295 566 1332; x_wconf 85' lang='lat' dir='ltr'>tantes,</span> <span class='ocrx_word' id='word_1_109' title='bbox 593 1290 698 1333; x_wconf 80' lang='lat' dir='ltr'>legem</span> <span class='ocrx_word' id='word_1_110' title='bbox 722 1290 851 1323; x_wconf 87' lang='lat' dir='ltr'>Domini</span> <span class='ocrx_word' id='word_1_111' title='bbox 876 1290 1112 1334; x_wconf 87' lang='lat' dir='ltr'>adimplebunt.</span> 
     </span>
    </p>
   </div>
   <div class='ocr_carea' id='block_1_3' title="bbox 740 1405 902 1439">
    <p class='ocr_par' dir='ltr' id='par_1_3' title="bbox 740 1405 902 1439">
     <span class='ocr_line' id='line_1_21' title="bbox 740 1405 902 1439; baseline 0 0"><span class='ocrx_word' id='word_1_112' title='bbox 740 1405 822 1439; x_wconf 88' lang='lat' dir='ltr'><strong>CAP.</strong></span> <span class='ocrx_word' id='word_1_113' title='bbox 850 1405 902 1439; x_wconf 87' lang='lat'>111.</span> 
     </span>
    </p>
   </div>
   <div class='ocr_carea' id='block_1_4' title="bbox 625 1502 1025 1537">
    <p class='ocr_par' dir='ltr' id='par_1_4' title="bbox 625 1502 1025 1537">
     <span class='ocr_line' id='line_1_22' title="bbox 625 1502 1025 1537; baseline 0 -1"><span class='ocrx_word' id='word_1_114' title='bbox 625 1502 671 1536; x_wconf 78' lang='lat' dir='ltr'>De</span> <span class='ocrx_word' id='word_1_115' title='bbox 694 1503 843 1537; x_wconf 75' lang='lat' dir='ltr'>oratione</span> <span class='ocrx_word' id='word_1_116' title='bbox 867 1508 894 1536; x_wconf 81' lang='lat' dir='ltr'>et</span> <span class='ocrx_word' id='word_1_117' title='bbox 919 1503 1025 1537; x_wconf 73' lang='lat' dir='ltr'>choro.</span> 
     </span>
    </p>
   </div>
   <div class='ocr_carea' id='block_1_5' title="bbox 454 1609 1205 2660">
    <p class='ocr_par' dir='ltr' id='par_1_5' title="bbox 454 1609 1205 2660">
     <span class='ocr_line' id='line_1_23' title="bbox 498 1609 1195 1654; baseline 0.001 -11"><span class='ocrx_word' id='word_1_118' title='bbox 498 1610 615 1643; x_wconf 84' lang='lat' dir='ltr'>Omnes</span> <span class='ocrx_word' id='word_1_119' title='bbox 645 1620 733 1651; x_wconf 90' lang='lat' dir='ltr'>vero,</span> <span class='ocrx_word' id='word_1_120' title='bbox 770 1615 836 1642; x_wconf 88' lang='lat' dir='ltr'>tam</span> <span class='ocrx_word' id='word_1_121' title='bbox 865 1609 938 1643; x_wconf 91' lang='lat' dir='ltr'>laici</span> <span class='ocrx_word' id='word_1_122' title='bbox 963 1620 1060 1654; x_wconf 85' lang='lat' dir='ltr'>quam</span> <span class='ocrx_word' id='word_1_123' title='bbox 1086 1610 1195 1644; x_wconf 87' lang='lat' dir='ltr'>chori-</span> 
     </span>
     <span class='ocr_line' id='line_1_24' title="bbox 454 1662 1195 1705; baseline 0 -8"><span class='ocrx_word' id='word_1_124' title='bbox 454 1668 532 1705; x_wconf 84' lang='lat' dir='ltr'>stae,</span> <span class='ocrx_word' id='word_1_125' title='bbox 561 1663 667 1696; x_wconf 76' lang='lat' dir='ltr'>media</span> <span class='ocrx_word' id='word_1_126' title='bbox 691 1668 787 1696; x_wconf 90' lang='lat' dir='ltr'>nocte</span> <span class='ocrx_word' id='word_1_127' title='bbox 819 1663 858 1696; x_wconf 87' lang='lat' dir='ltr'>ad</span> <span class='ocrx_word' id='word_1_128' title='bbox 888 1662 1107 1697; x_wconf 86' lang='lat' dir='ltr'>confitendum</span> <span class='ocrx_word' id='word_1_129' title='bbox 1133 1665 1195 1697; x_wconf 90' lang='lat' dir='ltr'>Do-</span> 
     </span>
     <span class='ocr_line' id='line_1_25' title="bbox 455 1716 1195 1760; baseline 0.001 -11"><span class='ocrx_word' id='word_1_130' title='bbox 455 1716 544 1749; x_wconf 87' lang='lat' dir='ltr'>mino</span> <span class='ocrx_word' id='word_1_131' title='bbox 568 1721 712 1758; x_wconf 80' lang='lat' dir='ltr'>surgent,</span> <span class='ocrx_word' id='word_1_132' title='bbox 740 1726 804 1760; x_wconf 88' lang='lat' dir='ltr'>quo</span> <span class='ocrx_word' id='word_1_133' title='bbox 829 1722 976 1760; x_wconf 88' lang='lat' dir='ltr'>tempore</span> <span class='ocrx_word' id='word_1_134' title='bbox 1001 1718 1195 1750; x_wconf 87' lang='lat' dir='ltr'>matutinum</span> 
     </span>
     <span class='ocr_line' id='line_1_26' title="bbox 456 1768 1198 1804; baseline 0.001 -2"><span class='ocrx_word' id='word_1_135' title='bbox 456 1770 599 1803; x_wconf 84' lang='lat' dir='ltr'>officium</span> <span class='ocrx_word' id='word_1_136' title='bbox 626 1768 702 1803; x_wconf 86' lang='lat' dir='ltr'>cum</span> <span class='ocrx_word' id='word_1_137' title='bbox 724 1769 876 1803; x_wconf 84' lang='lat' dir='ltr'>laudibus</span> <span class='ocrx_word' id='word_1_138' title='bbox 901 1770 1062 1804; x_wconf 79' lang='lat' dir='ltr'>choristae</span> <span class='ocrx_word' id='word_1_139' title='bbox 1083 1770 1198 1804; x_wconf 82' lang='lat' dir='ltr'>recita-</span> 
     </span>
     <span class='ocr_line' id='line_1_27' title="bbox 455 1823 1199 1868; baseline 0.001 -12"><span class='ocrx_word' id='word_1_140' title='bbox 455 1823 556 1856; x_wconf 87' lang='lat' dir='ltr'>bunt:</span> <span class='ocrx_word' id='word_1_141' title='bbox 586 1823 729 1856; x_wconf 88' lang='lat' dir='ltr'>diluculo</span> <span class='ocrx_word' id='word_1_142' title='bbox 754 1834 842 1865; x_wconf 82' lang='lat' dir='ltr'>vero,</span> <span class='ocrx_word' id='word_1_143' title='bbox 859 1823 891 1856; x_wconf 92' lang='lat' dir='ltr'>in</span> <span class='ocrx_word' id='word_1_144' title='bbox 908 1823 978 1867; x_wconf 90' lang='lat' dir='ltr'>ipso</span> <span class='ocrx_word' id='word_1_145' title='bbox 999 1824 1062 1857; x_wconf 88' lang='lat' dir='ltr'>diei</span> <span class='ocrx_word' id='word_1_146' title='bbox 1083 1835 1199 1868; x_wconf 88' lang='lat' dir='ltr'>crepu-</span> 
     </span>
     <span class='ocr_line' id='line_1_28' title="bbox 456 1877 1199 1922; baseline 0.001 -13"><span class='ocrx_word' id='word_1_147' title='bbox 456 1877 558 1918; x_wconf 77' lang='lat' dir='ltr'>scuto,</span> <span class='ocrx_word' id='word_1_148' title='bbox 585 1877 634 1910; x_wconf 90' lang='lat' dir='ltr'>vel</span> <span class='ocrx_word' id='word_1_149' title='bbox 659 1877 757 1921; x_wconf 87' lang='lat' dir='ltr'>paulo</span> <span class='ocrx_word' id='word_1_150' title='bbox 783 1882 874 1918; x_wconf 86' lang='lat' dir='ltr'>ante,</span> <span class='ocrx_word' id='word_1_151' title='bbox 912 1877 1199 1922; x_wconf 24' lang='lat' dir='ltr'>maximehhyemis</span> 
     </span>
     <span class='ocr_line' id='line_1_29' title="bbox 457 1932 1195 1975; baseline 0.003 -12"><span class='ocrx_word' id='word_1_152' title='bbox 457 1936 626 1974; x_wconf 89' lang='lat' dir='ltr'>tempore,</span> <span class='ocrx_word' id='word_1_153' title='bbox 658 1942 771 1965; x_wconf 89' lang='lat' dir='ltr'>omnes</span> <span class='ocrx_word' id='word_1_154' title='bbox 801 1936 865 1965; x_wconf 86' lang='lat' dir='ltr'>tam</span> <span class='ocrx_word' id='word_1_155' title='bbox 897 1932 971 1965; x_wconf 88' lang='lat' dir='ltr'>laici</span> <span class='ocrx_word' id='word_1_156' title='bbox 992 1942 1088 1975; x_wconf 87' lang='lat' dir='ltr'>quam</span> <span class='ocrx_word' id='word_1_157' title='bbox 1115 1933 1195 1966; x_wconf 88' lang='lat' dir='ltr'>cho-</span> 
     </span>
     <span class='ocr_line' id='line_1_30' title="bbox 458 1985 1199 2029; baseline 0.001 -12"><span class='ocrx_word' id='word_1_158' title='bbox 458 1985 554 2018; x_wconf 87' lang='lat' dir='ltr'>ristae</span> <span class='ocrx_word' id='word_1_159' title='bbox 577 1996 635 2029; x_wconf 88' lang='lat' dir='ltr'>per</span> <span class='ocrx_word' id='word_1_160' title='bbox 660 1985 803 2027; x_wconf 80' lang='lat' dir='ltr'>singulos</span> <span class='ocrx_word' id='word_1_161' title='bbox 826 1985 893 2018; x_wconf 91' lang='lat' dir='ltr'>dies</span> <span class='ocrx_word' id='word_1_162' title='bbox 917 1985 1039 2029; x_wconf 87' lang='lat' dir='ltr'>pariter</span> <span class='ocrx_word' id='word_1_163' title='bbox 1064 1986 1104 2018; x_wconf 86' lang='lat' dir='ltr'>ad</span> <span class='ocrx_word' id='word_1_164' title='bbox 1128 1996 1199 2018; x_wconf 89' lang='lat' dir='ltr'>ora-</span> 
     </span>
     <span class='ocr_line' id='line_1_31' title="bbox 458 2039 1200 2083; baseline 0.001 -11"><span class='ocrx_word' id='word_1_165' title='bbox 458 2039 578 2072; x_wconf 89' lang='lat' dir='ltr'>tionem</span> <span class='ocrx_word' id='word_1_166' title='bbox 590 2045 795 2082; x_wconf 78' lang='lat' dir='ltr'>consurgent,</span> <span class='ocrx_word' id='word_1_167' title='bbox 810 2046 841 2073; x_wconf 89' lang='lat' dir='ltr'>et</span> <span class='ocrx_word' id='word_1_168' title='bbox 851 2040 882 2073; x_wconf 90' lang='lat' dir='ltr'>in</span> <span class='ocrx_word' id='word_1_169' title='bbox 893 2040 992 2073; x_wconf 87' lang='lat' dir='ltr'>choro</span> <span class='ocrx_word' id='word_1_170' title='bbox 1013 2040 1200 2083; x_wconf 76' lang='lat' dir='ltr'>congregati</span> 
     </span>
     <span class='ocr_line' id='line_1_32' title="bbox 457 2094 1199 2138; baseline 0.001 -12"><span class='ocrx_word' id='word_1_171' title='bbox 457 2104 517 2138; x_wconf 92' lang='lat' dir='ltr'>per</span> <span class='ocrx_word' id='word_1_172' title='bbox 541 2094 708 2127; x_wconf 87' lang='lat' dir='ltr'>dimidiam</span> <span class='ocrx_word' id='word_1_173' title='bbox 726 2094 839 2127; x_wconf 87' lang='lat' dir='ltr'>saltem</span> <span class='ocrx_word' id='word_1_174' title='bbox 872 2094 985 2127; x_wconf 90' lang='lat' dir='ltr'>horam</span> <span class='ocrx_word' id='word_1_175' title='bbox 1019 2094 1199 2128; x_wconf 89' lang='lat' dir='ltr'>orationem</span> 
     </span>
     <span class='ocr_line' id='line_1_33' title="bbox 459 2147 1199 2192; baseline 0.001 -13"><span class='ocrx_word' id='word_1_176' title='bbox 459 2148 632 2180; x_wconf 83' lang='lat' dir='ltr'>mentalem</span> <span class='ocrx_word' id='word_1_177' title='bbox 669 2147 856 2188; x_wconf 86' lang='lat' dir='ltr'>habebunt,</span> <span class='ocrx_word' id='word_1_178' title='bbox 899 2153 935 2180; x_wconf 89' lang='lat' dir='ltr'>ut</span> <span class='ocrx_word' id='word_1_179' title='bbox 969 2148 1067 2192; x_wconf 87' lang='lat' dir='ltr'>primi</span> <span class='ocrx_word' id='word_1_180' title='bbox 1101 2148 1199 2180; x_wconf 89' lang='lat' dir='ltr'>animi</span> 
     </span>
     <span class='ocr_line' id='line_1_34' title="bbox 459 2201 1200 2245; baseline 0.001 -12"><span class='ocrx_word' id='word_1_181' title='bbox 459 2206 567 2234; x_wconf 90' lang='lat' dir='ltr'>motus</span> <span class='ocrx_word' id='word_1_182' title='bbox 582 2201 719 2235; x_wconf 90' lang='lat' dir='ltr'>Domino</span> <span class='ocrx_word' id='word_1_183' title='bbox 738 2208 979 2242; x_wconf 86' lang='lat' dir='ltr'>consecrentur,</span> <span class='ocrx_word' id='word_1_184' title='bbox 1001 2206 1032 2234; x_wconf 88' lang='lat' dir='ltr'>et</span> <span class='ocrx_word' id='word_1_185' title='bbox 1051 2201 1084 2234; x_wconf 91' lang='lat' dir='ltr'>in</span> <span class='ocrx_word' id='word_1_186' title='bbox 1101 2201 1200 2245; x_wconf 90' lang='lat' dir='ltr'>ipsius</span> 
     </span>
     <span class='ocr_line' id='line_1_35' title="bbox 460 2255 1200 2299; baseline 0.001 -12"><span class='ocrx_word' id='word_1_187' title='bbox 460 2255 652 2299; x_wconf 88' lang='lat' dir='ltr'>obsequium</span> <span class='ocrx_word' id='word_1_188' title='bbox 671 2265 783 2288; x_wconf 89' lang='lat' dir='ltr'>omnes</span> <span class='ocrx_word' id='word_1_189' title='bbox 809 2255 872 2288; x_wconf 93' lang='lat' dir='ltr'>diei</span> <span class='ocrx_word' id='word_1_190' title='bbox 898 2255 1080 2297; x_wconf 74' lang='lat' dir='ltr'>dirigantur</span> <span class='ocrx_word' id='word_1_191' title='bbox 1100 2255 1200 2288; x_wconf 88' lang='lat' dir='ltr'>actio-</span> 
     </span>
     <span class='ocr_line' id='line_1_36' title="bbox 460 2309 1202 2352; baseline 0 -11"><span class='ocrx_word' id='word_1_192' title='bbox 460 2319 535 2349; x_wconf 86' lang='lat' dir='ltr'>nes;</span> <span class='ocrx_word' id='word_1_193' title='bbox 559 2309 706 2342; x_wconf 87' lang='lat' dir='ltr'>oratione</span> <span class='ocrx_word' id='word_1_194' title='bbox 720 2309 855 2352; x_wconf 73' lang='lat' dir='ltr'>expleta,</span> <span class='ocrx_word' id='word_1_195' title='bbox 880 2309 957 2342; x_wconf 90' lang='lat' dir='ltr'>dum</span> <span class='ocrx_word' id='word_1_196' title='bbox 975 2309 1136 2342; x_wconf 82' lang='lat' dir='ltr'>choristae</span> <span class='ocrx_word' id='word_1_197' title='bbox 1152 2319 1202 2342; x_wconf 87' lang='lat' dir='ltr'>re-</span> 
     </span>
     <span class='ocr_line' id='line_1_37' title="bbox 462 2361 1198 2404; baseline 0 -10"><span class='ocrx_word' id='word_1_198' title='bbox 462 2362 561 2394; x_wconf 86' lang='lat' dir='ltr'>citant</span> <span class='ocrx_word' id='word_1_199' title='bbox 590 2361 753 2403; x_wconf 84' lang='lat' dir='ltr'>Primam,</span> <span class='ocrx_word' id='word_1_200' title='bbox 789 2362 861 2395; x_wconf 85' lang='lat' dir='ltr'>laici</span> <span class='ocrx_word' id='word_1_201' title='bbox 891 2362 1018 2395; x_wconf 87' lang='lat' dir='ltr'>Missam</span> <span class='ocrx_word' id='word_1_202' title='bbox 1047 2362 1198 2404; x_wconf 86' lang='lat' dir='ltr'>audiant,</span> 
     </span>
     <span class='ocr_line' id='line_1_38' title="bbox 462 2414 1202 2458; baseline 0 -11"><span class='ocrx_word' id='word_1_203' title='bbox 462 2425 558 2458; x_wconf 87' lang='lat' dir='ltr'>quam</span> <span class='ocrx_word' id='word_1_204' title='bbox 584 2414 689 2448; x_wconf 86' lang='lat' dir='ltr'>Tertia</span> <span class='ocrx_word' id='word_1_205' title='bbox 702 2425 719 2447; x_wconf 88' lang='lat' dir='ltr'>a</span> <span class='ocrx_word' id='word_1_206' title='bbox 740 2415 888 2448; x_wconf 86' lang='lat' dir='ltr'>choristis</span> <span class='ocrx_word' id='word_1_207' title='bbox 906 2415 1071 2448; x_wconf 88' lang='lat' dir='ltr'>recitanda</span> <span class='ocrx_word' id='word_1_208' title='bbox 1088 2425 1202 2458; x_wconf 87' lang='lat' dir='ltr'>sequa-</span> 
     </span>
     <span class='ocr_line' id='line_1_39' title="bbox 462 2467 1203 2509; baseline 0 -9"><span class='ocrx_word' id='word_1_209' title='bbox 462 2474 526 2508; x_wconf 89' lang='lat' dir='ltr'>tur,</span> <span class='ocrx_word' id='word_1_210' title='bbox 544 2467 594 2501; x_wconf 83' lang='lat' dir='ltr'>cui</span> <span class='ocrx_word' id='word_1_211' title='bbox 615 2468 711 2501; x_wconf 87' lang='lat' dir='ltr'>etiam</span> <span class='ocrx_word' id='word_1_212' title='bbox 725 2467 798 2501; x_wconf 88' lang='lat' dir='ltr'>laici</span> <span class='ocrx_word' id='word_1_213' title='bbox 814 2479 936 2509; x_wconf 89' lang='lat' dir='ltr'>omnes,</span> <span class='ocrx_word' id='word_1_214' title='bbox 954 2468 1041 2500; x_wconf 85' lang='lat' dir='ltr'>iuxta</span> <span class='ocrx_word' id='word_1_215' title='bbox 1062 2468 1125 2501; x_wconf 90' lang='lat' dir='ltr'>divi</span> <span class='ocrx_word' id='word_1_216' title='bbox 1146 2469 1203 2501; x_wconf 86' lang='lat' dir='ltr'>Ba-</span> 
     </span>
     <span class='ocr_line' id='line_1_40' title="bbox 464 2520 1204 2564; baseline 0.003 -12"><span class='ocrx_word' id='word_1_217' title='bbox 464 2520 525 2553; x_wconf 90' lang='lat' dir='ltr'>silii</span> <span class='ocrx_word' id='word_1_218' title='bbox 550 2526 769 2564; x_wconf 89' lang='lat' dir='ltr'>praeceptum,</span> <span class='ocrx_word' id='word_1_219' title='bbox 797 2521 951 2554; x_wconf 85' lang='lat' dir='ltr'>interesse</span> <span class='ocrx_word' id='word_1_220' title='bbox 965 2521 1094 2561; x_wconf 71' lang='lat' dir='ltr'>debent,</span> <span class='ocrx_word' id='word_1_221' title='bbox 1115 2521 1204 2555; x_wconf 85' lang='lat' dir='ltr'>ethis</span> 
     </span>
     <span class='ocr_line' id='line_1_41' title="bbox 466 2573 1204 2617; baseline 0.001 -12"><span class='ocrx_word' id='word_1_222' title='bbox 466 2573 583 2614; x_wconf 80' lang='lat' dir='ltr'>sinitis,</span> <span class='ocrx_word' id='word_1_223' title='bbox 611 2574 833 2617; x_wconf 83' lang='lat' dir='ltr'>unusquisque</span> <span class='ocrx_word' id='word_1_224' title='bbox 855 2575 905 2607; x_wconf 86' lang='lat' dir='ltr'>ad·</span> <span class='ocrx_word' id='word_1_225' title='bbox 919 2584 1000 2617; x_wconf 89' lang='lat' dir='ltr'>opus</span> <span class='ocrx_word' id='word_1_226' title='bbox 1024 2585 1118 2607; x_wconf 88' lang='lat' dir='ltr'>suum</span> <span class='ocrx_word' id='word_1_227' title='bbox 1138 2574 1204 2607; x_wconf 79' lang='lat' dir='ltr'>exi-</span> 
     </span>
     <span class='ocr_line' id='line_1_42' title="bbox 465 2622 1205 2660; baseline 0.003 -3"><span class='ocrx_word' id='word_1_228' title='bbox 465 2625 523 2658; x_wconf 85' lang='lat' dir='ltr'>bit.</span> <span class='ocrx_word' id='word_1_229' title='bbox 558 2622 723 2660; x_wconf 86' lang='lat' dir='ltr'>Choristae</span> <span class='ocrx_word' id='word_1_230' title='bbox 754 2637 831 2660; x_wconf 91' lang='lat' dir='ltr'>vero</span> <span class='ocrx_word' id='word_1_231' title='bbox 860 2626 986 2660; x_wconf 86' lang='lat' dir='ltr'>statutis</span> <span class='ocrx_word' id='word_1_232' title='bbox 1004 2627 1043 2659; x_wconf 84' lang='lat' dir='ltr'>ab</span> <span class='ocrx_word' id='word_1_233' title='bbox 1064 2627 1205 2660; x_wconf 78' lang='lat' dir='ltr'>Ecclesia</span> 
     </span>
    </p>
   </div>
   <div class='ocr_carea' id='block_1_6' title="bbox 1026 273 1383 299">
    <p class='ocr_par' dir='ltr' id='par_1_6' title="bbox 1026 273 1383 299">
     <span class='ocr_line' id='line_1_43' title="bbox 1026 273 1383 299; baseline 0.006 -2"><span class='ocrx_word' id='word_1_234' title='bbox 1026 273 1210 298; x_wconf 76' lang='lat' dir='ltr'>BULLARIUM</span> <span class='ocrx_word' id='word_1_235' title='bbox 1229 273 1383 299; x_wconf 72' lang='lat' dir='ltr'><strong>ROMANUM</strong></span> 
     </span>
    </p>
   </div>
   <div class='ocr_carea' id='block_1_7' title="bbox 1218 322 1972 1975">
    <p class='ocr_par' dir='ltr' id='par_1_7' title="bbox 1218 322 1972 1975">
     <span class='ocr_line' id='line_1_44' title="bbox 1218 322 1961 368; baseline 0 -11"><span class='ocrx_word' id='word_1_236' title='bbox 1218 323 1315 365; x_wconf 83' lang='lat' dir='ltr'>cium,</span> <span class='ocrx_word' id='word_1_237' title='bbox 1328 329 1359 357; x_wconf 86' lang='lat' dir='ltr'>et</span> <span class='ocrx_word' id='word_1_238' title='bbox 1372 323 1513 367; x_wconf 86' lang='lat' dir='ltr'>reliquas</span> <span class='ocrx_word' id='word_1_239' title='bbox 1524 322 1620 356; x_wconf 88' lang='lat' dir='ltr'>horas</span> <span class='ocrx_word' id='word_1_240' title='bbox 1634 322 1816 365; x_wconf 86' lang='lat' dir='ltr'>canonicas,</span> <span class='ocrx_word' id='word_1_241' title='bbox 1832 334 1961 368; x_wconf 89' lang='lat' dir='ltr'>semper</span> 
     </span>
     <span class='ocr_line' id='line_1_45' title="bbox 1219 377 1961 419; baseline 0.001 -9"><span class='ocrx_word' id='word_1_242' title='bbox 1219 378 1315 419; x_wconf 90' lang='lat' dir='ltr'>clare,</span> <span class='ocrx_word' id='word_1_243' title='bbox 1344 377 1494 411; x_wconf 86' lang='lat' dir='ltr'>distincte</span> <span class='ocrx_word' id='word_1_244' title='bbox 1519 382 1550 411; x_wconf 89' lang='lat' dir='ltr'>et</span> <span class='ocrx_word' id='word_1_245' title='bbox 1573 377 1688 411; x_wconf 89' lang='lat' dir='ltr'>devote</span> <span class='ocrx_word' id='word_1_246' title='bbox 1717 377 1884 410; x_wconf 87' lang='lat' dir='ltr'>recitaturi</span> <span class='ocrx_word' id='word_1_247' title='bbox 1908 388 1961 411; x_wconf 88' lang='lat' dir='ltr'>ac-</span> 
     </span>
     <span class='ocr_line' id='line_1_46' title="bbox 1220 431 1960 475; baseline -0.001 -11"><span class='ocrx_word' id='word_1_248' title='bbox 1220 431 1346 472; x_wconf 88' lang='lat' dir='ltr'>cedent,</span> <span class='ocrx_word' id='word_1_249' title='bbox 1371 442 1450 475; x_wconf 88' lang='lat' dir='ltr'>quas</span> <span class='ocrx_word' id='word_1_250' title='bbox 1478 442 1538 464; x_wconf 91' lang='lat' dir='ltr'>nec</span> <span class='ocrx_word' id='word_1_251' title='bbox 1573 441 1704 472; x_wconf 89' lang='lat' dir='ltr'>omnes,</span> <span class='ocrx_word' id='word_1_252' title='bbox 1740 441 1800 464; x_wconf 87' lang='lat' dir='ltr'>nec</span> <span class='ocrx_word' id='word_1_253' title='bbox 1831 431 1960 464; x_wconf 88' lang='lat' dir='ltr'>illarum</span> 
     </span>
     <span class='ocr_line' id='line_1_47' title="bbox 1220 481 1962 528; baseline -0.001 -10"><span class='ocrx_word' id='word_1_254' title='bbox 1220 481 1399 528; x_wconf 73' lang='lat' dir='ltr'>quanflibet</span> <span class='ocrx_word' id='word_1_255' title='bbox 1419 484 1604 525; x_wconf 88' lang='lat' dir='ltr'>cantabunt,</span> <span class='ocrx_word' id='word_1_256' title='bbox 1625 483 1764 527; x_wconf 84' lang='lat' dir='ltr'>exceptis</span> <span class='ocrx_word' id='word_1_257' title='bbox 1782 483 1896 517; x_wconf 88' lang='lat' dir='ltr'>diebus</span> <span class='ocrx_word' id='word_1_258' title='bbox 1916 484 1962 517; x_wconf 84' lang='lat' dir='ltr'>se-</span> 
     </span>
     <span class='ocr_line' id='line_1_48' title="bbox 1220 536 1962 581; baseline 0 -11"><span class='ocrx_word' id='word_1_259' title='bbox 1220 537 1317 577; x_wconf 86' lang='lat' dir='ltr'>stivis‚</span> <span class='ocrx_word' id='word_1_260' title='bbox 1345 537 1464 581; x_wconf 90' lang='lat' dir='ltr'>quibus</span> <span class='ocrx_word' id='word_1_261' title='bbox 1484 537 1522 570; x_wconf 89' lang='lat' dir='ltr'>ab</span> <span class='ocrx_word' id='word_1_262' title='bbox 1549 547 1648 581; x_wconf 89' lang='lat' dir='ltr'>opere</span> <span class='ocrx_word' id='word_1_263' title='bbox 1668 536 1701 569; x_wconf 91' lang='lat' dir='ltr'>in</span> <span class='ocrx_word' id='word_1_264' title='bbox 1720 536 1878 579; x_wconf 82' lang='lat' dir='ltr'>religione</span> <span class='ocrx_word' id='word_1_265' title='bbox 1899 546 1962 570; x_wconf 88' lang='lat' dir='ltr'>ces-</span> 
     </span>
     <span class='ocr_line' id='line_1_49' title="bbox 1221 589 1958 635; baseline -0.003 -11"><span class='ocrx_word' id='word_1_266' title='bbox 1221 590 1284 624; x_wconf 88' lang='lat' dir='ltr'>sari</span> <span class='ocrx_word' id='word_1_267' title='bbox 1301 591 1397 632; x_wconf 78' lang='lat' dir='ltr'>solet3</span> <span class='ocrx_word' id='word_1_268' title='bbox 1420 591 1519 635; x_wconf 88' lang='lat' dir='ltr'>idque</span> <span class='ocrx_word' id='word_1_269' title='bbox 1539 591 1672 624; x_wconf 90' lang='lat' dir='ltr'>minime</span> <span class='ocrx_word' id='word_1_270' title='bbox 1693 595 1789 623; x_wconf 82' lang='lat' dir='ltr'>cantu</span> <span class='ocrx_word' id='word_1_271' title='bbox 1808 589 1958 632; x_wconf 81' lang='lat' dir='ltr'>figurato,</span> 
     </span>
     <span class='ocr_line' id='line_1_50' title="bbox 1221 643 1962 688; baseline -0.001 -11"><span class='ocrx_word' id='word_1_272' title='bbox 1221 655 1278 678; x_wconf 90' lang='lat' dir='ltr'>seu</span> <span class='ocrx_word' id='word_1_273' title='bbox 1315 645 1424 688; x_wconf 90' lang='lat' dir='ltr'>aliquo</span> <span class='ocrx_word' id='word_1_274' title='bbox 1458 645 1520 678; x_wconf 87' lang='lat' dir='ltr'>alio</span> <span class='ocrx_word' id='word_1_275' title='bbox 1551 650 1619 678; x_wconf 84' lang='lat' dir='ltr'>arte</span> <span class='ocrx_word' id='word_1_276' title='bbox 1652 643 1869 684; x_wconf 80' lang='lat' dir='ltr'>addiscendo,</span> <span class='ocrx_word' id='word_1_277' title='bbox 1905 643 1962 677; x_wconf 89' lang='lat' dir='ltr'>sed</span> 
     </span>
     <span class='ocr_line' id='line_1_51' title="bbox 1223 697 1962 742; baseline -0.003 -11"><span class='ocrx_word' id='word_1_278' title='bbox 1223 698 1368 731; x_wconf 74' lang='lat' dir='ltr'>modesta</span> <span class='ocrx_word' id='word_1_279' title='bbox 1397 698 1534 742; x_wconf 89' lang='lat' dir='ltr'>parique</span> <span class='ocrx_word' id='word_1_280' title='bbox 1557 708 1636 731; x_wconf 92' lang='lat' dir='ltr'>voce</span> <span class='ocrx_word' id='word_1_281' title='bbox 1665 698 1867 741; x_wconf 85' lang='lat' dir='ltr'>aliquantum</span> <span class='ocrx_word' id='word_1_282' title='bbox 1899 697 1962 730; x_wconf 90' lang='lat' dir='ltr'>ela-</span> 
     </span>
     <span class='ocr_line' id='line_1_52' title="bbox 1224 751 1962 793; baseline -0.001 -10"><span class='ocrx_word' id='word_1_283' title='bbox 1224 751 1296 784; x_wconf 89' lang='lat' dir='ltr'>tiori</span> <span class='ocrx_word' id='word_1_284' title='bbox 1321 757 1452 784; x_wconf 88' lang='lat' dir='ltr'>cantare</span> <span class='ocrx_word' id='word_1_285' title='bbox 1477 756 1698 784; x_wconf 85' lang='lat' dir='ltr'>consuescent.</span> <span class='ocrx_word' id='word_1_286' title='bbox 1727 751 1885 793; x_wconf 83' lang='lat' dir='ltr'>Tempore</span> <span class='ocrx_word' id='word_1_287' title='bbox 1904 759 1962 782; x_wconf 85' lang='lat' dir='ltr'>au-</span> 
     </span>
     <span class='ocr_line' id='line_1_53' title="bbox 1223 803 1963 849; baseline -0.004 -10"><span class='ocrx_word' id='word_1_288' title='bbox 1223 811 1287 839; x_wconf 88' lang='lat' dir='ltr'>tem</span> <span class='ocrx_word' id='word_1_289' title='bbox 1315 805 1522 849; x_wconf 90' lang='lat' dir='ltr'>Completorii</span> <span class='ocrx_word' id='word_1_290' title='bbox 1555 815 1666 838; x_wconf 89' lang='lat' dir='ltr'>omnes</span> <span class='ocrx_word' id='word_1_291' title='bbox 1692 804 1810 838; x_wconf 88' lang='lat' dir='ltr'>iterum</span> <span class='ocrx_word' id='word_1_292' title='bbox 1836 809 1867 837; x_wconf 90' lang='lat' dir='ltr'>et</span> <span class='ocrx_word' id='word_1_293' title='bbox 1889 803 1963 837; x_wconf 87' lang='lat' dir='ltr'>laici</span> 
     </span>
     <span class='ocr_line' id='line_1_54' title="bbox 1224 857 1961 901; baseline -0.004 -8"><span class='ocrx_word' id='word_1_294' title='bbox 1224 865 1255 893; x_wconf 92' lang='lat' dir='ltr'>et</span> <span class='ocrx_word' id='word_1_295' title='bbox 1274 859 1434 893; x_wconf 89' lang='lat' dir='ltr'>choristae</span> <span class='ocrx_word' id='word_1_296' title='bbox 1471 859 1503 891; x_wconf 92' lang='lat' dir='ltr'>in</span> <span class='ocrx_word' id='word_1_297' title='bbox 1541 858 1639 891; x_wconf 91' lang='lat' dir='ltr'>choro</span> <span class='ocrx_word' id='word_1_298' title='bbox 1666 857 1961 901; x_wconf 77' lang='lat' dir='ltr'>congregabuntur,</span> 
     </span>
     <span class='ocr_line' id='line_1_55' title="bbox 1224 911 1964 958; baseline -0.004 -11"><span class='ocrx_word' id='word_1_299' title='bbox 1224 923 1288 958; x_wconf 88' lang='lat' dir='ltr'>quo</span> <span class='ocrx_word' id='word_1_300' title='bbox 1312 913 1415 953; x_wconf 83' lang='lat' dir='ltr'>sinito,</span> <span class='ocrx_word' id='word_1_301' title='bbox 1443 923 1501 957; x_wconf 89' lang='lat' dir='ltr'>per</span> <span class='ocrx_word' id='word_1_302' title='bbox 1526 911 1695 945; x_wconf 83' lang='lat' dir='ltr'>dimidiam</span> <span class='ocrx_word' id='word_1_303' title='bbox 1715 912 1828 944; x_wconf 88' lang='lat' dir='ltr'>saltem</span> <span class='ocrx_word' id='word_1_304' title='bbox 1848 911 1964 945; x_wconf 87' lang='lat' dir='ltr'>horam</span> 
     </span>
     <span class='ocr_line' id='line_1_56' title="bbox 1224 965 1965 1009; baseline -0.003 -9"><span class='ocrx_word' id='word_1_305' title='bbox 1224 968 1340 1002; x_wconf 87' lang='lat' dir='ltr'>iterum</span> <span class='ocrx_word' id='word_1_306' title='bbox 1359 966 1540 1000; x_wconf 87' lang='lat' dir='ltr'>orationem</span> <span class='ocrx_word' id='word_1_307' title='bbox 1558 966 1735 1006; x_wconf 90' lang='lat' dir='ltr'>habebunt,</span> <span class='ocrx_word' id='word_1_308' title='bbox 1756 965 1788 998; x_wconf 90' lang='lat' dir='ltr'>in</span> <span class='ocrx_word' id='word_1_309' title='bbox 1809 976 1873 1009; x_wconf 88' lang='lat' dir='ltr'>qua</span> <span class='ocrx_word' id='word_1_310' title='bbox 1890 975 1965 999; x_wconf 89' lang='lat' dir='ltr'>con-</span> 
     </span>
     <span class='ocr_line' id='line_1_57' title="bbox 1224 1018 1967 1064; baseline -0.005 -9"><span class='ocrx_word' id='word_1_311' title='bbox 1224 1021 1391 1056; x_wconf 83' lang='lat' dir='ltr'>scientiam</span> <span class='ocrx_word' id='word_1_312' title='bbox 1413 1030 1504 1053; x_wconf 84' lang='lat' dir='ltr'>suam</span> <span class='ocrx_word' id='word_1_313' title='bbox 1524 1018 1885 1064; x_wconf 82' lang='lat' dir='ltr'>quisqueexaminabit.</span> <span class='ocrx_word' id='word_1_314' title='bbox 1905 1019 1967 1052; x_wconf 89' lang='lat' dir='ltr'>Re-</span> 
     </span>
     <span class='ocr_line' id='line_1_58' title="bbox 1224 1072 1963 1119; baseline -0.004 -11"><span class='ocrx_word' id='word_1_315' title='bbox 1224 1075 1320 1119; x_wconf 86' lang='lat' dir='ltr'>liquis</span> <span class='ocrx_word' id='word_1_316' title='bbox 1344 1084 1421 1107; x_wconf 77' lang='lat' dir='ltr'>vero</span> <span class='ocrx_word' id='word_1_317' title='bbox 1451 1073 1608 1107; x_wconf 90' lang='lat' dir='ltr'>orationis</span> <span class='ocrx_word' id='word_1_318' title='bbox 1641 1072 1841 1116; x_wconf 87' lang='lat' dir='ltr'>temporibus</span> <span class='ocrx_word' id='word_1_319' title='bbox 1871 1072 1963 1113; x_wconf 89' lang='lat' dir='ltr'>laici,</span> 
     </span>
     <span class='ocr_line' id='line_1_59' title="bbox 1224 1126 1966 1172; baseline -0.004 -9"><span class='ocrx_word' id='word_1_320' title='bbox 1224 1129 1424 1172; x_wconf 87' lang='lat' dir='ltr'>ubicumque</span> <span class='ocrx_word' id='word_1_321' title='bbox 1441 1127 1571 1168; x_wconf 87' lang='lat' dir='ltr'>suerint,</span> <span class='ocrx_word' id='word_1_322' title='bbox 1592 1126 1713 1160; x_wconf 85' lang='lat' dir='ltr'>ibidem</span> <span class='ocrx_word' id='word_1_323' title='bbox 1731 1126 1880 1159; x_wconf 83' lang='lat' dir='ltr'>orabunt.</span> <span class='ocrx_word' id='word_1_324' title='bbox 1893 1126 1966 1160; x_wconf 90' lang='lat' dir='ltr'>Mis-</span> 
     </span>
     <span class='ocr_line' id='line_1_60' title="bbox 1226 1179 1967 1216; baseline -0.003 0"><span class='ocrx_word' id='word_1_325' title='bbox 1226 1193 1279 1216; x_wconf 86' lang='lat' dir='ltr'>sae</span> <span class='ocrx_word' id='word_1_326' title='bbox 1304 1192 1380 1215; x_wconf 75' lang='lat' dir='ltr'>vero</span> <span class='ocrx_word' id='word_1_327' title='bbox 1405 1182 1510 1216; x_wconf 89' lang='lat' dir='ltr'>solum</span> <span class='ocrx_word' id='word_1_328' title='bbox 1536 1180 1685 1214; x_wconf 87' lang='lat' dir='ltr'>similiter</span> <span class='ocrx_word' id='word_1_329' title='bbox 1709 1180 1828 1213; x_wconf 82' lang='lat' dir='ltr'>festivis</span> <span class='ocrx_word' id='word_1_330' title='bbox 1853 1179 1967 1214; x_wconf 89' lang='lat' dir='ltr'>diebus</span> 
     </span>
     <span class='ocr_line' id='line_1_61' title="bbox 1226 1232 1968 1278; baseline -0.004 -9"><span class='ocrx_word' id='word_1_331' title='bbox 1226 1235 1421 1278; x_wconf 77' lang='lat' dir='ltr'>regulariter</span> <span class='ocrx_word' id='word_1_332' title='bbox 1445 1233 1673 1275; x_wconf 83' lang='lat' dir='ltr'>cantabuntur,</span> <span class='ocrx_word' id='word_1_333' title='bbox 1699 1232 1835 1277; x_wconf 89' lang='lat' dir='ltr'>reliquis</span> <span class='ocrx_word' id='word_1_334' title='bbox 1861 1238 1968 1266; x_wconf 90' lang='lat' dir='ltr'>tamen</span> 
     </span>
     <span class='ocr_line' id='line_1_62' title="bbox 1226 1286 1969 1330; baseline -0.001 -9"><span class='ocrx_word' id='word_1_335' title='bbox 1226 1289 1314 1322; x_wconf 90' lang='lat' dir='ltr'>omni</span> <span class='ocrx_word' id='word_1_336' title='bbox 1341 1298 1413 1321; x_wconf 90' lang='lat' dir='ltr'>cum</span> <span class='ocrx_word' id='word_1_337' title='bbox 1439 1287 1610 1320; x_wconf 88' lang='lat' dir='ltr'>devotione</span> <span class='ocrx_word' id='word_1_338' title='bbox 1634 1286 1837 1320; x_wconf 88' lang='lat' dir='ltr'>celebrentur</span> <span class='ocrx_word' id='word_1_339' title='bbox 1846 1298 1854 1327; x_wconf 89' lang='lat'>;</span> <span class='ocrx_word' id='word_1_340' title='bbox 1881 1286 1969 1330; x_wconf 90' lang='lat' dir='ltr'>quod</span> 
     </span>
     <span class='ocr_line' id='line_1_63' title="bbox 1226 1339 1970 1381; baseline -0.004 -6"><span class='ocrx_word' id='word_1_341' title='bbox 1226 1348 1262 1375; x_wconf 85' lang='lat' dir='ltr'>ut</span> <span class='ocrx_word' id='word_1_342' title='bbox 1286 1341 1468 1375; x_wconf 86' lang='lat' dir='ltr'>sacerdotes</span> <span class='ocrx_word' id='word_1_343' title='bbox 1490 1340 1603 1373; x_wconf 87' lang='lat' dir='ltr'>melius</span> <span class='ocrx_word' id='word_1_344' title='bbox 1624 1339 1753 1381; x_wconf 80' lang='lat' dir='ltr'>saciant,</span> <span class='ocrx_word' id='word_1_345' title='bbox 1781 1340 1924 1381; x_wconf 89' lang='lat' dir='ltr'>eosdem,</span> <span class='ocrx_word' id='word_1_346' title='bbox 1951 1350 1970 1373; x_wconf 86' lang='lat' dir='ltr'>a</span> 
     </span>
     <span class='ocr_line' id='line_1_64' title="bbox 1228 1393 1970 1438; baseline -0.003 -10"><span class='ocrx_word' id='word_1_347' title='bbox 1228 1395 1387 1428; x_wconf 89' lang='lat' dir='ltr'>matutino</span> <span class='ocrx_word' id='word_1_348' title='bbox 1413 1400 1559 1438; x_wconf 88' lang='lat' dir='ltr'>tempore</span> <span class='ocrx_word' id='word_1_349' title='bbox 1591 1403 1693 1437; x_wconf 87' lang='lat' dir='ltr'>usque</span> <span class='ocrx_word' id='word_1_350' title='bbox 1724 1393 1764 1426; x_wconf 85' lang='lat' dir='ltr'>ad</span> <span class='ocrx_word' id='word_1_351' title='bbox 1795 1393 1970 1437; x_wconf 82' lang='lat' dir='ltr'>prandium</span> 
     </span>
     <span class='ocr_line' id='line_1_65' title="bbox 1227 1447 1969 1490; baseline -0.004 -6"><span class='ocrx_word' id='word_1_352' title='bbox 1227 1449 1445 1490; x_wconf 88' lang='lat' dir='ltr'>solummodo,</span> <span class='ocrx_word' id='word_1_353' title='bbox 1469 1459 1486 1481; x_wconf 86' lang='lat' dir='ltr'>a</span> <span class='ocrx_word' id='word_1_354' title='bbox 1506 1457 1661 1481; x_wconf 83' lang='lat' dir='ltr'>manuum</span> <span class='ocrx_word' id='word_1_355' title='bbox 1681 1447 1848 1481; x_wconf 89' lang='lat' dir='ltr'>laboribus</span> <span class='ocrx_word' id='word_1_356' title='bbox 1873 1458 1969 1481; x_wconf 86' lang='lat' dir='ltr'>excu-</span> 
     </span>
     <span class='ocr_line' id='line_1_66' title="bbox 1228 1502 1969 1537; baseline -0.004 0"><span class='ocrx_word' id='word_1_357' title='bbox 1228 1514 1346 1537; x_wconf 88' lang='lat' dir='ltr'>samus.</span> <span class='ocrx_word' id='word_1_358' title='bbox 1374 1503 1419 1536; x_wconf 87' lang='lat' dir='ltr'>Ne</span> <span class='ocrx_word' id='word_1_359' title='bbox 1444 1507 1552 1535; x_wconf 88' lang='lat' dir='ltr'>autem</span> <span class='ocrx_word' id='word_1_360' title='bbox 1589 1507 1702 1534; x_wconf 87' lang='lat' dir='ltr'>contra</span> <span class='ocrx_word' id='word_1_361' title='bbox 1733 1507 1881 1535; x_wconf 88' lang='lat' dir='ltr'>sanctum</span> <span class='ocrx_word' id='word_1_362' title='bbox 1911 1502 1969 1535; x_wconf 89' lang='lat' dir='ltr'>Ba-</span> 
     </span>
     <span class='ocr_line' id='line_1_67' title="bbox 1228 1554 1971 1600; baseline -0.003 -10"><span class='ocrx_word' id='word_1_363' title='bbox 1228 1557 1335 1590; x_wconf 87' lang='lat' dir='ltr'>silium</span> <span class='ocrx_word' id='word_1_364' title='bbox 1361 1556 1402 1590; x_wconf 91' lang='lat' dir='ltr'>ob</span> <span class='ocrx_word' id='word_1_365' title='bbox 1426 1554 1626 1600; x_wconf 83' lang='lat' dir='ltr'>psalmodiae</span> <span class='ocrx_word' id='word_1_366' title='bbox 1663 1554 1903 1588; x_wconf 89' lang='lat' dir='ltr'>simulationem</span> <span class='ocrx_word' id='word_1_367' title='bbox 1940 1559 1971 1588; x_wconf 90' lang='lat' dir='ltr'>et</span> 
     </span>
     <span class='ocr_line' id='line_1_68' title="bbox 1230 1607 1968 1654; baseline -0.004 -11"><span class='ocrx_word' id='word_1_368' title='bbox 1230 1609 1327 1644; x_wconf 82' lang='lat' dir='ltr'>officii</span> <span class='ocrx_word' id='word_1_369' title='bbox 1351 1609 1567 1654; x_wconf 84' lang='lat' dir='ltr'>prolixitatem</span> <span class='ocrx_word' id='word_1_370' title='bbox 1597 1608 1690 1642; x_wconf 88' lang='lat' dir='ltr'>labor</span> <span class='ocrx_word' id='word_1_371' title='bbox 1721 1618 1876 1641; x_wconf 88' lang='lat' dir='ltr'>manuum</span> <span class='ocrx_word' id='word_1_372' title='bbox 1906 1607 1968 1641; x_wconf 85' lang='lat' dir='ltr'>ali-</span> 
     </span>
     <span class='ocr_line' id='line_1_69' title="bbox 1230 1661 1971 1708; baseline -0.004 -11"><span class='ocrx_word' id='word_1_373' title='bbox 1230 1668 1389 1708; x_wconf 87' lang='lat' dir='ltr'>quatenus</span> <span class='ocrx_word' id='word_1_374' title='bbox 1411 1663 1568 1706; x_wconf 80' lang='lat' dir='ltr'>fugiatur,</span> <span class='ocrx_word' id='word_1_375' title='bbox 1594 1662 1627 1695; x_wconf 92' lang='lat' dir='ltr'>in</span> <span class='ocrx_word' id='word_1_376' title='bbox 1652 1662 1752 1695; x_wconf 89' lang='lat' dir='ltr'>choro</span> <span class='ocrx_word' id='word_1_377' title='bbox 1777 1661 1857 1695; x_wconf 88' lang='lat' dir='ltr'>nihil</span> <span class='ocrx_word' id='word_1_378' title='bbox 1882 1661 1971 1695; x_wconf 87' lang='lat' dir='ltr'>aliud</span> 
     </span>
     <span class='ocr_line' id='line_1_70' title="bbox 1230 1714 1970 1760; baseline -0.005 -9"><span class='ocrx_word' id='word_1_379' title='bbox 1230 1717 1359 1751; x_wconf 86' lang='lat' dir='ltr'>recitari</span> <span class='ocrx_word' id='word_1_380' title='bbox 1370 1717 1530 1756; x_wconf 80' lang='lat' dir='ltr'>volumus,</span> <span class='ocrx_word' id='word_1_381' title='bbox 1545 1721 1642 1760; x_wconf 82' lang='lat' dir='ltr'>quain</span> <span class='ocrx_word' id='word_1_382' title='bbox 1657 1715 1745 1759; x_wconf 91' lang='lat' dir='ltr'>quod</span> <span class='ocrx_word' id='word_1_383' title='bbox 1759 1726 1796 1748; x_wconf 75' lang='lat' dir='ltr'>ex</span> <span class='ocrx_word' id='word_1_384' title='bbox 1807 1714 1970 1748; x_wconf 84' lang='lat' dir='ltr'>Breviario</span> 
     </span>
     <span class='ocr_line' id='line_1_71' title="bbox 1231 1768 1972 1812; baseline -0.003 -8"><span class='ocrx_word' id='word_1_385' title='bbox 1231 1772 1378 1804; x_wconf 82' lang='lat' dir='ltr'>Romano</span> <span class='ocrx_word' id='word_1_386' title='bbox 1396 1770 1579 1804; x_wconf 89' lang='lat' dir='ltr'>sacerdotes</span> <span class='ocrx_word' id='word_1_387' title='bbox 1593 1768 1809 1802; x_wconf 88' lang='lat' dir='ltr'>communiter</span> <span class='ocrx_word' id='word_1_388' title='bbox 1829 1779 1864 1801; x_wconf 87' lang='lat' dir='ltr'>ex</span> <span class='ocrx_word' id='word_1_389' title='bbox 1878 1778 1972 1812; x_wconf 86' lang='lat' dir='ltr'>prae-</span> 
     </span>
     <span class='ocr_line' id='line_1_72' title="bbox 1232 1821 1967 1869; baseline -0.005 -10"><span class='ocrx_word' id='word_1_390' title='bbox 1232 1831 1325 1869; x_wconf 88' lang='lat' dir='ltr'>cepto</span> <span class='ocrx_word' id='word_1_391' title='bbox 1357 1830 1445 1858; x_wconf 84' lang='lat' dir='ltr'>extra</span> <span class='ocrx_word' id='word_1_392' title='bbox 1476 1824 1612 1857; x_wconf 86' lang='lat' dir='ltr'>chorum</span> <span class='ocrx_word' id='word_1_393' title='bbox 1642 1828 1792 1856; x_wconf 88' lang='lat' dir='ltr'>tenentur</span> <span class='ocrx_word' id='word_1_394' title='bbox 1819 1821 1967 1863; x_wconf 84' lang='lat' dir='ltr'>recitare,</span> 
     </span>
     <span class='ocr_line' id='line_1_73' title="bbox 1232 1876 1971 1924; baseline -0.004 -12"><span class='ocrx_word' id='word_1_395' title='bbox 1232 1879 1320 1924; x_wconf 86' lang='lat' dir='ltr'>quod</span> <span class='ocrx_word' id='word_1_396' title='bbox 1345 1879 1385 1911; x_wconf 90' lang='lat' dir='ltr'>ob</span> <span class='ocrx_word' id='word_1_397' title='bbox 1411 1877 1487 1911; x_wconf 88' lang='lat' dir='ltr'>dicti</span> <span class='ocrx_word' id='word_1_398' title='bbox 1511 1877 1637 1910; x_wconf 79' lang='lat' dir='ltr'>laboris</span> <span class='ocrx_word' id='word_1_399' title='bbox 1655 1876 1815 1910; x_wconf 85' lang='lat' dir='ltr'>rationem</span> <span class='ocrx_word' id='word_1_400' title='bbox 1843 1880 1971 1920; x_wconf 86' lang='lat' dir='ltr'>aposto-</span> 
     </span>
     <span class='ocr_line' id='line_1_74' title="bbox 1232 1930 1757 1975; baseline -0.006 -10"><span class='ocrx_word' id='word_1_401' title='bbox 1232 1933 1294 1967; x_wconf 77' lang='lat' dir='ltr'>lica</span> <span class='ocrx_word' id='word_1_402' title='bbox 1317 1931 1516 1975; x_wconf 79' lang='lat' dir='ltr'>benignitate</span> <span class='ocrx_word' id='word_1_403' title='bbox 1541 1930 1757 1972; x_wconf 81' lang='lat' dir='ltr'>indulgemus.</span> 
     </span>
    </p>
   </div>
   <div class='ocr_carea' id='block_1_8' title="bbox 1523 2047 1681 2081">
    <p class='ocr_par' dir='ltr' id='par_1_8' title="bbox 1523 2047 1681 2081">
     <span class='ocr_line' id='line_1_75' title="bbox 1523 2047 1681 2081; baseline -0.013 0"><span class='ocrx_word' id='word_1_404' title='bbox 1523 2047 1605 2081; x_wconf 86' lang='lat' dir='ltr'><strong>CAP.</strong></span> <span class='ocrx_word' id='word_1_405' title='bbox 1633 2047 1681 2080; x_wconf 89' lang='lat' dir='ltr'>lv.</span> 
     </span>
    </p>
   </div>
   <div class='ocr_carea' id='block_1_9' title="bbox 1421 2145 1787 2180">
    <p class='ocr_par' dir='ltr' id='par_1_9' title="bbox 1421 2145 1787 2180">
     <span class='ocr_line' id='line_1_76' title="bbox 1421 2145 1787 2180; baseline -0.008 0"><span class='ocrx_word' id='word_1_406' title='bbox 1421 2146 1467 2180; x_wconf 84' lang='lat' dir='ltr'>De</span> <span class='ocrx_word' id='word_1_407' title='bbox 1491 2145 1597 2179; x_wconf 75' lang='lat' dir='ltr'>labore</span> <span class='ocrx_word' id='word_1_408' title='bbox 1619 2154 1787 2178; x_wconf 72' lang='lat' dir='ltr'>manuum.</span> 
     </span>
    </p>
   </div>
   <div class='ocr_carea' id='block_1_10' title="bbox 1234 2251 1975 2615">
    <p class='ocr_par' dir='ltr' id='par_1_10' title="bbox 1234 2251 1975 2615">
     <span class='ocr_line' id='line_1_77' title="bbox 1284 2251 1974 2294; baseline -0.006 -6"><span class='ocrx_word' id='word_1_409' title='bbox 1284 2267 1296 2285; x_wconf 87' lang='lat'>«</span> <span class='ocrx_word' id='word_1_410' title='bbox 1316 2253 1497 2294; x_wconf 81' lang='lat' dir='ltr'>Quaerendi</span> <span class='ocrx_word' id='word_1_411' title='bbox 1521 2252 1621 2286; x_wconf 89' lang='lat' dir='ltr'>victus</span> <span class='ocrx_word' id='word_1_412' title='bbox 1643 2251 1772 2285; x_wconf 82' lang='lat' dir='ltr'>solertia</span> <span class='ocrx_word' id='word_1_413' title='bbox 1797 2251 1852 2294; x_wconf 90' lang='lat' dir='ltr'>(ut</span> <span class='ocrx_word' id='word_1_414' title='bbox 1875 2251 1974 2284; x_wconf 85' lang='lat' dir='ltr'>verba</span> 
     </span>
     <span class='ocr_line' id='line_1_78' title="bbox 1234 2304 1974 2347; baseline -0.007 -6"><span class='ocrx_word' id='word_1_415' title='bbox 1234 2307 1335 2342; x_wconf 87' lang='lat' dir='ltr'>sancti</span> <span class='ocrx_word' id='word_1_416' title='bbox 1360 2307 1484 2347; x_wconf 87' lang='lat' dir='ltr'>Basilii,</span> <span class='ocrx_word' id='word_1_417' title='bbox 1508 2307 1547 2340; x_wconf 92' lang='lat' dir='ltr'>de</span> <span class='ocrx_word' id='word_1_418' title='bbox 1571 2305 1837 2340; x_wconf 74' lang='lat' dir='ltr'>Institutionibus</span> <span class='ocrx_word' id='word_1_419' title='bbox 1861 2304 1974 2337; x_wconf 80' lang='lat' dir='ltr'>Mona-</span> 
     </span>
     <span class='ocr_line' id='line_1_79' title="bbox 1236 2357 1970 2403; baseline -0.005 -8"><span class='ocrx_word' id='word_1_420' title='bbox 1236 2362 1367 2395; x_wconf 78' lang='lat' dir='ltr'>chorum</span> <span class='ocrx_word' id='word_1_421' title='bbox 1391 2369 1541 2393; x_wconf 87' lang='lat' dir='ltr'>sermone</span> <span class='ocrx_word' id='word_1_422' title='bbox 1559 2358 1676 2403; x_wconf 88' lang='lat' dir='ltr'>primo,</span> <span class='ocrx_word' id='word_1_423' title='bbox 1696 2357 1887 2400; x_wconf 85' lang='lat' dir='ltr'>reseramus)</span> <span class='ocrx_word' id='word_1_424' title='bbox 1909 2357 1970 2399; x_wconf 88' lang='lat' dir='ltr'>his,</span> 
     </span>
     <span class='ocr_line' id='line_1_80' title="bbox 1236 2411 1971 2459; baseline -0.007 -11"><span class='ocrx_word' id='word_1_425' title='bbox 1236 2416 1291 2459; x_wconf 88' lang='lat' dir='ltr'>qui</span> <span class='ocrx_word' id='word_1_426' title='bbox 1316 2415 1348 2447; x_wconf 91' lang='lat' dir='ltr'>in</span> <span class='ocrx_word' id='word_1_427' title='bbox 1372 2413 1559 2447; x_wconf 88' lang='lat' dir='ltr'>huiusmodi</span> <span class='ocrx_word' id='word_1_428' title='bbox 1583 2412 1666 2445; x_wconf 85' lang='lat' dir='ltr'>vitae</span> <span class='ocrx_word' id='word_1_429' title='bbox 1690 2421 1808 2454; x_wconf 85' lang='lat' dir='ltr'>genere</span> <span class='ocrx_word' id='word_1_430' title='bbox 1833 2411 1971 2453; x_wconf 76' lang='lat' dir='ltr'>degunt,</span> 
     </span>
     <span class='ocr_line' id='line_1_81' title="bbox 1237 2464 1972 2505; baseline -0.005 -4"><span class='ocrx_word' id='word_1_431' title='bbox 1237 2466 1296 2501; x_wconf 87' lang='lat' dir='ltr'>an¹</span> <span class='ocrx_word' id='word_1_432' title='bbox 1322 2466 1460 2500; x_wconf 75' lang='lat' dir='ltr'>maxime</span> <span class='ocrx_word' id='word_1_433' title='bbox 1485 2464 1678 2499; x_wconf 89' lang='lat' dir='ltr'>conveniens</span> <span class='ocrx_word' id='word_1_434' title='bbox 1702 2464 1874 2497; x_wconf 85' lang='lat' dir='ltr'>iudicanda</span> <span class='ocrx_word' id='word_1_435' title='bbox 1903 2469 1972 2505; x_wconf 88' lang='lat' dir='ltr'>est,</span> 
     </span>
     <span class='ocr_line' id='line_1_82' title="bbox 1238 2518 1975 2566; baseline -0.005 -11"><span class='ocrx_word' id='word_1_436' title='bbox 1238 2532 1320 2566; x_wconf 84' lang='lat' dir='ltr'>quae</span> <span class='ocrx_word' id='word_1_437' title='bbox 1340 2519 1540 2565; x_wconf 85' lang='lat' dir='ltr'>praescripta</span> <span class='ocrx_word' id='word_1_438' title='bbox 1564 2524 1611 2552; x_wconf 89' lang='lat' dir='ltr'>est</span> <span class='ocrx_word' id='word_1_439' title='bbox 1633 2518 1673 2551; x_wconf 89' lang='lat' dir='ltr'>ab</span> <span class='ocrx_word' id='word_1_440' title='bbox 1691 2518 1857 2562; x_wconf 85' lang='lat' dir='ltr'>Apostolo,</span> <span class='ocrx_word' id='word_1_441' title='bbox 1880 2518 1975 2552; x_wconf 90' lang='lat' dir='ltr'>nimi-</span> 
     </span>
     <span class='ocr_line' id='line_1_83' title="bbox 1238 2572 1975 2615; baseline -0.004 -8"><span class='ocrx_word' id='word_1_442' title='bbox 1238 2585 1322 2615; x_wconf 81' lang='lat' dir='ltr'>rum,</span> <span class='ocrx_word' id='word_1_443' title='bbox 1339 2580 1374 2607; x_wconf 90' lang='lat' dir='ltr'>ut</span> <span class='ocrx_word' id='word_1_444' title='bbox 1391 2573 1539 2606; x_wconf 88' lang='lat' dir='ltr'>manibus</span> <span class='ocrx_word' id='word_1_445' title='bbox 1556 2572 1740 2605; x_wconf 88' lang='lat' dir='ltr'>laborantes</span> <span class='ocrx_word' id='word_1_446' title='bbox 1751 2581 1868 2615; x_wconf 89' lang='lat' dir='ltr'>panem</span> <span class='ocrx_word' id='word_1_447' title='bbox 1880 2581 1975 2605; x_wconf 85' lang='lat' dir='ltr'>suum</span> 
     </span>
    </p>
   </div>
   <div class='ocr_carea' id='block_1_11' title="bbox 1275 2641 1974 2679">
    <p class='ocr_par' dir='ltr' id='par_1_11' title="bbox 1275 2641 1974 2679">
     <span class='ocr_line' id='line_1_84' title="bbox 1275 2641 1974 2679; baseline -0.001 -8"><span class='ocrx_word' id='word_1_448' title='bbox 1275 2646 1285 2671; x_wconf 93' lang='lat'>1</span> <span class='ocrx_word' id='word_1_449' title='bbox 1308 2643 1463 2679; x_wconf 86' lang='lat' dir='ltr'>Legendum</span> <span class='ocrx_word' id='word_1_450' title='bbox 1478 2642 1567 2678; x_wconf 68' lang='lat' dir='ltr'>ponus</span> <span class='ocrx_word' id='word_1_451' title='bbox 1585 2641 1693 2670; x_wconf 86' lang='lat' dir='ltr'>videtur</span> <span class='ocrx_word' id='word_1_452' title='bbox 1715 2649 1805 2678; x_wconf 79' lang='lat' dir='ltr'>quam</span> <span class='ocrx_word' id='word_1_453' title='bbox 1826 2641 1974 2676; x_wconf 78' lang='lat' dir='ltr'>maxime,</span> 
     </span>
    </p>
   </div>
   <div class='ocr_carea' id='block_1_12' title="bbox 468 2678 1594 2723">
    <p class='ocr_par' dir='ltr' id='par_1_12' title="bbox 468 2678 1594 2723">
     <span class='ocr_line' id='line_1_85' title="bbox 468 2678 1594 2723; baseline 0.004 -13"><span class='ocrx_word' id='word_1_454' title='bbox 468 2678 667 2722; x_wconf 87' lang='lat' dir='ltr'>temporibus</span> <span class='ocrx_word' id='word_1_455' title='bbox 692 2680 731 2713; x_wconf 84' lang='lat' dir='ltr'>ad</span> <span class='ocrx_word' id='word_1_456' title='bbox 757 2679 894 2714; x_wconf 88' lang='lat' dir='ltr'>chorum</span> <span class='ocrx_word' id='word_1_457' title='bbox 918 2681 1100 2715; x_wconf 88' lang='lat' dir='ltr'>Romanum</span> <span class='ocrx_word' id='word_1_458' title='bbox 1125 2679 1203 2714; x_wconf 82' lang='lat' dir='ltr'>Offi-</span> <span class='ocrx_word' id='word_1_459' title='bbox 1239 2688 1281 2717; x_wconf 84' lang='lat' dir='ltr'>vel</span> <span class='ocrx_word' id='word_1_460' title='bbox 1295 2697 1330 2717; x_wconf 76' lang='lat' dir='ltr'>ea</span> <span class='ocrx_word' id='word_1_461' title='bbox 1345 2688 1476 2717; x_wconf 78' lang='lat' dir='ltr'>maxime</span> <span class='ocrx_word' id='word_1_462' title='bbox 1491 2686 1530 2723; x_wconf 78' lang='lat' dir='ltr'>(n.</span> <span class='ocrx_word' id='word_1_463' title='bbox 1545 2688 1594 2719; x_wconf 87' lang='grc' dir='ltr'><strong>τ.).</strong></span> 
     </span>
    </p>
   </div>
   <div class='ocr_carea' id='block_1_13' title="bbox 1973 273 2161 303">
    <p class='ocr_par' dir='ltr' id='par_1_13' title="bbox 1973 273 2161 303">
     <span class='ocr_line' id='line_1_86' title="bbox 1973 273 2161 303; baseline 0.005 -1"><span class='ocrx_word' id='word_1_464' title='bbox 1973 275 2025 303; x_wconf 83' lang='lat' dir='ltr'>An.</span> <span class='ocrx_word' id='word_1_465' title='bbox 2040 273 2069 302; x_wconf 89' lang='lat' dir='ltr'>C.</span> <span class='ocrx_word' id='word_1_466' title='bbox 2092 274 2161 303; x_wconf 76' lang='lat'><strong>1603</strong></span> 
     </span>
    </p>
   </div>
  </div>
 </body>
</html>
