2227 3241
268 283 316 310 Λη.
334 284 361 310 c.
385 283 452 311 1603
498 274 539 307 36

466 337 502 364 ut
526 330 716 374 praefertur,
745 329 860 362 saetam
891 328 987 362 etiam
1013 329 1052 362 ad
1073 329 1145 370 hoc,
1173 334 1207 363 ut

464 384 585 417 nedum
610 393 674 416 una
697 381 789 415 alteri
813 381 1056 425 particulariter
1080 382 1128 416 vel
1152 393 1206 416 ac-

465 436 614 477 cessorie,
637 435 692 470 sed
713 434 827 468 ambae
848 434 986 469 invicem
1000 445 1103 480 aeque
1116 436 1206 480 prin—

463 489 609 533 cipaliter
629 499 701 522 cum
726 487 792 522 suis
813 488 990 532 respective
1015 489 1202 533 privilegiis,

462 542 736 586 exemptionibus,
765 541 1046 584 immunitatibus,
1074 543 1204 576 liberta-

463 596 557 636 tibus,
585 595 827 639 praerogativis,
850 596 1123 639 praeeminentiis,
1151 596 1201 629 sa-

461 648 645 690 cultatibus,
657 648 936 683 iurisdictionibus
946 649 1204 693 honoribusque,

460 701 634 742 favoribus,
661 702 883 745 indulgentiis,
904 703 1048 745 indultis,
1071 714 1202 737 conces-

459 755 605 789 sionibus
623 760 654 789 et
674 755 785 798 gratiis
809 756 1069 801 quibuscumque
1088 767 1203 801 perpe-

460 814 514 841 tuo
534 809 655 850 unitae,
672 814 718 852 et,
737 809 840 844 donec
863 811 1015 855 proprius
1035 815 1130 854 atque
1148 811 1202 844 de-

459 862 650 896 terminatus
679 863 769 896 locus
797 874 857 907 pro
882 874 939 898 sua
963 864 1039 898 sede
1064 873 1201 897 conven-

460 915 537 949 tuali
557 926 574 948 a
595 926 714 959 magno
735 917 890 959 magistro
910 917 1069 951 stabilitus
1090 917 1197 958 suerit,

459 969 545 1002 illam
564 969 597 1002 in
611 969 683 1003 loco
700 970 813 1004 solitae
832 970 1027 1004 residentiae
1047 970 1124 1004 dicti
1142 971 1200 1004 du-

458 1022 502 1056 cis
527 1028 558 1056 ct
580 1023 689 1066 magni
710 1023 853 1066 magistri
877 1023 991 1058 haberi
1016 1029 1196 1066 censeatur,

458 1088 494 1110 ac
518 1087 578 1121 pro
606 1084 751 1122 tempore
776 1077 913 1112 existens
938 1087 1074 1121 magnus
1098 1078 1200 1121 magi-

457 1135 538 1171 ster,
559 1136 756 1173 conventus,
781 1131 924 1175 priores,
949 1136 1196 1176 praeceptores,

459 1185 586 1227 milites,
609 1186 726 1219 fratres
746 1192 777 1219 et
800 1196 969 1230 personae,
993 1186 1088 1220 etiam
1111 1187 1198 1230 quod

456 1238 584 1272 firmam
603 1244 634 1273 et
646 1239 814 1284 propriam
828 1239 939 1274 sedem
951 1241 1197 1274 conventualem

456 1301 520 1325 non
543 1292 700 1334 habeant,
728 1298 763 1326 ut
792 1293 991 1337 praefertur,
1018 1303 1199 1337 eorumque

456 1346 627 1388 ecclesiae,
652 1347 784 1388 domus,
807 1347 992 1391 hospitalia,
1015 1347 1196 1391 prioratus,

455 1400 710 1444 praeceptoriae‚
728 1400 810 1441 loca,
827 1401 986 1442 membra,
1003 1411 1054 1435 res
1071 1407 1101 1435 et
1113 1401 1200 1435 bona

456 1453 517 1486 illis
538 1453 689 1487 omnibus
706 1458 737 1486 et
757 1453 895 1496 singulis
920 1464 1100 1497 eorumque
1124 1465 1200 1488 usu-

456 1506 572 1548 fructu,
589 1507 762 1540 commodo
783 1512 814 1540 et
830 1507 1034 1551 possessione
1047 1507 1105 1547 uti,
1123 1507 1196 1549 frui,

455 1559 552 1603 potiri
561 1565 593 1593 et
602 1560 743 1602 gaudere
753 1557 878 1604 possint
888 1565 919 1594 et
928 1560 1076 1602 debeant,
1086 1560 1198 1604 aeque¹

455 1612 576 1655 pariter
589 1613 711 1657 absque
730 1613 797 1646 ulla
817 1623 951 1657 prorsus
972 1613 1156 1647 differentia
1169 1620 1200 1648 et

456 1665 680 1707 distinctione,
707 1666 740 1700 in
762 1666 917 1701 omnibus
941 1672 971 1700 et
991 1677 1050 1711 per
1070 1667 1195 1708 omnia,

454 1719 590 1763 perinde
608 1731 645 1753 ac
661 1719 687 1754 si
701 1719 741 1753 ab
755 1720 891 1754 exordio
907 1720 1122 1754 institutionis
1138 1721 1198 1754 lio-

454 1773 577 1816 spitalis
595 1780 626 1807 et
644 1773 779 1808 militiae
796 1774 898 1808 sancti
918 1774 1028 1808 Lazari
1049 1780 1081 1808 et
1100 1774 1196 1808 etiam

455 1826 540 1860 dicta
562 1827 676 1861 militia
698 1827 801 1862 sancti
827 1827 968 1861 Mauritii
985 1827 1142 1870 instituta,
1168 1835 1198 1862 et

454 1880 569 1914 ambae
586 1881 725 1915 invicem
739 1887 771 1915 et
783 1891 888 1925 aeque
904 1881 1141 1926 principaliter,
1161 1893 1197 1915 ac

454 1934 613 1968 conformi
632 1936 757 1978 regula,
775 1935 991 1978 observantia,
1011 1936 1194 1980 disciplina,

454 1987 642 2032 eisdemque
652 1989 778 2032 legibus
796 1995 827 2023 et
844 1990 999 2024 institutis
1018 1990 1140 2031 unitae,
1161 2001 1198 2024 ac

453 2041 636 2084 privilegia,
665 2043 902 2087 exemptiones,
930 2043 1056 2077 indulta
1081 2049 1111 2077 et
1133 2043 1196 2077 alia

453 2094 630 2138 praemissa
642 2095 772 2139 utrique
785 2096 918 2130 militiae
932 2095 1082 2141 specifice
1096 2102 1126 2130 et
1138 2106 1197 2130 no-

454 2147 614 2189 minatim,
631 2147 776 2190 iunctim,
790 2149 976 2183 indistincte
990 2155 1021 2183 et
1033 2159 1194 2194 expresse,

455 2211 607 2236 concessa
625 2207 656 2236 et
668 2202 803 2245 elargita
816 2203 962 2245 fuissent,
978 2204 1099 2238 eisdem
1120 2215 1196 2238 auc-

454 2255 583 2290 toritate
605 2261 636 2290 ct
653 2261 763 2291 tenore
788 2256 989 2291 extendimus
1007 2263 1038 2292 et
1062 2258 1196 2302 amplia-

455 2319 537 2350 1nus;
764 2339 768 2342 .

499 2364 513 2406 ἓ
528 2363 579 2396 13.
597 2363 793 2398 Facultatem
809 2370 915 2399 tamen
933 2365 1101 2399 obtinendi
1116 2376 1195 2409 pen-

377 2427 382 2439 ¹
433 2416 560 2450 ·sioncs
582 2417 740 2451 militibus
759 2418 956 2462 presbyteris
975 2423 1006 2452 et
1022 2419 1196 2462 capellanis

455 2470 628 2513 praedictis
653 2470 822 2515 hospitalis
848 2477 880 2504 ct
910 2471 1044 2505 militiae
1068 2473 1195 2515 praedi-

456 2528 581 2557 ctorum
610 2535 712 2568 usquc
739 2525 779 2558 ad
807 2535 969 2559 summam
998 2525 1194 2569 quingento-

492 2604 501 2629 1
525 2603 566 2630 Sic
582 2604 679 2640 legitur
694 2605 721 2632 in
739 2605 816 2633 Ball.
834 2605 898 2634 Ord.
914 2606 956 2633 Ss.
972 2605 1088 2632 Maur-itii
1102 2610 1128 2633 ct
1144 2607 1194 2634 lia—

456 2647 523 2673 zari:
546 2648 611 2675 edit.
632 2649 711 2677 Main.
733 2650 796 2677 hab.
818 2659 921 2685 cquae,
942 2650 1014 2685 quod
1036 2650 1075 2678 vel
1096 2653 1191 2686 atque,

456 2692 496 2719 vel
513 2700 619 2727 eaeque
635 2695 731 2730 corrigi
748 2699 836 2730 posset
850 2696 887 2730 (a.
905 2696 951 2730 Τ.)-

1040 279 1222 306 BULLARIUM
1242 281 1395 306 ROMANUM

1241 340 1312 363 rum
1335 330 1528 363 ducatorum
1553 329 1623 361 auri
1641 328 1681 362 de
1700 327 1835 362 Camera
1848 339 1980 364 conces-

1240 393 1319 423 sam,
1337 383 1375 415 ad
1389 391 1550 415 summam
1569 381 1861 425 quadrigentorum
1881 381 1979 417 duca-

1241 441 1346 469 torum
1367 433 1521 467 similium
1537 434 1727 476 limitamus,
1744 435 1935 470 reducimus
1948 440 1980 470 et

1241 488 1466 520 moderamur:

1283 544 1300 583 g
1325 540 1376 573 Μ.
1393 541 1609 575 Decernentes
1627 546 1814 585 praesentes
1826 541 1935 576 literas
1948 546 1980 575 et

1239 595 1271 628 in
1291 595 1336 628 eis
1360 600 1511 628 contenta
1532 595 1734 638 huiusmodi,
1759 591 1862 630 etiam*
1879 607 1916 630 ex
1940 606 1979 630 eo

1238 649 1325 693 quod
1350 659 1476 690 causae,
1509 654 1744 694 propter-quas
1765 655 1972 691 emanarunt,

1237 713 1346 736 coram
1371 703 1518 737 locorum
1543 703 1738 745 Ordinariis,
1771 703 1867 738 etiam
1890 709 1975 738 tam·-

1237 767 1333 801 quam
1346 768 1362 790 a
1376 757 1457 791 Sede
1471 757 1638 801 praedicta
1652 758 1819 800 delegatis,
1836 758 1885 791 vel
1900 758 1978 792 alias

1235 811 1483 854 quomodolibet
1515 811 1735 853 examinatae,
1763 811 1975 852 iustificat-ae,

1236 864 1420 898 verificatae
1440 870 1471 898 et
1491 865 1706 908 approbatae,
1733 864 1861 909 ipsique
1886 865 1979 899 Ordi-

1235 918 1318 951 narii
1335 928 1372 951 ac
1392 918 1568 962 prioratus,
1595 918 1849 962 praeceptorias,
1869 918 1978 962 hospi-

1236 971 1327 1012 talia,
1356 972 1524 1013 ecclesias,
1546 971 1703 1016 capellas,
1731 976 1763 1005 et
1787 971 1851 1005 alia
1875 971 1977 1005 bene-

1233 1025 1308 1059 ficia
1335 1025 1394 1059 sub
1414 1025 1656 1070 suppressione,
1673 1025 1870 1059 extinctione
1890 1030 1920 1059 et
1935 1025 1978 1058 ad

1233 1085 1350 1114 statum
1371 1081 1571 1115 saecularem
1595 1079 1798 1121 reductione,
1825 1090 1885 1124 per
1908 1079 1976 1114 dic-

1234 1139 1301 1167 tum
1337 1133 1532 1177 Gregorium
1565 1134 1852 1178 praedecessorem
1884 1133 1976 1168 factis

1233 1187 1416 1230 praedictis,
1441 1187 1690 1231 comprehensa,
1713 1192 1749 1220 ut
1778 1187 1973 1231 praefertur,

1232 1240 1271 1273 ad
1289 1250 1442 1284 praesens
1456 1240 1651 1281 obtinentes,
1668 1246 1700 1273 et
1712 1240 1911 1283 quicumque
1921 1239 1976 1272 alii

1232 1294 1480 1338 quomodolibet
1503 1293 1658 1327 interesse
1682 1293 1838 1327 habentes
1869 1293 1910 1327 ad
1943 1293 1976 1326 id

1232 1347 1374 1390 legitime
1388 1347 1491 1381 vocati
1504 1357 1569 1380 non
1580 1347 1710 1388 fuerint,
1723 1357 1829 1391 neque
1842 1346 1874 1380 in
1884 1356 1977 1391 prae-

1233 1400 1336 1434 missis
1346 1400 1582 1442 consenserint,
1594 1405 1649 1434 aut
1661 1400 1774 1444 quovis
1787 1400 1862 1441 alio,
1879 1400 1975 1433 etiam

1232 1454 1374 1488 enormis
1392 1459 1424 1488 et
1436 1453 1852 1495 enormissimaelaesionis,
1870 1453 1976 1497 capite

1233 1508 1281 1541 vel
1294 1512 1473 1552 praetextu,
1490 1512 1571 1541 etex
1583 1507 1646 1540 alia
1659 1508 1754 1541 causa
1768 1506 1977 1550 quantumvis

1233 1561 1395 1603 legitima,
1422 1560 1551 1603 urgenti
1571 1566 1602 1594 et
1622 1560 1777 1601 iuridica,
1802 1560 1843 1593 de
1863 1559 1976 1593 subre-

1232 1615 1363 1659 ptionis,
1381 1615 1427 1648 vel
1447 1614 1660 1658 obreptionis,
1684 1619 1740 1647 aut
1756 1613 1914 1647 nullitatis
1930 1613 1976 1647 vi-

1232 1668 1288 1708 tio,
1315 1679 1373 1702 seu
1398 1667 1586 1701 intentionis
1599 1672 1729 1701 nostrae
1747 1666 1796 1701 vel
1810 1676 1973 1711 quocum-

1232 1733 1294 1766 quc
1319 1722 1383 1756 alio
1404 1722 1529 1756 defectu
1554 1721 1677 1762 notari,
1705 1720 1903 1765 impugnari,
1927 1719 1976 1753 in-

1233 1775 1378 1817 validari,
1407 1775 1587 1816 retractari,
1605 1775 1637 1808 in
1658 1775 1707 1808 ius
1730 1775 1779 1808 vel
1795 1774 1828 1807 in
1843 1779 1974 1808 contro—

1232 1829 1368 1862 versiam
1393 1828 1552 1869 revocari,
1580 1828 1621 1862 ad
1645 1827 1800 1862 terminos
1823 1827 1904 1860 iuris
1923 1837 1974 1861 re-

1232 1882 1317 1924 duci,
1338 1887 1393 1916 aut
1405 1882 1558 1916 adversus
1572 1892 1624 1916 eas
1636 1881 1867 1925 quodcumque
1878 1880 1970 1921 iuris,

1231 1936 1316 1979 sacti,
1328 1936 1376 1969 vel
1389 1935 1512 1978 gratiae
1528 1934 1709 1968 remedium
1722 1933 1902 1978 impetrari,
1918 1938 1974 1967 aut

1231 1990 1326 2023 etiam
1343 1995 1432 2024 motu
1444 1989 1541 2023 simili
1555 1988 1700 2031 concedi,
1710 1988 1801 2022 nullo
1814 1998 1973 2032 umquam

1232 2049 1377 2088 tempore
1390 2054 1496 2088 posse3
1509 2054 1616 2087 neque
1629 2042 1688 2077 sub
1703 2042 1870 2087 quibusvis
1880 2041 1974 2076 unio-

1230 2108 1319 2139 num,
1334 2098 1563 2138 annexionum,
1574 2096 1886 2141 incorporationum‚
1898 2107 1974 2141 sup-

1229 2151 1450 2196 pressionum‚
1473 2150 1705 2185 extinctionum
1716 2178 1724 2192 ,
1752 2150 1969 2184 dismembra-

1231 2206 1355 2240 tionum
1370 2211 1401 2239 et
1421 2205 1571 2239 effectum
1592 2215 1659 2239 non
1677 2204 1879 2245 sortitarum,
1895 2203 1973 2236 alia-

1230 2270 1370 2304 rumque
1397 2259 1554 2293 similium
1585 2259 1635 2292 vel
1665 2257 1873 2292 dissimilium
1897 2266 1972 2299 gra·

1232 2313 1350 2347 tiarum
1380 2312 1660 2353 revocationibus,
1695 2309 1945 2344 limitationibus
1959 2336 1967 2350 ,

1231 2365 1539 2407 modificationibus,
1547 2364 1824 2409 suspensionibus,
1834 2368 1890 2396 aut
1900 2362 1971 2396 aliis

1230 2419 1401 2454 contrariis
1415 2418 1693 2463 dispositionibus,
1711 2417 1809 2451 etiam
1826 2427 1844 2449 a
1860 2415 1968 2456 nobis,

1229 2474 1277 2508 vel
1298 2474 1559 2518 quibuscumque
1578 2471 1649 2505 aliis
1668 2469 1821 2504 Romanis
1837 2469 1971 2503 Pontifi-

1229 2527 1319 2560 cibus
1346 2525 1650 2570 praedecessoribus
1670 2523 1800 2564 nostris,
1824 2533 1862 2556 ac
1886 2522 1969 2556 dicta

1228 2580 1320 2622 Sede,
1331 2580 1427 2613 etiam
1442 2579 1474 2611 in
1486 2578 1661 2612 crastinum
1673 2575 1902 2620 assumptionis
1916 2585 1971 2609 eo-

1230 2633 1379 2667 rumdem
1392 2641 1615 2667 successorum
1629 2636 1816 2665 nostrorum
1831 2629 1871 2663 ad
1883 2639 1971 2663 sum-

1232 2697 1319 2721 mum
1341 2686 1539 2731 apostolatus
1556 2685 1694 2730 apicem,
1710 2684 1757 2720 vel
1773 2684 1851 2718 alias
1865 2688 1966 2724 motu,

1992 281 2041 309 An.
2058 281 2087 308 C.
2110 281 2178 310 1603

2021 554 2138 577 clausulae.
