2227 3241
272 298 321 325 Λη,
340 297 369 325 c.
388 296 453 325 ¹607
500 287 564 321 450

299 519 420 541 Exordium.

293 1050 460 1073 Communicatio

275 1079 308 1099 vel
349 1077 459 1098 concessio

276 1105 368 1126 omnium
384 1107 459 1130 graua-

275 1137 320 1153 rum
336 1134 356 1151 et
378 1130 460 1156 privile-

277 1159 358 1183 giorum
369 1162 451 1177 cuicum

278 1191 319 1212 que
335 1190 358 1205 ex
378 1184 461 1204 Ordini-

276 1213 315 1232 bus
324 1210 461 1231 Muntliuanti-

277 1239 316 1259 bus
350 1242 461 1257 concesso-

276 1271 322 1286 rum
336 1267 373 1285 am
386 1269 462 1284 conce—

277 1292 400 1313 utendorum.

311 2026 418 2047 Limitatio
433 2025 463 2055 tli-

279 2055 326 2082 ctae
352 2058 464 2082 t'omtuuut-

279 2082 375 2101 cationis.

710 342 820 369 Paulus
839 341 919 374 Papa
938 340 970 374 V,

592 397 628 424 ad
647 399 824 430 perpetuam
843 395 888 422 rei
908 393 1090 422 memoriam.

515 504 558 538 Ex
586 513 651 548 quo
679 502 786 536 divina
810 501 955 535 Maiestas
979 501 1020 535 ad
1051 501 1212 545 pastorale

472 557 635 599 fastigium
654 566 712 589 nos
729 565 927 599 quamquam
946 554 1126 588 immeritos
1143 564 1213 588 eve-

471 611 527 650 xit,
548 611 639 650 illud,
660 615 816 654 quantum
839 608 870 641 in
889 608 982 642 nobis
1002 619 1129 652 semper
1145 608 1213 649 fuit,

470 674 611 709 superno
628 662 747 696 auxilio
764 662 845 702 freti,
866 672 962 704 agere
979 661 1085 695 conati
1103 672 1214 696 sumus

470 723 506 751 ut
542 717 670 762 piorum
707 716 877 749 hominum
912 715 1185 757 Congregationes
1203 743 1210 756 ,

472 781 555 815 quae
573 769 613 804 ad
631 769 728 803 divini
747 769 851 802 cultus
872 773 1081 810 augmentum
1103 774 1134 801 et
1149 768 1215 801 ani-

472 834 600 857 marum
617 822 751 856 salutem
770 821 934 855 institutae
951 826 1036 861 sunt,
1057 826 1088 854 et
1105 820 1136 853 in
1157 821 1212 854 ob-

473 876 652 910 servatione
681 875 900 908 institutorum
934 884 1068 907 suorum
1100 873 1153 918 pie
1184 881 1214 907 et

473 930 623 973 religiose
636 929 822 974 persistunt,
837 927 938 970 magis
952 927 1098 972 quotidie
1110 928 1141 960 in
1156 928 1213 960 hu-

474 983 614 1018 iusmodi
632 993 689 1016 suo
707 982 761 1026 pio
782 981 948 1026 proposito
966 981 1210 1014 confirmentur.

520 1036 581 1079 SI.
601 1037 676 1070 Cum
694 1036 813 1079 itaque,
830 1035 911 1068 sicut
927 1035 1121 1078 accepimus,
1137 1034 1215 1067 dilo-

476 1094 601 1124 ctorum
623 1088 765 1121 [iliorum
786 1088 1051 1130 Congregationis
1067 1093 1098 1120 et
1117 1087 1214 1120 Cleri-

476 1154 589 1178 corum
608 1142 814 1185 Regularium
829 1142 1034 1181 Somaschae,
1051 1141 1128 1174 alias
1149 1151 1217 1173 san-

477 1198 518 1231 cti
532 1197 637 1230 Maioli
657 1202 928 1240 nuncupatorum,
945 1195 1093 1227 fortiores
1111 1193 1216 1237 quoti-

477 1251 528 1284 die
543 1251 635 1290 vires,
653 1251 823 1283 adiuvante
836 1249 984 1289 Domino,
1002 1248 1033 1280 in
1051 1247 1218 1280 militantis

476 1304 636 1338 Ecclesiae
659 1304 779 1339 icastris
810 1308 1009 1347 appareant,
1043 1307 1078 1335 ut
1108 1302 1217 1335 clerici

476 1357 743 1402 Congregationis
770 1356 955 1390 huiusmodi
982 1367 1019 1390 eo
1046 1356 1218 1390 ferventius

475 1413 582 1447 adhuc
601 1421 745 1456 pugnare
765 1411 931 1451 studeant,
956 1421 1020 1454 quo
1042 1409 1218 1444 maioribus

475 1477 508 1500 se
529 1465 666 1499 viderint
689 1464 911 1508 spiritualibus
931 1463 1040 1506 gratiis
1065 1465 1132 1497 sore
1150 1475 1218 1498 mu-

475 1520 570 1560 nitos,
592 1519 676 1563 ipsos
704 1524 735 1552 et
759 1528 870 1551 eorum
901 1518 1078 1560 quemlibet
1102 1529 1120 1551 a
1146 1519 1218 1563 qui-

474 1574 582 1607 busvis
596 1571 939 1606 excommunicationis
959 1575 1014 1604 etc.
1042 1578 1219 1612 censentes⁷

477 1628 623 1673 praeter*
657 1627 719 1660 alia
744 1636 968 1670 quaecumque
998 1626 1163 1670 privilegia
1190 1634 1219 1661 et

478 1682 596 1725 gratias
623 1681 736 1714 iisdem
763 1680 1011 1723 Congregationi
1038 1686 1066 1714 et
1092 1681 1219 1715 Clericis

479 1736 633 1768 hactenus
654 1734 900 1779 quomodolibet
925 1744 1087 1773 concessa,
1111 1736 1219 1769 omnia

479 1795 510 1823 et
529 1790 654 1831 singula
673 1788 851 1832 privilegia,
875 1789 1128 1832 praerogativas,
1148 1800 1221 1823 con-

479 1842 650 1881 cessiones,
671 1841 806 1881 favores,
830 1841 1007 1880 facultates,
1031 1842 1217 1875 declaratio-

478 1905 545 1935 nes,
575 1895 803 1934 immunitates,
833 1894 1062 1938 exemptiones,
1091 1895 1219 1928 liberta-

481 1955 537 1990 tes,
565 1955 773 1992 caeterasque
793 1948 920 1991 gratias,
950 1949 1219 1992 praeeminentias

479 2009 511 2036 et
528 2003 661 2042 indulta,
679 2002 817 2036 cuiusvis
830 2001 958 2044 generis
972 2002 1147 2043 existentia,
1160 2004 1220 2048 spi-

479 2056 608 2089 ritualia
625 2061 656 2089 et
675 2055 876 2099 temporalia,
898 2056 1148 2100 qualiacumque
1166 2057 1218 2090 illa

478 2109 541 2143 sint
562 2110 703 2152 (excepta
733 2114 840 2141 tamen
861 2108 1064 2152 exemptione
1085 2119 1103 2142 a
1124 2109 1217 2142 iuris-

478 2164 619 2198 dictione
643 2163 911 2205 Ordinariorum)
937 2163 1103 2207 quibusvis
1127 2165 1213 2197 Men-

478 2219 654 2252 dicantium
691 2217 846 2252 Ordinum
887 2218 1214 2260 congregationibus,

477 2283 656 2316 eorumque
682 2272 929 2316 professoribus,
959 2282 994 2304 ac
1012 2282 1125 2304 eorum
1149 2282 1216 2304 mo-

477 2324 645 2365 nasteriis,
669 2324 835 2364 ecclesiis,
864 2324 1014 2357 domibus
1038 2329 1070 2357 et
1091 2325 1217 2367 regula-

477 2379 566 2411 ribus
594 2379 683 2417 locis,
719 2388 778 2411 nec
808 2387 871 2410 non
902 2378 1025 2410 dilectis
1061 2377 1135 2410 filiis
1168 2388 1218 2410 ea-

477 2432 624 2465 rumdem
649 2431 851 2473 Religionum
877 2436 907 2463 et
931 2430 1215 2472 congregationum

477 2485 700 2526 generalibus,
736 2484 944 2528 praepositis,
980 2484 1218 2527 superioribus,

478 2539 629 2582 praelatis
654 2544 683 2570 et
715 2537 881 2581 capitulis,
919 2542 980 2569 tatu
1013 2537 1218 2579 generalibus

479 2602 576 2636 quam
601 2591 863 2635 provincialibus,
890 2590 1052 2631 fratribus,
1077 2591 1215 2631 novitiis,

515 2707 529 2734 1
552 2706 622 2734 Edit.
643 2706 726 2734 Maiu.
748 2709 776 2734 et
786 2705 904 2734 Cherub.
917 2705 1018 2733 habent
1029 2713 1104 2741 prae
1118 2705 1159 2741 (R.
1170 2705 1218 2740 T.).

1054 292 1231 317 Bruanium
1257 291 1407 317 nommtiu

1245 340 1417 380 conversis,
1438 339 1575 380 donatis,
1591 349 1628 372 ac
1645 339 1808 383 quibusvis
1825 349 1937 374 eorum
1955 345 1986 374 et

1246 403 1356 426 earum
1376 392 1533 437 personis,
1549 392 1582 425 in
1596 392 1852 436 quibuscumque
1873 393 1985 426 mundi

1246 446 1391 490 partibus
1410 445 1629 485 existentibus,
1657 451 1688 478 et
1708 445 1837 478 illorum
1858 445 1986 487 intuitu,

1247 499 1342 532 etiam
1363 509 1422 542 per
1445 498 1527 531 viam
1549 497 1850 532 communicationis
1870 499 1919 532 vel
1934 509 1986 532 ex-

1247 551 1423 592 tensionis,
1462 557 1515 584 aut
1541 551 1618 584 alias
1651 551 1906 595 quomodolibet,
1929 562 1987 596 per

1247 615 1470 649 quoscumque
1488 605 1650 638 Romanos
1665 604 1836 638 Pontifices
1853 605 1987 648 praede-

1248 669 1390 692 cessores
1410 664 1548 699 nostros‚
1572 668 1628 691 seu
1652 668 1711 701 per
1735 668 1793 691 nos
1813 663 1843 691 et
1863 668 1988 692 succes-

1248 723 1336 746 sores
1355 717 1494 753 nostros,
1517 718 1571 745 aut
1591 712 1671 745 alios
1691 712 1914 746 auctoritatem
1931 711 1988 745 ha-

1247 767 1370 807 bentes,
1391 776 1541 800 concessa
1561 771 1636 799 sunt
1655 771 1686 799 et
1702 766 1932 807 concedentur,
1951 776 1988 800 ac

1247 820 1365 863 quibus
1389 819 1535 862 singulae
1561 819 1830 862 Congregationes
1856 819 1985 863 praedi--

1249 878 1317 906 ctae
1332 900 1339 913 ,
1363 883 1541 916 eorumque
1567 865 1764 905 monasteria
1779 900 1786 913 ,
1810 872 1985 914 ecclesiae,

1249 926 1364 958 domus
1385 931 1417 959 et
1441 926 1521 965 loca,
1549 936 1586 958 ac
1606 926 1800 969 superiores,
1829 926 1942 960 fratres
1959 932 1990 960 et

1249 989 1405 1022 personae
1430 978 1614 1011 huiusmodi
1637 979 1675 1011 de
1700 978 1780 1019 iure,
1807 989 1879 1020 usu,
1907 989 1986 1013 con-

1249 1032 1420 1070 suetudine
1440 1032 1488 1064 vel
1513 1031 1680 1076 privilegio
1705 1036 1759 1065 aut
1783 1032 1990 1067 concessione

1250 1085 1436 1128 apostolica,
1456 1085 1504 1118 rel
1524 1085 1585 1118 alia
1603 1085 1714 1128 quavis
1731 1085 1934 1126 auctoritate,
1957 1086 1988 1119 in

1251 1148 1368 1180 genere
1388 1138 1435 1170 vel
1457 1138 1488 1171 in
1509 1139 1625 1182 specie,
1649 1149 1686 1171 ac
1705 1144 1769 1171 tam
1793 1139 1988 1174 coniunctim

1251 1203 1347 1235 quam
1378 1192 1501 1225 divisim
1519 1220 1526 1233 ,
1554 1199 1609 1225 aut
1629 1193 1706 1225 alias
1731 1193 1987 1236 quomodolibet,

1252 1253 1396 1287 utuntur,
1420 1248 1582 1288 fruuntur,
1605 1249 1774 1292 potiuntur
1791 1255 1821 1282 et
1840 1250 1990 1291 gaudent,

1252 1312 1288 1334 ac
1308 1301 1366 1339 uti,
1396 1302 1475 1342 frui,
1503 1303 1600 1346 potiri
1633 1308 1664 1335 et
1693 1303 1835 1345 gaudere
1858 1309 1992 1347 possunt

1252 1357 1299 1389 vel
1326 1362 1478 1400 poterunt
1506 1356 1752 1401 quomodolibet
1776 1357 1807 1390 in
1833 1358 1988 1400 futurum,

1253 1409 1407 1453 quarum¹
1430 1410 1674 1444 concessionum
1695 1416 1823 1444 tenores
1842 1422 1992 1456 praesen-

1255 1464 1337 1496 tibus
1367 1473 1426 1507 pro
1451 1464 1608 1508 expressis
1638 1464 1803 1506 habentes,
1837 1476 1874 1499 ac
1902 1459 1929 1499 si
1953 1467 1992 1500 de

1252 1518 1350 1551 verbo
1375 1517 1414 1550 ad
1440 1518 1571 1550 verbum
1599 1518 1838 1559 insererentur,
1867 1519 1993 1553 etiamsi

1254 1571 1327 1604 talia
1352 1571 1415 1604 sint
1438 1577 1469 1604 et
1494 1571 1618 1612 forent,
1653 1582 1735 1615 quae
1764 1572 1936 1616 specialem
1962 1578 1993 1607 et

1254 1625 1451 1658 individuam
1472 1625 1675 1669 requirerent
1700 1626 1908 1666 mentionem,
1935 1631 1992 1661 seu

1255 1678 1479 1722 particularem
1502 1679 1709 1712 insertionem
1740 1680 1913 1723 (quatenus
1930 1680 1993 1714 sint

1255 1733 1285 1764 in
1310 1743 1381 1772 usu,
1410 1738 1440 1765 et
1459 1742 1523 1765 nou
1545 1733 1608 1765 sint
1628 1738 1787 1774 revocata,
1807 1744 1913 1778 neque
1932 1734 1991 1768 sub

1255 1786 1327 1818 ullis
1362 1786 1619 1819 revocationibus
1658 1787 1892 1831 comprehensa
1910 1815 1917 1827 ,
1955 1798 1992 1822 ac

1254 1839 1352 1872 sacris
1383 1839 1561 1872 canonibus
1597 1845 1627 1872 et
1651 1839 1784 1873 Concilii
1815 1840 1992 1874 Tridentini

1255 1893 1390 1926 decretis
1418 1903 1482 1926 non
1514 1893 1748 1936 adversentur),
1778 1894 1817 1926 ad
1844 1895 1990 1928 eamdem

1255 1947 1542 1989 Congregationem
1564 1946 1791 1988 Somascham,
1813 1957 1869 1980 seu
1890 1948 1992 1981 sancti

1254 2001 1369 2041 Maioli‚
1393 2011 1429 2034 ac
1446 2000 1589 2043 singulos
1614 2000 1699 2034 illius
1724 2001 1908 2042 conventus,
1927 2001 1994 2035 illo-

1255 2065 1390 2098 rumque
1410 2054 1605 2098 superiores,
1632 2053 1845 2098 praepositos,
1868 2055 1994 2098 praela-

1255 2114 1302 2141 tos
1322 2114 1353 2140 et
1370 2118 1590 2152 quascumque
1615 2117 1779 2151 personas,
1803 2107 1993 2141 auctoritate

1253 2167 1284 2194 et
1314 2167 1424 2194 tenore
1454 2161 1636 2205 praedictis,
1667 2167 1824 2204 perpetuo
1849 2161 1993 2194 extendi-

1255 2225 1342 2254 mus,
1367 2215 1485 2258 illaque
1515 2213 1559 2247 eis
1580 2214 1877 2254 communicamus,
1901 2220 1931 2247 et
1954 2214 1993 2248 de

1253 2278 1335 2300 novo
1360 2267 1577 2310 concedimus,
1607 2273 1637 2300 et
1656 2267 1824 2310 suffragari
1845 2267 1993 2300 volumus

1253 2327 1283 2354 et
1303 2321 1515 2354 declaramus.

1297 2374 1311 2417 ἓ
1329 2374 1358 2407 2.
1383 2375 1450 2407 Non
1467 2373 1668 2407 obstantibus
1686 2378 1747 2406 tam
1768 2373 1867 2406 felicis
1886 2383 1993 2407 recor-

1253 2427 1390 2461 dationis
1410 2427 1563 2461 Bonifacii
1589 2428 1692 2470 Papae
1712 2426 1777 2460 VIII
1805 2426 1992 2470 praedeces·

1253 2481 1333 2514 soris
1347 2481 1445 2514 nostri
1461 2481 1500 2514 de
1520 2483 1583 2513 una
1597 2486 1627 2513 et
1648 2480 1679 2512 in
1701 2479 1837 2512 concilio
1851 2479 1991 2521 generali

1253 2535 1338 2568 edita
1360 2535 1398 2568 de
1425 2535 1549 2568 duabus
1570 2534 1663 2567 dietis
1690 2534 1882 2577 (dummodo
1908 2534 1993 2566 ultra

1254 2596 1317 2623 tres
1347 2588 1447 2622 dietas
1473 2588 1588 2632 aliquis
1620 2587 1808 2621 auctoritate
1834 2596 1989 2631 praesen·

1291 2662 1301 2687 1
1323 2660 1373 2687 Vel
1400 2658 1507 2694 legend.
1528 2659 1667 2685 harum...
1693 2658 1840 2692 habentes,
1860 2658 1902 2684 vel
1922 2665 1993 2694 qua-

1253 2713 1353 2733 rum...
1371 2704 1506 2732 habemus
1521 2704 1555 2739 (u.
1572 2702 1620 2736 τ.).

2033 1687 2079 1708 Atia
2092 1686 2191 1708 limitatio

2006 1713 2102 1735 eiusdem
2133 1719 2191 1735 com-
2213 1735 2215 1738 ,

2007 1740 2163 1762 manicationis.
2220 1749 2221 1753 =

2075 2366 2206 2404 nei-ogau&
2217 2367 2218 2388 i

2008 2409 2160 2435 quorumcumq

2008 2433 2174 2453 contrariorum,

2161 2407 2218 2444 '¹2¹

2186 2438 2204 2466 ’ζ
