2227 3241
62 223 111 250 An.
130 222 158 249 C.
180 222 247 250 1608

64 286 84 304 et
93 283 213 304 monialium
220 283 246 304 de

63 311 202 331 observantia
214 315 246 330 se-

63 337 206 363 pellebantur:

74 1249 100 1270 Et
109 1249 178 1275 quoad
193 1248 247 1269 vlne-

62 1281 167 1301 sslosynanl
176 1281 247 1295 [Ul-<Sa-

63 1308 107 1323 rnm
131 1308 184 1328 quas
208 1308 246 1328 pro

62 1330 132 1349 anima
146 1334 184 1349 sua
195 1329 247 1349 adi·

61 1355 100 1376 ctis
108 1355 206 1375 fratribus
216 1356 247 1376 ‹li-

62 1382 141 1402 eentlas
157 1382 204 1407 quis
216 1387 247 1402 rc-

63 1408 180 1434 linqui-bat:

75 1622 160 1643 Necnon
176 1621 248 1648 qunad

63 1648 169 1674 cogendos
205 1649 248 1669 ali-

63 1681 126 1702 quos,
142 1678 165 1696 ιιι
179 1676 199 1695 in
217 1675 248 1695 di-

61 1702 99 1722 ctis
108 1702 203 1722 eeclesiis
211 1708 247 1727 pa·

63 1729 194 1749 mentalibus
216 1734 247 1749 se-

63 1755 186 1781 potirentur.

898 223 1018 246 nauus

263 279 312 303 res
339 270 574 313 parochialium
600 270 809 303 ecclesiarum
836 271 999 303 lndiarum

261 323 513 357 Occidentalium
536 330 564 357 et
588 324 820 364 Orientalium,
850 334 890 357 ne
911 324 998 357 chri-

260 376 459 417 stifidelium,
480 377 533 420 qui
554 387 613 420 pro
633 382 777 420 tempore
796 377 834 409 ab
854 376 1002 409 humanis

261 430 440 471 decedunt,
465 430 619 463 cadavera
645 430 688 463 ita
708 430 879 463 commode
900 430 931 462 in
953 440 1002 463 ec-

261 482 364 515 elesiis
379 483 512 516 fratrum
531 488 562 516 et
579 482 768 516 monialium
783 482 858 515 dicti
873 482 1002 515 Ordinis

261 535 495 569 ecclesiasticae
516 536 701 579 sepulturae
719 535 951 575 tradiralcant,
968 541 1001 568 ut

261 588 292 621 in
311 599 422 621 eorum
440 589 680 632 parochialibus
695 589 837 622 eeclesiis
851 589 1002 629 ralerent,

260 641 300 674 de
330 641 464 674 consilio
496 635 605 675 ⁴forsan
636 651 767 675 suorum
797 641 999 686 superiorum

261 694 396 727 abusum
420 694 686 735 introduxerunt,
709 702 745 728 ut
765 695 921 728 maiorem
939 695 1000 728 sci-

260 746 331 781 licet
350 748 587 792 eleemosynam
605 749 644 781 ab
664 748 724 781 illis
742 748 879 791 exigant,
897 748 951 792 qui
970 748 1000 780 in

260 801 402 834 ecclesiis
428 801 503 835 dicti
525 801 652 835 Ordinis
669 802 880 846 sepeliuntur,
904 813 999 846 quam

259 854 285 887 si
304 854 335 887 in
352 855 492 899 propriis
510 856 652 889 ecclesiis
669 856 893 900 sepelirentur,
909 856 949 889 ita
967 861 1002 889 ut

261 907 499 949 christifideles,
524 909 578 953 qui
599 909 630 942 in
652 910 794 943 ecclesiis
815 909 1000 943 huiusmodi

258 961 387 1004 sepeliri
413 962 606 1003 desiderant,
629 972 740 1006 parem
762 962 800 995 ad
824 962 928 995 minus
946 973 1001 1006 pa-

259 1013 456 1047 rochialibus
480 1014 622 1048 ecelesiis
643 1015 880 1059 eleemosynarii
902 1016 1000 1048 relin-

259 1077 359 1110 quere
378 1067 527 1109 debeant,
541 1068 665 1102 ratione
680 1079 792 1102 eorum
805 1069 1000 1113 sepulturae,

260 1119 321 1161 ei¹,
338 1130 434 1164 quam
454 1120 595 1154 ecclesiis
615 1121 742 1155 Ordinis
756 1121 940 1155 huiusmodi
957 1132 1001 1153 re-
1017 1142 1019 1169 1

260 1172 422 1217 linquunt.
1017 1170 1018 1173 ¹

305 1228 322 1269 ξ
343 1226 373 1259 2.
398 1227 434 1260 Et
453 1228 539 1270 quod
558 1227 649 1271 peius
666 1233 728 1268 est,
751 1228 777 1260 si
798 1227 870 1271 quis
890 1238 948 1271 pro
969 1238 1001 1259 a-

261 1280 368 1314 nimae
396 1291 471 1314 suae
499 1281 666 1323 refrigerio
694 1282 866 1315 nonnullas
892 1281 1002 1314 missas

262 1344 280 1367 a
298 1334 451 1367 fratribus
472 1335 627 1378 praedicti
642 1335 770 1367 Ordinis
793 1334 1002 1368 celebrandas

263 1388 447 1432 reliquerit,
471 1389 686 1432 praetendunt
710 1388 841 1432 parochi
864 1388 1002 1421 eleemo-

261 1452 372 1486 synam
395 1442 518 1475 ratione
541 1442 708 1475 missarum
728 1441 912 1475 huiusmodi
935 1441 1020 1476 reli«

263 1501 346 1529 etam
373 1495 455 1528 inter
473 1495 558 1538 ipsos
576 1501 603 1528 et
624 1496 736 1529 fratres
757 1496 939 1539 praedictos
956 1495 1002 1527 ‹li-

262 1549 434 1582 videndam
456 1559 533 1582 csse.

307 1604 324 1645 ἓ
338 1602 368 1635 z‘..
386 1602 423 1636 Et
436 1603 570 1636 ulterius
586 1603 680 1637 iidem
696 1609 836 1636 rectores
849 1603 902 1641 (de
918 1613 1003 1635 man-

263 1656 338 1689 dato
360 1657 466 1690 forsan
487 1666 619 1690 suorum
642 1656 901 1698 Ordinariorum)
920 1656 1003 1689 lilios

264 1710 417 1753 (quorum
436 1716 542 1753 patres
560 1710 589 1743 in
609 1710 751 1743 ecclesiis
764 1710 923 1743 dictorum
942 1710 1002 1742 lra-

264 1769 348 1796 trum
369 1764 417 1797 vel
436 1764 624 1798 monialium
644 1764 760 1808 sepulti
775 1770 866 1804 sunt,
884 1770 935 1797 aut
953 1775 1002 1797 se-

262 1818 424 1861 pulturam
445 1818 674 1862 particularem
692 1829 751 1863 pro
768 1829 800 1852 se
819 1824 849 1852 et
864 1820 929 1852 suis
947 1818 1002 1852 ha-

262 1872 350 1915 bent)
365 1872 452 1905 nulla
471 1873 703 1905 consuetudine
721 1873 863 1915 legitime
881 1873 1000 1906 sull'ulti

263 1925 294 1958 in
311 1935 423 1959 eorum
442 1925 680 1969 parochialibus
698 1926 840 1959 ccelesiis
858 1926 998 1970 sepeliri,

262 1984 293 2011 et
313 1979 415 2012 dictos
436 1985 541 2023 patres
562 1979 601 2012 ad
622 1979 704 2019 hoc,
733 1986 764 2013 ut
786 1980 880 2013 dictis
900 1990 998 2024 paro-

262 2031 419 2065 chialibus
441 2032 582 2066 ecclesiis
601 2033 810 2076 sepeliantur,
835 2043 951 2075 cogere
971 2038 998 2065 ct

262 2085 456 2129 compellere
477 2086 687 2127 contendunt,
711 2092 740 2119 et
761 2091 921 2130 quotquot
941 2086 1002 2118 sra-

263 2146 326 2173 tres
346 2141 508 2182 regulares
526 2141 712 2174 defunctum
731 2140 871 2183 aliquem
893 2140 930 2173 ad
953 2149 1002 2173 ec-

262 2193 471 2227 clesiasticam
496 2194 696 2238 sepulturam
721 2193 751 2226 in
776 2204 849 2227 suas
877 2193 1002 2235 regula-

262 2256 312 2280 res
332 2247 483 2281 ecclesias
505 2247 711 2286 comitantur,
740 2252 783 2280 tot
811 2246 906 2279 etiam
928 2257 999 2279 sae-

263 2300 387 2334 culares
411 2301 614 2340 sacerdotes,
643 2305 696 2333 aut
720 2299 855 2333 clericos
883 2299 1001 2333 assumi

262 2353 385 2393 volunt,
407 2354 437 2386 in
460 2353 632 2386 maximum
652 2354 824 2386 domorum
846 2358 877 2386 et
897 2363 1004 2386 mona-

262 2406 434 2440 steriorum
457 2407 532 2440 dieti
551 2406 678 2440 Ordinis
698 2406 944 2450 praeimlicium,
965 2416 1002 2439 co

263 2460 350 2504 quod
371 2460 475 2500 multi,
492 2460 630 2504 duplicis
647 2459 833 2493 huiusmodi
855 2460 1001 2492 funerum

264 2512 428 2558 impensae
443 2513 631 2547 difficultate
644 2513 797 2553 deterriti,
808 2513 838 2545 in
854 2513 944 2545 dietis
958 2523 1004 2546 re-

301 2585 312 2610 1
335 2583 406 2611 Edit.
422 2584 502 2612 Main.
528 2584 591 2620 legit
614 2593 663 2616 ea3
679 2583 769 2620 aliqua
791 2583 943 2612 emendatio
960 2591 1003 2611 re-

265 2628 422 2663 quirebatur
440 2630 473 2658 'u.
490 2630 537 2657 τ.’.

1034 270 1199 312 gularibus
1217 269 1359 302 ecclesiis
1372 269 1571 312 sepulturam
1587 268 1704 309 eligere
1723 278 1776 300 nc-

1035 329 1172 366 qucunt;
1190 323 1275 356 unde
1288 323 1332 363 lit,
1349 329 1382 356 ut
1396 322 1471 355 dieti
1483 322 1610 355 Ordinis
1627 320 1776 354 ecclesias

1037 381 1240 409 mortuorum
1271 376 1464 420 sepulturis,
1489 381 1518 407 et
1543 379 1777 417 consequenter

1037 428 1272 473 eleemosynis,
1301 429 1396 461 etiam
1425 439 1507 472 qnae
1537 428 1566 460 in
1589 427 1775 469 sull'ragium

1036 481 1216 515 animarum
1242 482 1311 515 fieri
1337 488 1594 520 consueverunt,
1622 480 1775 525 paulatim

1037 535 1201 568 destitutas
1223 535 1261 567 iri
1282 536 1457 569 verendum
1479 535 1527 568 sit.

1081 589 1109 629 g.
1126 588 1157 621 lt.
1174 588 1277 626 Quare
1296 588 1399 621 (lictus
1416 588 1590 621 Matthaeus
1608 587 1701 621 nobis
1717 587 1776 620 liu-

1037 641 1157 675 militer
1180 642 1354 686 supplicari
1377 642 1472 682 fecit,
1496 648 1531 675 ut
1550 642 1722 675 domorum
1745 646 1776 675 et

1038 696 1306 729 monasteriorum
1324 724 1330 735 ,
1354 706 1479 730 necnon
1502 697 1637 729 fratrum
1659 702 1690 729 et
1707 706 1777 729 mo-

1036 748 1168 781 nialium
1187 748 1262 783 dicti
1281 749 1407 782 Ordinis
1428 749 1554 782 illarum
1574 749 1712 793 partium
1732 749 1776 782 in-

1037 801 1203 835 demnitati
1222 803 1401 843 consulere,
1422 813 1458 835 ac
1476 803 1553 835 alias
1572 803 1602 835 in
1623 803 1777 846 praemis-

1035 853 1077 887 sis
1098 861 1279 898 opportunc
1311 855 1480 899 providere
1510 856 1548 888 dc
1580 854 1776 897 benignitate

1036 908 1211 951 apostoliea
1233 909 1452 951 dignaremur.

1081 961 1095 1003 ξ
1124 960 1154 993 5.
1188 961 1250 994 Nos
1279 961 1377 1004 igitur
1401 962 1586 995 huiusmodi
1618 962 1736 995 abusus
1760 972 1776 995 e

1037 1013 1143 1046 medio
1172 1014 1302 1055 tollere,
1327 1026 1363 1048 ac
1391 1015 1466 1048 dieti
1486 1015 1614 1048 Ordinis
1644 1015 1776 1059 eiusque

1036 1067 1260 1109 religiosorum
1278 1068 1447 1112 utriusque
1464 1079 1568 1109 sexus,
1586 1074 1620 1101 ut
1639 1069 1776 1102 maiores

1037 1120 1066 1153 in
1095 1121 1186 1154 rinc-‘⁴1
1212 1122 1338 1155 Domini
1360 1123 1483 1155 fructus
1509 1122 1540 1155 in
1569 1123 1637 1155 dics
1662 1122 1841 1155 all‘er1·e²·²¹¹¹¹

1018 1174 1195 1216 studeant,
1213 1175 1509 1215 commoditatibus,
1529 1181 1683 1219 quantum
1703 1185 1775 1208 cum

1037 1227 1171 1261 Domino
1189 1238 1374 1272 possumus,
1396 1228 1579 1272 prospicere
1597 1228 1773 1272 cupientes,

1037 1281 1075 1313 de
1097 1281 1229 1314 consilio
1248 1282 1479 1315 renerabiliun‘i
1500 1284 1632 1315 l'ratrum
1652 1288 1777 1315 nostro-

1037 1345 1107 1367 rum
1129 1335 1158 1369 S.
1176 1336 1211 1368 P..
1234 1336 1266 1368 E.
1291 1335 1502 1368 cardinalium
1531 1336 1776 1369 consultationi-

1038 1388 1096 1421 bus
1128 1395 1158 1421 et
1182 1389 1319 1432 negotiis
1348 1390 1574 1433 episcoporum
1596 1395 1627 1422 et
1648 1390 1776 1431 regula-

1037 1442 1118 1475 rium
1137 1443 1407 1486 praepositorum,
1423 1443 1572 1476 omnibus
1594 1448 1622 1476 et
1644 1443 1778 1486 singulis

1037 1496 1270 1539 parochialium
1289 1497 1495 1530 ecclesiarum
1517 1498 1546 1530 ln
1568 1498 1711 1542 partibus
1733 1498 1779 1530 ln-

1038 1550 1174 1587 diarum,
1193 1556 1256 1583 tam
1275 1550 1528 1584 Occidentalium
1551 1562 1648 1594 quain
1671 1551 1778 1583 Orien-

1038 1604 1161 1645 talium,
1182 1604 1374 1644 rectoribus‚
1397 1615 1482 1637 mine
1503 1610 1529 1637 et
1553 1615 1611 1648 pro
1633 1610 1778 1648 tempore

1037 1657 1255 1698 existentibus,
1272 1657 1385 1690 harum
1405 1657 1487 1690 serie
1508 1657 1731 1690 interdicimus
1748 1664 1776 1689 et

1037 1710 1259 1754 prohibemus,
1280 1721 1331 1751 ne,
1355 1711 1413 1744 sub
1435 1710 1779 1744 excommunicationis

1038 1764 1168 1797 maioris
1195 1765 1278 1797 latae
1307 1764 1483 1798 sententiae
1512 1766 1638 1808 poena,
1669 1775 1687 1797 a
1716 1767 1777 1808 qua

1036 1818 1165 1851 nonnisi
1185 1828 1203 1851 a
1220 1818 1324 1858 nobis,
1341 1828 1397 1851 seu
1419 1828 1435 1850 a
1457 1818 1602 1851 Romano
1624 1817 1778 1851 l'ontifice

1036 1881 1094 1915 pro
1122 1877 1266 1915 tempore
1295 1870 1470 1911 existente,
1492 1877 1719 1914 praeterquam
1747 1871 1778 1903 in

1037 1925 1149 1958 mortis
1170 1925 1316 1965 articulo,
1333 1924 1453 1957 absolvi
1474 1924 1613 1967 possint,
1637 1934 1673 1957 ex
1694 1934 1778 1957 nunc

1037 1978 1188 2021 deinceps
1201 1977 1365 2022 perpetuis
1377 1977 1489 2010 suturis
1506 1976 1704 2021 temporibus
1717 1987 1779 2010 ma-

1038 2032 1138 2065 iorem
1168 2032 1403 2075 eleemosynam
1431 2030 1470 2064 ab
1500 2030 1554 2071 iis,
1579 2030 1632 2074 qui
1664 2030 1695 2062 in
1725 2030 1775 2063 di-

1037 2091 1160 2119 ctarum
1187 2085 1358 2118 domorum
1383 2084 1551 2127 utriusque
1571 2094 1663 2117 sexus
1687 2084 1779 2118 Ordi-

1037 2139 1085 2171 nis
1113 2138 1214 2172 sancti
1241 2137 1381 2171 Francisi
1407 2137 1548 2170 eeclesiis
1577 2136 1776 2180 sepulturam

1038 2193 1159 2235 eligunt
1175 2198 1207 2226 et
1220 2192 1430 2236 sepeliuntur,
1449 2190 1484 2224 ea
1499 2202 1595 2234 quam
1615 2190 1676 2222 illis
1690 2200 1780 2233 prae-

1037 2246 1147 2279 scribit
1165 2245 1342 2279 Concilium
1363 2244 1585 2278 'l'ridentimun
1606 2254 1682 2276 sess.
1703 2253 1775 2279 xxv,

1037 2310 1106 2344 cap.
1130 2309 1186 2333 x111
1218 2299 1327 2342 (iuxta
1354 2298 1600 2342 explicationem
1630 2308 1647 2329 a
1677 2296 1778 2329 felic-is

1038 2353 1270 2386 reeordationis
1299 2352 1355 2385 Pio
1384 2352 1468 2395 Papa
1487 2351 1508 2382 Υ
1532 2350 1778 2394 praedecessore

1039 2413 1148 2440 nostro
1163 2412 1343 2440 emanatam
1359 2405 1417 2438 sub
1433 2405 1541 2437 ilatum
1558 2404 1676 2436 llomae
1694 2404 1779 2446 apud

1037 2465 1182 2493 sanctum
1204 2460 1343 2499 Petrum,
1364 2468 1448 2491 anno
1467 2456 1699 2490 liu-arnationis
1719 2457 1780 2489 Do-

1039 2513 1175 2547 minicae
1195 2522 1327 2547 uanvu
1344 2510 1611 2554 decimoseptimo
1627 2509 1779 2542 kalendas

1039 2565 1140 2606 iunii,
1170 2565 1378 2609 pontificatus
1402 2564 1449 2597 sui
1471 2574 1556 2596 anno
1578 2561 1640 2599 11¹)
1667 2563 1778 2606 queris

1076 2630 1084 2656 1
1108 2631 1192 2659 Quam
1211 2629 1269 2655 ride
1287 2629 1310 2655 in
1328 2633 1391 2654 tom.
1412 2634 1444 2653 xu
1463 2636 1521 2663 pag.
1540 2626 1590 2653 573
1606 2634 1645 2654 tr..
1668 2632 1714 2657 r).

1790 217 1838 243 An.
1857 218 1883 242 (ἶ.
1911 217 1974 243 16ΰὲ

1827 593 1974 618 Supplicatum

1792 619 1863 645 itaque
1884 620 1921 639 suit
1936 620 1976 640 Pa-

1791 652 1832 671 pae
1847 652 1884 671 pro
1900 651 1976 671 oppor-

1792 673 1976 698 tunaprotisionu.

1799 965 1979 988 Ouidii-unemu-

1792 993 1849 1012 ribus
1865 996 1976 1017 praeripit.

1793 1019 1978 1043 rusulum-’ampr-

1793 1048 1837 1065 taut
1863 1046 1976 1071 eleemos)-

1792 1077 1976 1097 namquamprae·

1792 1100 1877 1123 scripsit
1904 1098 1978 1117 Conci-

1872 1125 1976 1144 'si-ulem:-

1792 1158 1847 1172 uum.
1863 1157 1913 1171 sess.
1939 1158 1972 1170 xxx

1793 1180 1902 1202 cap.1u.‹·t
1912 1178 1976 1201 expli-

1793 1206 1849 1224 rarii
1866 1204 1915 1224 Pius
1934 1205 1956 1223 Χ.
