2227 3241
41 243 91 271 An.
110 243 139 270 G.
161 241 227 269 1607

123 304 232 333 Studenti-

40 335 80 356 bus
89 334 151 360 plene
159 337 231 359 provi-

41 361 114 382 deant.

68 519 168 541 Eamdem
183 517 230 538 ubi-

43 552 84 574 que
95 545 228 575 disciplinam

44 578 126 595 servari
136 573 219 593 curent.

96 730 230 753 Administra-

46 760 76 781 tio
109 757 231 790 cellerario-

46 792 91 809 rum
105 788 139 808 sit.

885 232 1001 256 PAULts
1027 232 1045 254 V
1071 231 1115 254 Pr.

293 290 308 331 ξ
336 286 388 320 «17.
424 285 585 320 Monachis
611 294 686 317 vero
711 284 825 318 litteris
858 293 989 326 operam

247 341 398 375 dantibus
423 341 462 373 de
495 338 620 372 idoneis
652 338 827 377 lectoribus
853 347 889 369 ae
921 336 990 369 aliis

246 394 434 428 necessariis
455 400 485 427 et
509 392 698 426 decentibus
719 392 815 425 rebus
843 401 879 424 ac
901 399 989 423 com-

246 448 458 482 moditatibus
484 446 546 480 illis
571 445 730 480 benevisis
754 445 970 489 provideant;

289 504 306 545 ξ
327 501 379 536 18.
403 503 437 535 In
458 500 610 534 omnibus
631 510 760 543 quoque
788 497 990 531 monasteriis

243 566 356 602 parem
381 556 518 588 sormam
555 553 681 586 vivendi
710 559 737 586 et
768 552 922 586 vestiendi
955 562 990 584 ac

245 610 426 653 regularem
447 607 648 652 disciplinam
669 607 708 639 ab
722 606 873 639 omnibus
886 605 991 638 obser-

246 663 312 696 vari
334 667 465 702 curent,
552 698 555 700 q

291 719 307 760 ξ
329 716 381 749 19.
403 716 436 749 In
458 714 737 749 administratione
755 718 862 747 autem
882 723 989 746 rerum

248 769 475 815 temporalium
506 779 543 802 ea
571 767 677 802 cautio
705 767 916 807 adhibeatur,
952 777 991 799 ne

247 823 382 869 praelati
408 833 478 856 eam
505 833 564 867 per
588 833 621 855 se
640 821 738 866 ipsos,
766 827 801 854 ut
825 831 920 854 causa
940 831 991 854 va<

247 876 344 920 gandi
375 876 528 917 tollatur,
566 879 755 908 exerceant:
784 874 840 907 sed
871 883 908 906 ea
935 883 992 917 per

232 929 432 964 vcellerarios
449 939 467 962 a
484 929 578 963 dictis
596 927 823 962 definitoribus
840 927 886 960 vel
905 937 994 970 prae-

103 1211 143 1236 Qui
159 1211 235 1233 decani

50 1240 99 1262 sint.

101 1373 238 1393 visitatorum

51 1406 126 1421 munus·
151 1402 172 1421 et
197 1400 238 1420 ele-

52 1430 102 1447 ctm.

248 983 325 1018 dicti
355 982 483 1017 Ordinis
513 981 672 1025 regimine
703 981 874 1026 deputatos
904 982 993 1025 (cor-

249 1036 375 1081 ruptela
396 1041 427 1069 et
447 1035 549 1068 abusu
575 1033 777 1068 cellerariam
803 1034 835 1067 in
867 1040 990 1077 pectus,

248 1095 284 1124 ut
301 1089 424 1131 dicunt,
440 1088 566 1122 abbatis
585 1088 826 1122 concedendam
841 1087 846 1104 ¹
866 1087 993 1132 penitus

250 1143 407 1187 sublatis)
428 1148 614 1176 exerceatur
623 1154 631 1184 3

297 1199 313 1241 g
338 1196 390 1231 ΞΟ.
418 1198 462 1231 Ac
487 1196 737 1232 Constitutiones
761 1195 918 1241 praedicti
939 1195 995 1229 Or-

252 1251 351 1293 dinis,
374 1257 409 1285 ut
430 1251 590 1285 cellerarii
620 1262 637 1285 a
665 1250 823 1293 regimine
850 1249 992 1294 deputati

253 1305 365 1338 decani
387 1305 531 1345 existant,
555 1305 687 1338 omnino
708 1305 936 1340 observentur:

298 1360 314 1401 ξ
347 1358 399 1391 21.
433 1359 502 1392 Duo
538 1364 646 1392 autem
681 1358 860 1409 vjsitatorcs
892 1358 995 1391 dictae

253 1412 531 1456 Congregationis,
559 1423 595 1446 ex
621 1413 802 1453 Romanae,
827 1411 995 1445 lletruriae

253 1478 290 1501 ac
309 1467 549 1511 Neapolitanae,
574 1478 609 1500 ac
630 1466 682 1499 alii
705 1467 769 1499 duo
790 1477 826 1499 ex
847 1466 997 1499 Lombar-

253 1521 336 1561 diae,
359 1521 498 1554 Venetae
530 1530 656 1554 necnon
688 1520 836 1563 Liguriae
866 1520 996 1563 provin—

254 1575 375 1608 ciarum
397 1574 637 1619 praedictarum
660 1574 830 1607 abbatibus
852 1585 887 1607 ex
908 1575 997 1618 ipsis-

255 1636 319 1664 met
354 1629 527 1674 provinciis
561 1629 689 1662 oriundi
727 1629 907 1671 eligantur,
944 1629 996 1673 qui

255 1689 422 1717 extraneas
443 1683 626 1727 provincias
647 1682 773 1716 visitent.
793 1683 871 1725 (non
890 1688 997 1716 autem

255 1737 426 1782 proprias),
447 1737 471 1770 si
490 1737 522 1770 id
540 1736 728 1770 definitores
747 1736 899 1780 expedire
918 1736 999 1769 iudi-

212 1813 224 1820 *
256 1790 414 1831 caverint,
436 1790 514 1824 alias
531 1789 775 1824 constitutiones
796 1789 899 1823 dictae
917 1790 999 1824 Con-

121 2388 247 2408 Piaesertim

63 2426 118 2442 corr-a
136 2421 248 2451 innnactio-

63 2454 106 2469 rum
113 2450 248 2469 amotionem.

256 1845 452 1888 gregationis
470 1849 648 1881 serventur,
673 1850 702 1877 et
720 1844 750 1876 in
770 1844 934 1887 provincia
952 1844 999 1878 Si-

257 1900 329 1933 cula
355 1900 418 1933 duo
439 1898 629 1939 visitatores,
659 1897 743 1931 iuxta
765 1898 998 1941 praescriptum

258 1964 351 1987 usum
383 1953 487 1986 dictae
511 1951 786 1994 Congregationis,
815 1951 997 1994 eligantur,

259 2008 400 2051 dictique
425 2006 615 2047 visitatores,
638 2006 703 2039 Deo
725 2005 863 2045 iuvante,
886 2016 1018 2038 numus*

259 2072 352 2096 suum
387 2060 576 2094 visitationis
608 2071 679 2093 cum
715 2060 803 2092 omni
837 2059 1000 2102 diligentia

260 2115 396 2148 subeant
415 2125 451 2147 ac
472 2114 647 2154 absolvant,
669 2113 877 2157 singulosque
896 2124 1003 2147 mona·
1041 2143 1048 2147 ,

262 2168 339 2202 elios
372 2174 401 2201 et
434 2167 571 2200 novitios
603 2168 643 2200 de
674 2172 757 2200 statu
790 2167 999 2205 monasterii,

262 2233 388 2256 necnon
421 2221 680 2266 praepositorum
714 2226 745 2253 et
780 2220 1001 2253 ministrorum

263 2276 427 2320 qualitate,
452 2286 487 2308 ac
512 2285 621 2307 rerum
642 2274 858 2318 sljiiritualium
878 2280 907 2307 ct
927 2280 1003 2307 tem-

263 2331 423 2375 poralium
449 2334 533 2363 statu
550 2328 749 2362 exactissime
768 2329 948 2362 examinent
965 2340 971 2364 ;

308 2387 324 2427 ξ
353 2384 405 2417 322.
439 2383 611 2417 Monaclios
633 2393 707 2416 vcro
734 2383 780 2415 vel
811 2382 936 2415 novtios
965 2382 1004 2414 ab

263 2439 372 2483 aliquo
391 2437 599 2478 monasterio,
620 2437 650 2469 in
666 2447 730 2481 quo
750 2436 861 2469 saltem
880 2446 938 2480 per
954 2445 1005 2469 an-

263 2503 340 2527 num
373 2491 562 2526 continuum
595 2501 659 2523 non
692 2489 947 2534 permanserint,
976 2495 1002 2522 et

301 2574 311 2599 1
335 2571 480 2599 videretur
494 2570 637 2607 legendum
649 2570 837 2601 concedendi]
853 2578 950 2605 nempe
962 2578 1005 2597 su-

266 2617 346 2645 blatis
361 2616 513 2652 corruptela
525 2620 551 2644 et
565 2616 651 2643 abusu
661 2615 827 2643 concedendi
839 2615 1005 2643 cellerariam

268 2663 293 2689 in
316 2665 419 2698 pectus,
436 2664 465 2688 ut
479 2661 582 2696 dicunt,
596 2661 702 2688 abbatis
719 2662 760 2695 (n.
777 2663 824 2694 12).

352 2715 431 2744 Bull.
451 2716 532 2745 Rom.
553 2730 587 2736 -—
606 2715 664 2744 Vol.
685 2715 734 2743 XI.
914 2714 949 2741 50

1020 2338 1152 2361 .corum
1187 2326 1355 2368 dictaeque
1385 2320 1648 2365 Cougregatiouis
1680 2319 1781 2351 detri-

1668 211 1732 246 393
1782 219 1831 246 An.
1848 219 1876 245 C.
1900 218 1965 246 1607

1024 289 1105 323 quos
1139 277 1337 311 amovendos
1361 273 1578 308 necessarium
1605 270 1768 304 iudicave-

1025 332 1089 365 rint
1106 334 1222 376 (super
1239 341 1303 375 quo
1322 330 1452 362 illorum
1471 325 1684 361 conscientias
1702 335 1771 367 gra-

1025 385 1174 428 vamus),
1203 396 1261 429 per
1288 384 1380 417 ‘illam
1413 380 1611 427 provinciam
1645 384 1769 412 tantum

1026 445 1150 472 mutare
1176 439 1319 477 valeant,
1349 437 1433 470 dicto
1462 434 1603 478 capitulo
1628 432 1770 476 generali

1027 493 1221 526 mutationes
1248 492 1286 524 de
1309 494 1371 523 una
1392 490 1432 523 ad
1453 489 1548 522 aliam
1569 485 1769 532 provinciam

1025 549 1073 591 (ut
1090 546 1271 590 sumptibus
1292 543 1464 588 superfluis
1482 540 1649 586 parcatur)
1669 549 1770 573 reser-

1026 600 1144 639 vando3

1068 657 1085 697 ξ
1107 653 1209 686 *232ss1
1227 651 1399 685 novitiatus
1412 660 1471 694 pro
1485 648 1681 682 novitiorum
1697 648 1770 681 edu-
1842 662 1971 691 Nerinorum

1025 707 1151 741 catione
1179 706 1209 738 in
1238 704 1374 747 singulis
1394 702 1568 748 provinciis
1596 700 1769 746 praedictis
1784 688 1973 742 gsstffiffafigfigssg

1026 760 1189 794 constituti
1220 765 1250 793 et
1279 756 1493 792 constituendi
1520 756 1552 789 in
1573 766 1631 789 suo
1652 755 1771 788 robore
1786 744 1872 765 dmm*

1026 819 1249 860 permaneant,
1271 812 1313 845 ita
1338 817 1446 844 tamen
1462 809 1558 854 ‚quod
1582 809 1613 842 in
1640 808 1772 853 quibus-

1027 869 1104 902 libet
1130 866 1339 901 novitiatibus
1360 863 1533 909 praedietis
1555 874 1591 896 ex
1612 862 1773 896 eiusdem-

1028 928 1092 955 met
1116 919 1290 965 provinciis
1315 917 1503 952 huiusmodi
1529 915 1657 950 oriundi
1688 915 1775 948 iuxta

1027 975 1275 1010 constitutiones
1294 971 1488 1017 apostolicas
1506 976 1537 1004 et
1554 970 1683 1003 decreta
1694 968 1775 1002 Con-

1028 1029 1092 1063 cilii
1105 1028 1284 1062 Tridentini
1298 1025 1405 1061 idonei
1426 1025 1465 1058 ad
1476 1023 1705 1069 probationem
1720 1022 1775 1055 ad-

1029 1084 1210 1123 mittantur,
1234 1093 1270 1115 ac
1291 1090 1418 1125 semper
1436 1085 1465 1113 et
1487 1077 1608 1121 ubique
1629 1076 1714 1109 cives
1732 1075 1775 1108 ci-

1028 1138 1160 1171 vitatum
1177 1142 1205 1169 et
1226 1136 1384 1175 locorum,
1403 1133 1434 1166 in
1447 1131 1565 1176 quibus
1580 1127 1775 1163 monasteria

1029 1189 1215 1224 huiusmodi
1234 1188 1292 1222 sita
1306 1188 1379 1229 sint,
1398 1184 1532 1220 caeteris
1548 1181 1706 1217 extraneis
1719 1190 1775 1225 pa-

1030 1245 1119 1278 ribus
1144 1243 1387 1288 praeferantur,

1074 1301 1088 1340 ,ξ’
1114 1299 1165 1332 Es.
1191 1298 1348 1341 Quodque
1380 1296 1411 1328 in
1442 1294 1607 1339 provincia
1628 1293 1773 1326 Romana
1855 1304 1975 1334 Novi-uatus

1030 1355 1203 1399 praedicta,
1215 1353 1310 1386 etiam
1326 1352 1357 1384 in
1373 1348 1575 1383 monasteriis
1588 1347 1689 1381 sancti
1703 1347 1774 1380 Pro·
1788 1331 1829 1379 {¹0⁰5
1845 1333 1975 1352 ⁰⁰⁰⁵¹¹²⁰³'³'

1031 1409 1093 1442 cuti
1124 1406 1335 1441 Bononiensis
1353 1416 1389 1438 ac
1406 1403 1506 1437 sancti
1524 1401 1688 1435 Benedicti
1702 1401 1774 1434 Fer-

1031 1462 1182 1495 raricnsis
1200 1460 1371 1493 novitiatus
1383 1458 1668 1496 constituantur,et
1684 1454 1716 1487 in
1730 1453 1775 1486 eis

1032 1517 1161 1550 iuvenes
1182 1527 1217 1549 ex
1243 1515 1353 1548 eadem
1386 1511 1552 1558 provincia
1577 1509 1707 1544 oriundi
1736 1508 1775 1541 ad

1033 1570 1258 1616 probationem
1277 1568 1493 1612 recipiantur:

1078 1628 1093 1667 ξ
1116 1624 1167 1657 25.
1189 1622 1356 1663 Quaelibet
1373 1627 1479 1654 autem
1498 1618 1664 1664 provincia
1686 1617 1776 1650 illum
1846 1631 1977 1651 mmmm

1035 1685 1155 1712 tantum
1175 1687 1347 1710 numerum
1366 1674 1561 1708 novitiorum
1582 1671 1726 1715 recipiat,
1747 1675 1778 1702 et
1793 1655 1979 1706 fflffj'uspmfi'

1034 1734 1073 1767 ad
1099 1731 1332 1777 professionem
1362 1728 1531 1767 admittat,
1567 1736 1662 1770 quem
1689 1734 1778 1757 com-

1035 1788 1131 1821 mode
1156 1787 1242 1819 alere
1263 1783 1400 1829 pote1·it;
1425 1782 1449 1815 si
1475 1792 1549 1814 vero
1571 1780 1678 1823 aliqua
1703 1788 1779 1822 pro-

1036 1841 1138 1874 vincia
1153 1851 1207 1874 seu
1221 1837 1454 1872 monasterium
1470 1836 1578 1880 plures
1592 1832 1779 1873 monachos,

1016 1901 1018 1910 '
1035 1906 1132 1940 quam
1152 1905 1188 1927 ex
1209 1893 1276 1926 eius
1298 1890 1477 1925 redditibus
1499 1889 1539 1922 ali
1558 1892 1703 1932 possunt,
1722 1886 1780 1918 lia-

1037 1951 1113 1983 berc
1148 1946 1388 1991 comperiatur,
1423 1943 1586 1977 neminem
1619 1939 1777 1984 recipiat,

1037 2003 1225 2047 priusquam
1244 2001 1282 2033 ad
1305 2009 1477 2032 numerum
1496 1995 1673 2041 praefixum
1696 1993 1781 2026 illius

1037 2055 1170 2100 professi
1193 2053 1313 2087 redacti
1335 2051 1473 2091 suerint3

1084 2113 1098 2152 ξ
1118 2109 1169 2142 ssis».
1192 2109 1228 2141 Et
1246 2107 1321 2152 quia
1342 2107 1373 2139 in
1392 2106 1476 2139 dicto
1496 2103 1692 2137 monasterio
1710 2111 1781 2134 san·
1824 2114 1982 2134 mmmmm

1039 2164 1079 2197 cti
1103 2163 1190 2197 l‘auli
1210 2163 1249 2196 dc
1270 2161 1382 2195 eadem
1404 2160 1500 2199 Urbe,
1525 2159 1566 2191 ob
1593 2157 1678 2189 illius
1699 2154 1781 2188 aeris
1797 2143 1983 2188 Flilssii‘illiffii‘l

1039 2216 1262 2261 intemperiem
1286 2217 1337 2258 (ut
1361 2214 1481 2253 aiunt),
1510 2211 1644 2246 Romani
1672 2209 1719 2242 vel
1746 2219 1782 2241 ex
1796 2195 1984 2274 ἓὲρῖξέῗιξὲἷὲιέἓτ

1040 2272 1150 2306 cadem
1182 2269 1347 2314 provincia
1375 2267 1524 2305 oriundi,
1551 2266 1581 2298 iu
1608 2263 1782 2296 maximum
1799 2274 1983 2322 gilgffiireisumam

1042 2387 1198 2421 mentum,
1227 2379 1360 2412 minime
1387 2376 1600 2420 recipiuntur,
1629 2372 1785 2417 quemad-

1042 2435 1173 2468 modum
1207 2431 1388 2477 pructcritis
1414 2428 1614 2473 temporibus
1641 2425 1785 2468 recipcre

1040 2489 1170 2523 solitum
1198 2487 1251 2520 t'uit
1279 2491 1310 2519 et
1335 2485 1395 2517 lioc
1423 2484 1453 2516 in
1480 2482 1549 2515 :iliis
1583 2479 1786 2513 monasteriis

1041 2547 1201 2577 servatur:
1223 2540 1310 2583 quod
1329 2538 1492 2580 deinceps,
1512 2534 1638 2576 singulo
1656 2543 1787 2576 quoquc

1041 2606 1137 2631 anno.
1155 2595 1266 2627 saltem
1286 2603 1337 2625 sev
1360 2589 1470 2623 novitii
1493 2589 1532 2621 ad
1560 2587 1785 2632 probationem

1042 2650 1085 2683 ibi
1113 2649 1320 2693 recipiantur,
1349 2645 1404 2679 sed
1426 2644 1457 2677 in
1483 2642 1605 2676 dietum
1627 2646 1786 2675 monaste-
