<?xml version="1.0" encoding="UTF-8"?>
<!DOCTYPE html PUBLIC "-//W3C//DTD XHTML 1.0 Transitional//EN"
    "http://www.w3.org/TR/xhtml1/DTD/xhtml1-transitional.dtd">
<html xmlns="http://www.w3.org/1999/xhtml" xml:lang="en" lang="en">
 <head>
  <title>
</title>
<meta http-equiv="Content-Type" content="text/html;charset=utf-8" />
  <meta name='ocr-system' content='tesseract 3.04.00' />
  <meta name='ocr-capabilities' content='ocr_page ocr_carea ocr_par ocr_line ocrx_word'/>
</head>
<body>
  <div class='ocr_page' id='page_1' title='image "./bullarumdiplomat11cath_0139.png"; bbox 0 0 2227 3241; ppageno 0'>
   <div class='ocr_carea' id='block_1_1' title="bbox 37 236 223 267">
    <p class='ocr_par' dir='ltr' id='par_1_1' title="bbox 37 236 223 267">
     <span class='ocr_line' id='line_1_1' title="bbox 37 236 223 267; baseline -0.016 0"><span class='ocrx_word' id='word_1_1' title='bbox 37 240 86 267; x_wconf 81' lang='lat' dir='ltr'>An.</span> <span class='ocrx_word' id='word_1_2' title='bbox 102 238 131 266; x_wconf 87' lang='lat' dir='ltr'>C.</span> <span class='ocrx_word' id='word_1_3' title='bbox 156 236 223 265; x_wconf 75' lang='lat'><strong>1604</strong></span> 
     </span>
    </p>
   </div>
   <div class='ocr_carea' id='block_1_2' title="bbox 66 790 185 812">
    <p class='ocr_par' dir='ltr' id='par_1_2' title="bbox 66 790 185 812">
     <span class='ocr_line' id='line_1_2' title="bbox 66 790 185 812; baseline -0.017 0"><span class='ocrx_word' id='word_1_4' title='bbox 66 790 185 812; x_wconf 81' lang='lat' dir='ltr'>Exordium.</span> 
     </span>
    </p>
   </div>
   <div class='ocr_carea' id='block_1_3' title="bbox 41 1209 225 1315">
    <p class='ocr_par' dir='ltr' id='par_1_3' title="bbox 41 1209 225 1315">
     <span class='ocr_line' id='line_1_3' title="bbox 75 1209 223 1235; baseline -0.014 -5"><span class='ocrx_word' id='word_1_5' title='bbox 75 1209 155 1230; x_wconf 69' lang='lat' dir='ltr'>Causas</span> <span class='ocrx_word' id='word_1_6' title='bbox 175 1214 223 1235; x_wconf 74' lang='lat' dir='ltr'>sup-</span> 
     </span>
     <span class='ocr_line' id='line_1_4' title="bbox 41 1236 223 1263; baseline -0.011 -6"><span class='ocrx_word' id='word_1_7' title='bbox 41 1236 142 1263; x_wconf 78' lang='lat' dir='ltr'>primendi</span> <span class='ocrx_word' id='word_1_8' title='bbox 153 1241 223 1256; x_wconf 79' lang='lat' dir='ltr'>inona-</span> 
     </span>
     <span class='ocr_line' id='line_1_5' title="bbox 41 1263 224 1287; baseline -0.011 -3"><span class='ocrx_word' id='word_1_9' title='bbox 41 1263 97 1287; x_wconf 66' lang='lat' dir='ltr'>sterii</span> <span class='ocrx_word' id='word_1_10' title='bbox 113 1263 224 1287; x_wconf 62' lang='lat' dir='ltr'>ott-rigen-</span> 
     </span>
     <span class='ocr_line' id='line_1_6' title="bbox 42 1289 225 1315; baseline -0.011 -4"><span class='ocrx_word' id='word_1_11' title='bbox 42 1289 63 1312; x_wconf 72' lang='lat' dir='ltr'>di</span> <span class='ocrx_word' id='word_1_12' title='bbox 72 1290 90 1310; x_wconf 90' lang='lat' dir='ltr'>in</span> <span class='ocrx_word' id='word_1_13' title='bbox 99 1295 123 1310; x_wconf 84' lang='lat' dir='ltr'>eo</span> <span class='ocrx_word' id='word_1_14' title='bbox 133 1289 225 1315; x_wconf 72' lang='lat' dir='ltr'>collegii.</span> 
     </span>
    </p>
   </div>
   <div class='ocr_carea' id='block_1_4' title="bbox 845 231 1134 259">
    <p class='ocr_par' dir='ltr' id='par_1_4' title="bbox 845 231 1134 259">
     <span class='ocr_line' id='line_1_7' title="bbox 845 231 1134 259; baseline -0.003 0"><span class='ocrx_word' id='word_1_15' title='bbox 845 231 982 259; x_wconf 64' lang='lat' dir='ltr'>CLEMENS</span> <span class='ocrx_word' id='word_1_16' title='bbox 1009 235 1064 258; x_wconf 71' lang='grc' dir='ltr'>ΠΗ</span> <span class='ocrx_word' id='word_1_17' title='bbox 1090 237 1134 259; x_wconf 75' lang='lat' dir='ltr'>rr.</span> 
     </span>
    </p>
   </div>
   <div class='ocr_carea' id='block_1_5' title="bbox 504 284 701 319">
    <p class='ocr_par' dir='ltr' id='par_1_5' title="bbox 504 284 701 319">
     <span class='ocr_line' id='line_1_8' title="bbox 504 284 701 319; baseline -0.005 0"><span class='ocrx_word' id='word_1_18' title='bbox 504 284 701 319; x_wconf 84' lang='lat' dir='ltr'>CCCXLVIII.</span> 
     </span>
    </p>
   </div>
   <div class='ocr_carea' id='block_1_6' title="bbox 237 390 978 533">
    <p class='ocr_par' dir='ltr' id='par_1_6' title="bbox 237 390 978 533">
     <span class='ocr_line' id='line_1_9' title="bbox 237 390 978 436; baseline -0.004 -11"><span class='ocrx_word' id='word_1_19' title='bbox 237 393 426 436; x_wconf 77' lang='lat' dir='ltr'>Suppressio</span> <span class='ocrx_word' id='word_1_20' title='bbox 448 393 615 436; x_wconf 73' lang='lat' dir='ltr'><em>prioratus</em></span> <span class='ocrx_word' id='word_1_21' title='bbox 633 392 664 425; x_wconf 90' lang='lat' dir='ltr'>S.</span> <span class='ocrx_word' id='word_1_22' title='bbox 683 391 792 425; x_wconf 67' lang='lat' dir='ltr'>Jacobs</span> <span class='ocrx_word' id='word_1_23' title='bbox 815 390 924 434; x_wconf 73' lang='lat' dir='ltr'>oppidi</span> <span class='ocrx_word' id='word_1_24' title='bbox 941 390 978 423; x_wconf 73' lang='lat' dir='ltr'>(Ie</span> 
     </span>
     <span class='ocr_line' id='line_1_10' title="bbox 281 444 976 487; baseline -0.003 -9"><span class='ocrx_word' id='word_1_25' title='bbox 281 446 364 479; x_wconf 69' lang='lat' dir='ltr'>Fixa</span> <span class='ocrx_word' id='word_1_26' title='bbox 387 456 455 479; x_wconf 81' lang='lat' dir='ltr'>cum</span> <span class='ocrx_word' id='word_1_27' title='bbox 480 447 635 479; x_wconf 56' lang='lat' dir='ltr'>erectim—v</span> <span class='ocrx_word' id='word_1_28' title='bbox 658 445 787 487; x_wconf 69' lang='lat' dir='ltr'>collesfl&#39;i</span> <span class='ocrx_word' id='word_1_29' title='bbox 810 444 976 477; x_wconf 76' lang='lat' dir='ltr'>Societatis</span> 
     </span>
     <span class='ocr_line' id='line_1_11' title="bbox 280 499 382 533; baseline 0.01 -1"><span class='ocrx_word' id='word_1_30' title='bbox 280 499 351 533; x_wconf 82' lang='lat' dir='ltr'>Iesu</span> <span class='ocrx_word' id='word_1_31' title='bbox 365 500 382 533; x_wconf 93' lang='lat'>¹.</span> 
     </span>
    </p>
   </div>
   <div class='ocr_carea' id='block_1_7' title="bbox 356 607 854 698">
    <p class='ocr_par' dir='ltr' id='par_1_7' title="bbox 356 607 854 698">
     <span class='ocr_line' id='line_1_12' title="bbox 445 607 769 641; baseline 0 -7"><span class='ocrx_word' id='word_1_32' title='bbox 445 608 578 635; x_wconf 81' lang='lat' dir='ltr'><strong>Clemens</strong></span> <span class='ocrx_word' id='word_1_33' title='bbox 595 607 674 641; x_wconf 82' lang='lat' dir='ltr'>Papa</span> <span class='ocrx_word' id='word_1_34' title='bbox 687 607 769 639; x_wconf 83' lang='lat' dir='ltr'>vm,</span> 
     </span>
     <span class='ocr_line' id='line_1_13' title="bbox 356 660 854 698; baseline 0 -10"><span class='ocrx_word' id='word_1_35' title='bbox 356 661 393 698; x_wconf 82' lang='lat' dir='ltr'>acl</span> <span class='ocrx_word' id='word_1_36' title='bbox 413 663 589 695; x_wconf 82' lang='lat' dir='ltr'>perpetuam</span> <span class='ocrx_word' id='word_1_37' title='bbox 608 661 652 689; x_wconf 86' lang='lat' dir='ltr'>rei</span> <span class='ocrx_word' id='word_1_38' title='bbox 673 660 854 689; x_wconf 84' lang='lat' dir='ltr'>memoriam.</span> 
     </span>
    </p>
   </div>
   <div class='ocr_carea' id='block_1_8' title="bbox 236 769 987 2425">
    <p class='ocr_par' dir='ltr' id='par_1_8' title="bbox 237 769 978 920">
     <span class='ocr_line' id='line_1_14' title="bbox 281 769 974 812; baseline 0 -10"><span class='ocrx_word' id='word_1_39' title='bbox 281 769 488 802; x_wconf 86' lang='lat' dir='ltr'>Laboriosam</span> <span class='ocrx_word' id='word_1_40' title='bbox 526 775 556 802; x_wconf 90' lang='lat' dir='ltr'>et</span> <span class='ocrx_word' id='word_1_41' title='bbox 587 769 779 802; x_wconf 77' lang='lat' dir='ltr'>indefessam</span> <span class='ocrx_word' id='word_1_42' title='bbox 819 779 950 812; x_wconf 84' lang='lat' dir='ltr'>operam</span> <span class='ocrx_word' id='word_1_43' title='bbox 968 796 974 809; x_wconf 93' lang='lat'>,</span> 
     </span>
     <span class='ocr_line' id='line_1_15' title="bbox 237 822 978 868; baseline 0 -12"><span class='ocrx_word' id='word_1_44' title='bbox 237 834 333 868; x_wconf 88' lang='lat' dir='ltr'>quam</span> <span class='ocrx_word' id='word_1_45' title='bbox 352 823 494 857; x_wconf 85' lang='lat' dir='ltr'>Societas</span> <span class='ocrx_word' id='word_1_46' title='bbox 505 822 574 856; x_wconf 88' lang='lat' dir='ltr'>Iesu</span> <span class='ocrx_word' id='word_1_47' title='bbox 591 823 622 856; x_wconf 92' lang='lat' dir='ltr'>in</span> <span class='ocrx_word' id='word_1_48' title='bbox 637 822 805 856; x_wconf 86' lang='lat' dir='ltr'>militantis</span> <span class='ocrx_word' id='word_1_49' title='bbox 819 823 978 857; x_wconf 81' lang='lat' dir='ltr'>Ecclesiae</span> 
     </span>
     <span class='ocr_line' id='line_1_16' title="bbox 237 876 804 920; baseline 0 -10"><span class='ocrx_word' id='word_1_50' title='bbox 237 887 314 920; x_wconf 85' lang='lat' dir='ltr'>agro</span> <span class='ocrx_word' id='word_1_51' title='bbox 335 877 523 918; x_wconf 84' lang='lat' dir='ltr'>excolendo,</span> <span class='ocrx_word' id='word_1_52' title='bbox 545 881 616 918; x_wconf 61' lang='lat' dir='ltr'>eto„</span> <span class='ocrx_word' id='word_1_53' title='bbox 645 876 804 920; x_wconf 88' lang='lat' dir='ltr'>expedire.</span> 
     </span>
    </p>

    <p class='ocr_par' dir='ltr' id='par_1_9' title="bbox 236 929 979 1185">
     <span class='ocr_line' id='line_1_17' title="bbox 281 929 979 974; baseline -0.001 -10"><span class='ocrx_word' id='word_1_54' title='bbox 281 932 298 972; x_wconf 65' lang='grc' dir='ltr'>ξ</span> <span class='ocrx_word' id='word_1_55' title='bbox 319 931 348 964; x_wconf 91' lang='lat'>1.</span> <span class='ocrx_word' id='word_1_56' title='bbox 366 930 492 964; x_wconf 87' lang='lat' dir='ltr'>Dudum</span> <span class='ocrx_word' id='word_1_57' title='bbox 507 930 666 974; x_wconf 74' lang='lat' dir='ltr'>siquidem</span> <span class='ocrx_word' id='word_1_58' title='bbox 681 940 793 963; x_wconf 89' lang='lat' dir='ltr'>omnes</span> <span class='ocrx_word' id='word_1_59' title='bbox 806 929 979 973; x_wconf 74' lang='lat' dir='ltr'>prioratus,</span> 
     </span>
     <span class='ocr_line' id='line_1_18' title="bbox 236 983 979 1027; baseline 0.001 -12"><span class='ocrx_word' id='word_1_60' title='bbox 236 989 429 1027; x_wconf 85' lang='lat' dir='ltr'>caeteraque</span> <span class='ocrx_word' id='word_1_61' title='bbox 452 983 610 1016; x_wconf 81' lang='lat' dir='ltr'>beneficia</span> <span class='ocrx_word' id='word_1_62' title='bbox 631 983 845 1017; x_wconf 82' lang='lat' dir='ltr'>ecclesiastica</span> <span class='ocrx_word' id='word_1_63' title='bbox 870 994 979 1017; x_wconf 88' lang='lat' dir='ltr'>saecu-</span> 
     </span>
     <span class='ocr_line' id='line_1_19' title="bbox 237 1036 976 1081; baseline 0 -12"><span class='ocrx_word' id='word_1_64' title='bbox 237 1036 335 1077; x_wconf 85' lang='lat' dir='ltr'>laria,</span> <span class='ocrx_word' id='word_1_65' title='bbox 358 1043 389 1070; x_wconf 88' lang='lat' dir='ltr'>et</span> <span class='ocrx_word' id='word_1_66' title='bbox 413 1037 602 1081; x_wconf 87' lang='lat' dir='ltr'>quorumvis</span> <span class='ocrx_word' id='word_1_67' title='bbox 623 1037 774 1070; x_wconf 78' lang='lat' dir='ltr'>ordinum</span> <span class='ocrx_word' id='word_1_68' title='bbox 796 1037 976 1079; x_wconf 81' lang='lat' dir='ltr'>regularia,</span> 
     </span>
     <span class='ocr_line' id='line_1_20' title="bbox 237 1090 976 1134; baseline 0.001 -11"><span class='ocrx_word' id='word_1_69' title='bbox 237 1090 323 1134; x_wconf 87' lang='lat' dir='ltr'>apud</span> <span class='ocrx_word' id='word_1_70' title='bbox 343 1090 458 1123; x_wconf 90' lang='lat' dir='ltr'>Sedem</span> <span class='ocrx_word' id='word_1_71' title='bbox 479 1090 706 1134; x_wconf 87' lang='lat' dir='ltr'>apostolicam,</span> <span class='ocrx_word' id='word_1_72' title='bbox 730 1095 803 1131; x_wconf 58' lang='lat' dir='ltr'>etc„</span> <span class='ocrx_word' id='word_1_73' title='bbox 832 1100 976 1124; x_wconf 85' lang='lat' dir='ltr'>reserva·-</span> 
     </span>
     <span class='ocr_line' id='line_1_21' title="bbox 237 1143 883 1185; baseline 0.002 -9"><span class='ocrx_word' id='word_1_74' title='bbox 237 1143 351 1177; x_wconf 89' lang='lat' dir='ltr'>vimus.</span> <span class='ocrx_word' id='word_1_75' title='bbox 378 1144 604 1185; x_wconf 81' lang='lat' dir='ltr'>Decernentes‚</span> <span class='ocrx_word' id='word_1_76' title='bbox 628 1149 696 1185; x_wconf 66' lang='lat' dir='ltr'>eto,</span> <span class='ocrx_word' id='word_1_77' title='bbox 716 1148 883 1178; x_wconf 87' lang='lat' dir='ltr'>attentare.</span> 
     </span>
    </p>

    <p class='ocr_par' dir='ltr' id='par_1_10' title="bbox 238 1197 987 2425">
     <span class='ocr_line' id='line_1_22' title="bbox 283 1197 980 1242; baseline 0.001 -12"><span class='ocrx_word' id='word_1_78' title='bbox 283 1199 300 1240; x_wconf 67' lang='lat' dir='ltr'>g</span> <span class='ocrx_word' id='word_1_79' title='bbox 320 1197 351 1230; x_wconf 71' lang='lat'>⁶2.</span> <span class='ocrx_word' id='word_1_80' title='bbox 375 1197 451 1231; x_wconf 91' lang='lat' dir='ltr'>Cum</span> <span class='ocrx_word' id='word_1_81' title='bbox 470 1198 578 1242; x_wconf 84' lang='lat' dir='ltr'>itaque</span> <span class='ocrx_word' id='word_1_82' title='bbox 595 1198 803 1242; x_wconf 88' lang='lat' dir='ltr'>postmodum</span> <span class='ocrx_word' id='word_1_83' title='bbox 817 1197 980 1242; x_wconf 72' lang='lat' dir='ltr'>prioratus</span> 
     </span>
     <span class='ocr_line' id='line_1_23' title="bbox 239 1251 980 1296; baseline 0.001 -13"><span class='ocrx_word' id='word_1_84' title='bbox 239 1251 340 1284; x_wconf 87' lang='lat' dir='ltr'>sancti</span> <span class='ocrx_word' id='word_1_85' title='bbox 361 1251 466 1285; x_wconf 90' lang='lat' dir='ltr'>Iacobi</span> <span class='ocrx_word' id='word_1_86' title='bbox 492 1251 604 1296; x_wconf 82' lang='lat' dir='ltr'>oppidi</span> <span class='ocrx_word' id='word_1_87' title='bbox 625 1251 664 1285; x_wconf 91' lang='lat' dir='ltr'>de</span> <span class='ocrx_word' id='word_1_88' title='bbox 684 1251 769 1292; x_wconf 85' lang='lat' dir='ltr'>Fixa,</span> <span class='ocrx_word' id='word_1_89' title='bbox 790 1251 869 1285; x_wconf 79' lang='lat' dir='ltr'>alias</span> <span class='ocrx_word' id='word_1_90' title='bbox 889 1251 928 1285; x_wconf 84' lang='lat' dir='ltr'>de</span> <span class='ocrx_word' id='word_1_91' title='bbox 949 1251 980 1285; x_wconf 82' lang='grc' dir='ltr'>ῖα</span> 
     </span>
     <span class='ocr_line' id='line_1_24' title="bbox 239 1304 981 1347; baseline 0 -9"><span class='ocrx_word' id='word_1_92' title='bbox 239 1304 371 1346; x_wconf 52' lang='lat' dir='ltr'>Flemina,</span> <span class='ocrx_word' id='word_1_93' title='bbox 392 1305 520 1339; x_wconf 80' lang='lat' dir='ltr'>Ordinis</span> <span class='ocrx_word' id='word_1_94' title='bbox 540 1305 639 1339; x_wconf 86' lang='lat' dir='ltr'>sancti</span> <span class='ocrx_word' id='word_1_95' title='bbox 660 1304 828 1347; x_wconf 72' lang='lat' dir='ltr'>Augustini</span> <span class='ocrx_word' id='word_1_96' title='bbox 850 1305 981 1338; x_wconf 90' lang='lat' dir='ltr'>canoni-</span> 
     </span>
     <span class='ocr_line' id='line_1_25' title="bbox 239 1359 980 1402; baseline 0.003 -11"><span class='ocrx_word' id='word_1_97' title='bbox 239 1368 352 1392; x_wconf 89' lang='lat' dir='ltr'>corum</span> <span class='ocrx_word' id='word_1_98' title='bbox 370 1359 580 1401; x_wconf 81' lang='lat' dir='ltr'>regularium,</span> <span class='ocrx_word' id='word_1_99' title='bbox 598 1359 834 1402; x_wconf 78' lang='lat' dir='ltr'>Andegavensis</span> <span class='ocrx_word' id='word_1_100' title='bbox 855 1360 980 1393; x_wconf 87' lang='lat' dir='ltr'>dioece-</span> 
     </span>
     <span class='ocr_line' id='line_1_26' title="bbox 238 1412 980 1456; baseline 0.003 -11"><span class='ocrx_word' id='word_1_101' title='bbox 238 1412 292 1454; x_wconf 86' lang='lat' dir='ltr'>sis,</span> <span class='ocrx_word' id='word_1_102' title='bbox 308 1423 366 1456; x_wconf 92' lang='lat' dir='ltr'>per</span> <span class='ocrx_word' id='word_1_103' title='bbox 383 1413 517 1446; x_wconf 89' lang='lat' dir='ltr'>liberam</span> <span class='ocrx_word' id='word_1_104' title='bbox 537 1413 784 1455; x_wconf 75' lang='lat' dir='ltr'>resignationem</span> <span class='ocrx_word' id='word_1_105' title='bbox 801 1414 908 1447; x_wconf 71' lang='lat' dir='ltr'>dilecti</span> <span class='ocrx_word' id='word_1_106' title='bbox 923 1414 980 1447; x_wconf 84' lang='lat' dir='ltr'>filii</span> 
     </span>
     <span class='ocr_line' id='line_1_27' title="bbox 238 1466 981 1513; baseline 0.004 -14"><span class='ocrx_word' id='word_1_107' title='bbox 238 1466 323 1499; x_wconf 87' lang='lat' dir='ltr'>Petri</span> <span class='ocrx_word' id='word_1_108' title='bbox 358 1466 511 1501; x_wconf 84' lang='lat' dir='ltr'>Pillochet</span> <span class='ocrx_word' id='word_1_109' title='bbox 526 1494 533 1508; x_wconf 91' lang='lat'>‚</span> <span class='ocrx_word' id='word_1_110' title='bbox 561 1477 665 1512; x_wconf 83' lang='lat' dir='ltr'>nuper</span> <span class='ocrx_word' id='word_1_111' title='bbox 689 1467 788 1511; x_wconf 89' lang='lat' dir='ltr'>ipsius</span> <span class='ocrx_word' id='word_1_112' title='bbox 820 1469 981 1513; x_wconf 81' lang='lat' dir='ltr'>prioratus</span> 
     </span>
     <span class='ocr_line' id='line_1_28' title="bbox 238 1520 981 1565; baseline 0.004 -12"><span class='ocrx_word' id='word_1_113' title='bbox 238 1520 368 1564; x_wconf 87' lang='lat' dir='ltr'>prioris,</span> <span class='ocrx_word' id='word_1_114' title='bbox 393 1520 431 1553; x_wconf 92' lang='lat' dir='ltr'>de</span> <span class='ocrx_word' id='word_1_115' title='bbox 451 1521 515 1563; x_wconf 86' lang='lat' dir='ltr'>illo7</span> <span class='ocrx_word' id='word_1_116' title='bbox 530 1531 626 1565; x_wconf 89' lang='lat' dir='ltr'>quem</span> <span class='ocrx_word' id='word_1_117' title='bbox 649 1527 724 1554; x_wconf 88' lang='lat' dir='ltr'>tunc</span> <span class='ocrx_word' id='word_1_118' title='bbox 745 1522 929 1565; x_wconf 77' lang='lat' dir='ltr'>obtinebat,</span> <span class='ocrx_word' id='word_1_119' title='bbox 951 1523 981 1555; x_wconf 90' lang='lat' dir='ltr'>in</span> 
     </span>
     <span class='ocr_line' id='line_1_29' title="bbox 240 1574 983 1620; baseline 0.005 -14"><span class='ocrx_word' id='word_1_120' title='bbox 240 1574 391 1607; x_wconf 79' lang='lat' dir='ltr'>manibus</span> <span class='ocrx_word' id='word_1_121' title='bbox 405 1575 522 1608; x_wconf 86' lang='lat' dir='ltr'>nostris</span> <span class='ocrx_word' id='word_1_122' title='bbox 536 1580 649 1618; x_wconf 85' lang='lat' dir='ltr'>sponte</span> <span class='ocrx_word' id='word_1_123' title='bbox 665 1575 792 1617; x_wconf 85' lang='lat' dir='ltr'>factam,</span> <span class='ocrx_word' id='word_1_124' title='bbox 808 1581 835 1608; x_wconf 92' lang='lat' dir='ltr'>et</span> <span class='ocrx_word' id='word_1_125' title='bbox 848 1587 906 1620; x_wconf 90' lang='lat' dir='ltr'>per</span> <span class='ocrx_word' id='word_1_126' title='bbox 923 1587 983 1610; x_wconf 88' lang='lat' dir='ltr'>nos</span> 
     </span>
     <span class='ocr_line' id='line_1_30' title="bbox 240 1628 984 1674; baseline 0.005 -13"><span class='ocrx_word' id='word_1_127' title='bbox 240 1628 424 1670; x_wconf 80' lang='lat' dir='ltr'>admissam,</span> <span class='ocrx_word' id='word_1_128' title='bbox 441 1629 526 1673; x_wconf 84' lang='lat' dir='ltr'>apud</span> <span class='ocrx_word' id='word_1_129' title='bbox 544 1629 670 1671; x_wconf 70' lang='lat' dir='ltr'>Sedent,</span> <span class='ocrx_word' id='word_1_130' title='bbox 685 1633 755 1671; x_wconf 77' lang='lat' dir='ltr'>etc„</span> <span class='ocrx_word' id='word_1_131' title='bbox 772 1631 811 1664; x_wconf 85' lang='lat' dir='ltr'>ad</span> <span class='ocrx_word' id='word_1_132' title='bbox 832 1641 984 1674; x_wconf 83' lang='lat' dir='ltr'>praesens</span> 
     </span>
     <span class='ocr_line' id='line_1_31' title="bbox 240 1683 984 1730; baseline 0.004 -15"><span class='ocrx_word' id='word_1_133' title='bbox 240 1683 411 1727; x_wconf 88' lang='lat' dir='ltr'>nullusque</span> <span class='ocrx_word' id='word_1_134' title='bbox 429 1684 468 1716; x_wconf 88' lang='lat' dir='ltr'>de</span> <span class='ocrx_word' id='word_1_135' title='bbox 486 1683 540 1716; x_wconf 88' lang='lat' dir='ltr'>itto</span> <span class='ocrx_word' id='word_1_136' title='bbox 559 1689 687 1727; x_wconf 88' lang='lat' dir='ltr'>praeter</span> <span class='ocrx_word' id='word_1_137' title='bbox 703 1694 772 1723; x_wconf 86' lang='lat' dir='ltr'>nos,</span> <span class='ocrx_word' id='word_1_138' title='bbox 793 1689 859 1723; x_wconf 61' lang='lat' dir='ltr'>ete„</span> <span class='ocrx_word' id='word_1_139' title='bbox 873 1696 984 1730; x_wconf 88' lang='lat' dir='ltr'>supra-</span> 
     </span>
     <span class='ocr_line' id='line_1_32' title="bbox 240 1736 986 1778; baseline 0.001 -9"><span class='ocrx_word' id='word_1_140' title='bbox 240 1736 348 1778; x_wconf 85' lang='lat' dir='ltr'>dictis;</span> <span class='ocrx_word' id='word_1_141' title='bbox 369 1737 428 1774; x_wconf 74' lang='lat' dir='ltr'>et²,</span> <span class='ocrx_word' id='word_1_142' title='bbox 441 1737 523 1770; x_wconf 86' lang='lat' dir='ltr'>sicut</span> <span class='ocrx_word' id='word_1_143' title='bbox 544 1737 750 1771; x_wconf 79' lang='lat' dir='ltr'>charissimus</span> <span class='ocrx_word' id='word_1_144' title='bbox 764 1738 793 1770; x_wconf 92' lang='lat' dir='ltr'>in</span> <span class='ocrx_word' id='word_1_145' title='bbox 808 1738 934 1772; x_wconf 83' lang='lat' dir='ltr'>Christo</span> <span class='ocrx_word' id='word_1_146' title='bbox 952 1739 986 1771; x_wconf 83' lang='lat' dir='ltr'>fi-</span> 
     </span>
     <span class='ocr_line' id='line_1_33' title="bbox 241 1789 983 1825; baseline 0.004 -3"><span class='ocrx_word' id='word_1_147' title='bbox 241 1789 302 1823; x_wconf 86' lang='lat' dir='ltr'>lius</span> <span class='ocrx_word' id='word_1_148' title='bbox 322 1796 430 1824; x_wconf 85' lang='lat' dir='ltr'>noster</span> <span class='ocrx_word' id='word_1_149' title='bbox 443 1791 601 1824; x_wconf 83' lang='lat' dir='ltr'>Ilcnricus</span> <span class='ocrx_word' id='word_1_150' title='bbox 618 1791 817 1825; x_wconf 80' lang='lat' dir='ltr'>Francorum</span> <span class='ocrx_word' id='word_1_151' title='bbox 834 1802 886 1825; x_wconf 78' lang='lat' dir='ltr'>rex</span> <span class='ocrx_word' id='word_1_152' title='bbox 901 1792 983 1825; x_wconf 81' lang='lat' dir='ltr'>cliri-</span> 
     </span>
     <span class='ocr_line' id='line_1_34' title="bbox 241 1843 984 1889; baseline 0.003 -13"><span class='ocrx_word' id='word_1_153' title='bbox 241 1843 456 1877; x_wconf 86' lang='lat' dir='ltr'>stianissimus</span> <span class='ocrx_word' id='word_1_154' title='bbox 487 1844 581 1878; x_wconf 87' lang='lat' dir='ltr'>nobis</span> <span class='ocrx_word' id='word_1_155' title='bbox 601 1854 705 1889; x_wconf 82' lang='lat' dir='ltr'>nuper</span> <span class='ocrx_word' id='word_1_156' title='bbox 733 1845 848 1889; x_wconf 87' lang='lat' dir='ltr'>exponi</span> <span class='ocrx_word' id='word_1_157' title='bbox 872 1845 984 1879; x_wconf 88' lang='lat' dir='ltr'>feciti-</span> 
     </span>
     <span class='ocr_line' id='line_1_35' title="bbox 241 1897 985 1943; baseline 0.004 -13"><span class='ocrx_word' id='word_1_158' title='bbox 241 1897 329 1942; x_wconf 89' lang='lat' dir='ltr'>psius</span> <span class='ocrx_word' id='word_1_159' title='bbox 348 1898 509 1943; x_wconf 83' lang='lat' dir='ltr'>prioratus</span> <span class='ocrx_word' id='word_1_160' title='bbox 534 1898 603 1942; x_wconf 88' lang='lat' dir='ltr'>(qui</span> <span class='ocrx_word' id='word_1_161' title='bbox 631 1899 851 1933; x_wconf 81' lang='lat' dir='ltr'>conventualis</span> <span class='ocrx_word' id='word_1_162' title='bbox 872 1905 902 1933; x_wconf 88' lang='lat' dir='ltr'>et</span> <span class='ocrx_word' id='word_1_163' title='bbox 922 1900 985 1933; x_wconf 87' lang='lat' dir='ltr'>ele-</span> 
     </span>
     <span class='ocr_line' id='line_1_36' title="bbox 242 1951 986 1996; baseline 0.004 -12"><span class='ocrx_word' id='word_1_164' title='bbox 242 1951 342 1985; x_wconf 84' lang='lat' dir='ltr'>ctivus</span> <span class='ocrx_word' id='word_1_165' title='bbox 359 1952 472 1993; x_wconf 83' lang='lat' dir='ltr'>existit,</span> <span class='ocrx_word' id='word_1_166' title='bbox 493 1952 574 1986; x_wconf 79' lang='lat' dir='ltr'>acin</span> <span class='ocrx_word' id='word_1_167' title='bbox 593 1963 658 1996; x_wconf 89' lang='lat' dir='ltr'>quo</span> <span class='ocrx_word' id='word_1_168' title='bbox 677 1958 738 1986; x_wconf 88' lang='lat' dir='ltr'>tres</span> <span class='ocrx_word' id='word_1_169' title='bbox 760 1953 925 1986; x_wconf 82' lang='lat' dir='ltr'>dumtaxat</span> <span class='ocrx_word' id='word_1_170' title='bbox 938 1963 986 1987; x_wconf 83' lang='lat' dir='ltr'>ca-</span> 
     </span>
     <span class='ocr_line' id='line_1_37' title="bbox 242 2005 983 2049; baseline 0.001 -11"><span class='ocrx_word' id='word_1_171' title='bbox 242 2005 350 2038; x_wconf 84' lang='lat' dir='ltr'>nonici</span> <span class='ocrx_word' id='word_1_172' title='bbox 364 2006 528 2049; x_wconf 85' lang='lat' dir='ltr'>regulares</span> <span class='ocrx_word' id='word_1_173' title='bbox 537 2005 690 2040; x_wconf 85' lang='lat' dir='ltr'>Ordinem</span> <span class='ocrx_word' id='word_1_174' title='bbox 706 2006 892 2040; x_wconf 87' lang='lat' dir='ltr'>huiusmodi</span> <span class='ocrx_word' id='word_1_175' title='bbox 906 2007 983 2040; x_wconf 91' lang='lat' dir='ltr'>inibi</span> 
     </span>
     <span class='ocr_line' id='line_1_38' title="bbox 242 2059 986 2102; baseline 0.003 -10"><span class='ocrx_word' id='word_1_176' title='bbox 242 2059 377 2102; x_wconf 82' lang='lat' dir='ltr'>professi</span> <span class='ocrx_word' id='word_1_177' title='bbox 390 2060 628 2102; x_wconf 89' lang='lat' dir='ltr'>remanserunt)</span> <span class='ocrx_word' id='word_1_178' title='bbox 641 2060 731 2101; x_wconf 88' lang='lat' dir='ltr'>situs,</span> <span class='ocrx_word' id='word_1_179' title='bbox 748 2061 843 2094; x_wconf 86' lang='lat' dir='ltr'>aedes</span> <span class='ocrx_word' id='word_1_180' title='bbox 857 2066 887 2094; x_wconf 87' lang='lat' dir='ltr'>et</span> <span class='ocrx_word' id='word_1_181' title='bbox 899 2061 986 2094; x_wconf 84' lang='lat' dir='ltr'>aedi-</span> 
     </span>
     <span class='ocr_line' id='line_1_39' title="bbox 243 2112 982 2156; baseline 0.005 -12"><span class='ocrx_word' id='word_1_182' title='bbox 243 2112 313 2145; x_wconf 82' lang='lat' dir='ltr'>ficia</span> <span class='ocrx_word' id='word_1_183' title='bbox 328 2122 387 2156; x_wconf 89' lang='lat' dir='ltr'>pro</span> <span class='ocrx_word' id='word_1_184' title='bbox 402 2112 600 2146; x_wconf 87' lang='lat' dir='ltr'>instituendo</span> <span class='ocrx_word' id='word_1_185' title='bbox 622 2112 741 2146; x_wconf 85' lang='lat' dir='ltr'>ibidem</span> <span class='ocrx_word' id='word_1_186' title='bbox 764 2113 901 2156; x_wconf 81' lang='lat' dir='ltr'>collegio</span> <span class='ocrx_word' id='word_1_187' title='bbox 922 2114 982 2149; x_wconf 90' lang='lat' dir='ltr'>So-</span> 
     </span>
     <span class='ocr_line' id='line_1_40' title="bbox 244 2164 984 2210; baseline 0.004 -13"><span class='ocrx_word' id='word_1_188' title='bbox 244 2164 366 2198; x_wconf 88' lang='lat' dir='ltr'>cietatis</span> <span class='ocrx_word' id='word_1_189' title='bbox 387 2166 456 2199; x_wconf 87' lang='lat' dir='ltr'>Iesu</span> <span class='ocrx_word' id='word_1_190' title='bbox 477 2166 568 2199; x_wconf 90' lang='lat' dir='ltr'>valde</span> <span class='ocrx_word' id='word_1_191' title='bbox 582 2173 656 2210; x_wconf 87' lang='lat' dir='ltr'>apta</span> <span class='ocrx_word' id='word_1_192' title='bbox 676 2172 707 2199; x_wconf 92' lang='lat' dir='ltr'>et</span> <span class='ocrx_word' id='word_1_193' title='bbox 728 2168 899 2201; x_wconf 86' lang='lat' dir='ltr'>commoda</span> <span class='ocrx_word' id='word_1_194' title='bbox 921 2167 984 2200; x_wconf 90' lang='lat' dir='ltr'>exi-</span> 
     </span>
     <span class='ocr_line' id='line_1_41' title="bbox 243 2219 985 2264; baseline 0.004 -13"><span class='ocrx_word' id='word_1_195' title='bbox 243 2223 338 2252; x_wconf 88' lang='lat' dir='ltr'>stant:</span> <span class='ocrx_word' id='word_1_196' title='bbox 354 2219 379 2252; x_wconf 88' lang='lat' dir='ltr'>si</span> <span class='ocrx_word' id='word_1_197' title='bbox 395 2219 510 2262; x_wconf 88' lang='lat' dir='ltr'>(tribus</span> <span class='ocrx_word' id='word_1_198' title='bbox 521 2219 683 2253; x_wconf 84' lang='lat' dir='ltr'>canonicis</span> <span class='ocrx_word' id='word_1_199' title='bbox 697 2221 846 2264; x_wconf 84' lang='lat' dir='ltr'>praefatis</span> <span class='ocrx_word' id='word_1_200' title='bbox 861 2221 935 2254; x_wconf 88' lang='lat' dir='ltr'>inde</span> <span class='ocrx_word' id='word_1_201' title='bbox 946 2222 985 2254; x_wconf 90' lang='lat' dir='ltr'>ad</span> 
     </span>
     <span class='ocr_line' id='line_1_42' title="bbox 245 2272 987 2307; baseline 0.004 -3"><span class='ocrx_word' id='word_1_202' title='bbox 245 2272 477 2305; x_wconf 84' lang='lat' dir='ltr'>monasterium</span> <span class='ocrx_word' id='word_1_203' title='bbox 512 2272 689 2306; x_wconf 86' lang='lat' dir='ltr'>translatiss</span> <span class='ocrx_word' id='word_1_204' title='bbox 724 2273 824 2306; x_wconf 91' lang='lat' dir='ltr'>sancti</span> <span class='ocrx_word' id='word_1_205' title='bbox 859 2274 987 2307; x_wconf 87' lang='lat' dir='ltr'>Ioannis</span> 
     </span>
     <span class='ocr_line' id='line_1_43' title="bbox 244 2325 987 2371; baseline 0.004 -13"><span class='ocrx_word' id='word_1_206' title='bbox 244 2325 450 2367; x_wconf 88' lang='lat' dir='ltr'>Mollinensis,</span> <span class='ocrx_word' id='word_1_207' title='bbox 467 2326 596 2359; x_wconf 85' lang='lat' dir='ltr'>Ordinis</span> <span class='ocrx_word' id='word_1_208' title='bbox 610 2332 642 2359; x_wconf 91' lang='lat' dir='ltr'>et</span> <span class='ocrx_word' id='word_1_209' title='bbox 655 2326 811 2360; x_wconf 77' lang='lat' dir='ltr'>dioecesis</span> <span class='ocrx_word' id='word_1_210' title='bbox 829 2329 987 2371; x_wconf 86' lang='lat' dir='ltr'>praefato-</span> 
     </span>
     <span class='ocr_line' id='line_1_44' title="bbox 245 2379 986 2425; baseline 0.004 -14"><span class='ocrx_word' id='word_1_211' title='bbox 245 2388 316 2412; x_wconf 88' lang='lat' dir='ltr'>rum</span> <span class='ocrx_word' id='word_1_212' title='bbox 330 2406 338 2421; x_wconf 87' lang='lat'>,</span> <span class='ocrx_word' id='word_1_213' title='bbox 361 2379 448 2423; x_wconf 86' lang='lat' dir='ltr'>quod</span> <span class='ocrx_word' id='word_1_214' title='bbox 463 2379 661 2423; x_wconf 80' lang='lat' dir='ltr'>competenti</span> <span class='ocrx_word' id='word_1_215' title='bbox 676 2380 907 2414; x_wconf 84' lang='lat' dir='ltr'>canonicorum</span> <span class='ocrx_word' id='word_1_216' title='bbox 927 2392 986 2425; x_wconf 89' lang='lat' dir='ltr'>pro</span> 
     </span>
    </p>
   </div>
   <div class='ocr_carea' id='block_1_9' title="bbox 247 2477 987 2693">
    <p class='ocr_par' dir='ltr' id='par_1_11' title="bbox 283 2477 734 2512">
     <span class='ocr_line' id='line_1_45' title="bbox 283 2477 734 2512; baseline 0.004 -8"><span class='ocrx_word' id='word_1_217' title='bbox 283 2479 292 2504; x_wconf 86' lang='lat'>1</span> <span class='ocrx_word' id='word_1_218' title='bbox 316 2477 353 2504; x_wconf 84' lang='lat' dir='ltr'>Ex</span> <span class='ocrx_word' id='word_1_219' title='bbox 369 2478 477 2512; x_wconf 80' lang='lat' dir='ltr'>Regest.</span> <span class='ocrx_word' id='word_1_220' title='bbox 494 2478 520 2505; x_wconf 91' lang='lat' dir='ltr'>in</span> <span class='ocrx_word' id='word_1_221' title='bbox 536 2478 638 2505; x_wconf 84' lang='lat' dir='ltr'>Secret.</span> <span class='ocrx_word' id='word_1_222' title='bbox 656 2478 734 2506; x_wconf 77' lang='lat' dir='ltr'>BreV.</span> 
     </span>
    </p>

    <p class='ocr_par' dir='ltr' id='par_1_12' title="bbox 247 2522 987 2603">
     <span class='ocr_line' id='line_1_46' title="bbox 281 2522 987 2559; baseline 0.003 -10"><span class='ocrx_word' id='word_1_223' title='bbox 281 2522 298 2549; x_wconf 79' lang='lat'><strong>2</strong></span> <span class='ocrx_word' id='word_1_224' title='bbox 317 2522 423 2549; x_wconf 82' lang='lat' dir='ltr'>Scilicet</span> <span class='ocrx_word' id='word_1_225' title='bbox 445 2530 579 2558; x_wconf 76' lang='lat' dir='ltr'>cumque,</span> <span class='ocrx_word' id='word_1_226' title='bbox 599 2531 661 2551; x_wconf 82' lang='lat' dir='ltr'>nam</span> <span class='ocrx_word' id='word_1_227' title='bbox 681 2523 768 2559; x_wconf 86' lang='lat' dir='ltr'>prima</span> <span class='ocrx_word' id='word_1_228' title='bbox 790 2523 919 2559; x_wconf 83' lang='lat' dir='ltr'>periodus</span> <span class='ocrx_word' id='word_1_229' title='bbox 939 2525 951 2559; x_wconf 65' lang='grc' dir='ltr'><strong>ἓ</strong></span> <span class='ocrx_word' id='word_1_230' title='bbox 971 2524 987 2551; x_wconf 77' lang='lat'><strong>2</strong></span> 
     </span>
     <span class='ocr_line' id='line_1_47' title="bbox 247 2566 534 2603; baseline 0 -10"><span class='ocrx_word' id='word_1_231' title='bbox 247 2566 419 2603; x_wconf 85' lang='lat' dir='ltr'>prosequitur</span> <span class='ocrx_word' id='word_1_232' title='bbox 434 2568 474 2602; x_wconf 74' lang='lat' dir='ltr'>(a.</span> <span class='ocrx_word' id='word_1_233' title='bbox 486 2569 534 2601; x_wconf 56' lang='lat'>⁵12).</span> 
     </span>
    </p>

    <p class='ocr_par' dir='ltr' id='par_1_13' title="bbox 250 2611 985 2693">
     <span class='ocr_line' id='line_1_48' title="bbox 283 2611 985 2647; baseline 0.003 -9"><span class='ocrx_word' id='word_1_234' title='bbox 283 2611 299 2639; x_wconf 89' lang='grc'>3</span> <span class='ocrx_word' id='word_1_235' title='bbox 319 2611 499 2643; x_wconf 74' lang='lat' dir='ltr'>Hancyocem</span> <span class='ocrx_word' id='word_1_236' title='bbox 520 2612 683 2646; x_wconf 66' lang='lat' dir='ltr'>translatis,</span> <span class='ocrx_word' id='word_1_237' title='bbox 704 2616 778 2640; x_wconf 88' lang='lat' dir='ltr'>certo</span> <span class='ocrx_word' id='word_1_238' title='bbox 795 2613 985 2647; x_wconf 82' lang='lat' dir='ltr'>necessariam,</span> 
     </span>
     <span class='ocr_line' id='line_1_49' title="bbox 250 2657 985 2693; baseline 0.004 -11"><span class='ocrx_word' id='word_1_239' title='bbox 250 2665 298 2683; x_wconf 85' lang='lat' dir='ltr'>nos</span> <span class='ocrx_word' id='word_1_240' title='bbox 308 2657 457 2685; x_wconf 79' lang='lat' dir='ltr'>addendam</span> <span class='ocrx_word' id='word_1_241' title='bbox 471 2665 529 2685; x_wconf 80' lang='lat' dir='ltr'>esse</span> <span class='ocrx_word' id='word_1_242' title='bbox 542 2657 675 2686; x_wconf 62' lang='lat' dir='ltr'>‹tuum-10:</span> <span class='ocrx_word' id='word_1_243' title='bbox 687 2657 746 2684; x_wconf 75' lang='lat' dir='ltr'>vide</span> <span class='ocrx_word' id='word_1_244' title='bbox 762 2658 853 2691; x_wconf 73' lang='lat' dir='ltr'>infra§</span> <span class='ocrx_word' id='word_1_245' title='bbox 869 2658 985 2693; x_wconf 58' lang='lat' dir='ltr'>titur).</span> 
     </span>
    </p>
   </div>
   <div class='ocr_carea' id='block_1_10' title="bbox 998 1487 1005 2522">
    <p class='ocr_par' dir='ltr' id='par_1_14' title="bbox 998 1487 1005 2522">
     <span class='ocr_line' id='line_1_50' title="bbox 998 1487 1005 2522; baseline 0 0"><span class='ocrx_word' id='word_1_246' title='bbox 998 1487 1005 2522; x_wconf 95' lang='lat' dir='ltr'> </span> 
     </span>
    </p>
   </div>
   <div class='ocr_carea' id='block_1_11' title="bbox 1009 224 1763 2532">
    <p class='ocr_par' dir='ltr' id='par_1_15' title="bbox 1009 224 1757 1406">
     <span class='ocr_line' id='line_1_51' title="bbox 1653 224 1710 258; baseline -0.018 0"><span class='ocrx_word' id='word_1_247' title='bbox 1653 224 1710 258; x_wconf 74' lang='grc'>101</span> 
     </span>
     <span class='ocr_line' id='line_1_52' title="bbox 1009 283 1750 325; baseline 0 -9"><span class='ocrx_word' id='word_1_248' title='bbox 1009 285 1097 316; x_wconf 89' lang='lat' dir='ltr'>cultu</span> <span class='ocrx_word' id='word_1_249' title='bbox 1112 284 1220 317; x_wconf 90' lang='lat' dir='ltr'>divino</span> <span class='ocrx_word' id='word_1_250' title='bbox 1235 284 1265 317; x_wconf 91' lang='lat' dir='ltr'>in</span> <span class='ocrx_word' id='word_1_251' title='bbox 1281 284 1350 318; x_wconf 89' lang='lat' dir='ltr'>eius</span> <span class='ocrx_word' id='word_1_252' title='bbox 1361 285 1506 325; x_wconf 81' lang='lat' dir='ltr'>ecclesia,</span> <span class='ocrx_word' id='word_1_253' title='bbox 1529 284 1573 317; x_wconf 90' lang='lat' dir='ltr'>uti</span> <span class='ocrx_word' id='word_1_254' title='bbox 1588 283 1750 323; x_wconf 75' lang='lat' dir='ltr'>convenit,</span> 
     </span>
     <span class='ocr_line' id='line_1_53' title="bbox 1010 336 1752 381; baseline -0.001 -12"><span class='ocrx_word' id='word_1_255' title='bbox 1010 337 1196 380; x_wconf 83' lang='lat' dir='ltr'>peragendo</span> <span class='ocrx_word' id='word_1_256' title='bbox 1208 337 1395 371; x_wconf 86' lang='lat' dir='ltr'>destitutum</span> <span class='ocrx_word' id='word_1_257' title='bbox 1410 337 1581 381; x_wconf 86' lang='lat' dir='ltr'>reperitur,</span> <span class='ocrx_word' id='word_1_258' title='bbox 1596 336 1752 380; x_wconf 85' lang='lat' dir='ltr'>cuiusque</span> 
     </span>
     <span class='ocr_line' id='line_1_54' title="bbox 1010 390 1754 431; baseline 0 -9"><span class='ocrx_word' id='word_1_259' title='bbox 1010 390 1108 423; x_wconf 84' lang='lat' dir='ltr'>abbas</span> <span class='ocrx_word' id='word_1_260' title='bbox 1127 397 1154 424; x_wconf 87' lang='lat' dir='ltr'>et</span> <span class='ocrx_word' id='word_1_261' title='bbox 1170 397 1356 431; x_wconf 79' lang='lat' dir='ltr'>conventus,</span> <span class='ocrx_word' id='word_1_262' title='bbox 1374 391 1481 424; x_wconf 86' lang='lat' dir='ltr'>dilecti</span> <span class='ocrx_word' id='word_1_263' title='bbox 1497 391 1567 431; x_wconf 82' lang='lat' dir='ltr'>tilii,</span> <span class='ocrx_word' id='word_1_264' title='bbox 1589 390 1660 423; x_wconf 90' lang='lat' dir='ltr'>illos</span> <span class='ocrx_word' id='word_1_265' title='bbox 1674 390 1754 422; x_wconf 88' lang='lat' dir='ltr'>reci-</span> 
     </span>
     <span class='ocr_line' id='line_1_55' title="bbox 1010 444 1754 489; baseline -0.001 -12"><span class='ocrx_word' id='word_1_266' title='bbox 1010 454 1086 488; x_wconf 89' lang='lat' dir='ltr'>pere</span> <span class='ocrx_word' id='word_1_267' title='bbox 1103 445 1204 488; x_wconf 88' lang='lat' dir='ltr'>parati</span> <span class='ocrx_word' id='word_1_268' title='bbox 1227 445 1380 489; x_wconf 76' lang='lat' dir='ltr'>existunt)</span> <span class='ocrx_word' id='word_1_269' title='bbox 1396 445 1568 478; x_wconf 87' lang='lat' dir='ltr'>translatus</span> <span class='ocrx_word' id='word_1_270' title='bbox 1590 444 1701 477; x_wconf 87' lang='lat' dir='ltr'>titulus</span> <span class='ocrx_word' id='word_1_271' title='bbox 1723 449 1754 476; x_wconf 87' lang='lat' dir='ltr'>et</span> 
     </span>
     <span class='ocr_line' id='line_1_56' title="bbox 1011 497 1753 542; baseline -0.001 -12"><span class='ocrx_word' id='word_1_272' title='bbox 1011 497 1231 531; x_wconf 82' lang='lat' dir='ltr'>denominatio</span> <span class='ocrx_word' id='word_1_273' title='bbox 1242 499 1403 542; x_wconf 86' lang='lat' dir='ltr'>prioratus</span> <span class='ocrx_word' id='word_1_274' title='bbox 1416 498 1614 537; x_wconf 82' lang='lat' dir='ltr'>huiusmodi,</span> <span class='ocrx_word' id='word_1_275' title='bbox 1625 509 1661 531; x_wconf 89' lang='lat' dir='ltr'>ac</span> <span class='ocrx_word' id='word_1_276' title='bbox 1673 498 1704 530; x_wconf 93' lang='lat' dir='ltr'>in</span> <span class='ocrx_word' id='word_1_277' title='bbox 1716 508 1753 530; x_wconf 88' lang='lat' dir='ltr'>eo</span> 
     </span>
     <span class='ocr_line' id='line_1_57' title="bbox 1011 550 1753 596; baseline 0 -12"><span class='ocrx_word' id='word_1_278' title='bbox 1011 550 1115 585; x_wconf 89' lang='lat' dir='ltr'>dictus</span> <span class='ocrx_word' id='word_1_279' title='bbox 1133 551 1230 593; x_wconf 88' lang='lat' dir='ltr'>Ordo,</span> <span class='ocrx_word' id='word_1_280' title='bbox 1255 552 1405 596; x_wconf 86' lang='lat' dir='ltr'>illiusque</span> <span class='ocrx_word' id='word_1_281' title='bbox 1424 558 1542 592; x_wconf 84' lang='lat' dir='ltr'>status,</span> <span class='ocrx_word' id='word_1_282' title='bbox 1566 551 1703 585; x_wconf 79' lang='lat' dir='ltr'>essentia</span> <span class='ocrx_word' id='word_1_283' title='bbox 1724 557 1753 584; x_wconf 88' lang='lat' dir='ltr'>et</span> 
     </span>
     <span class='ocr_line' id='line_1_58' title="bbox 1012 605 1754 650; baseline 0 -12"><span class='ocrx_word' id='word_1_284' title='bbox 1012 605 1228 649; x_wconf 85' lang='lat' dir='ltr'>dependentia</span> <span class='ocrx_word' id='word_1_285' title='bbox 1254 606 1418 648; x_wconf 74' lang='lat' dir='ltr'>regulares</span> <span class='ocrx_word' id='word_1_286' title='bbox 1443 612 1601 650; x_wconf 88' lang='lat' dir='ltr'>perpetuo</span> <span class='ocrx_word' id='word_1_287' title='bbox 1627 605 1754 650; x_wconf 88' lang='lat' dir='ltr'>suppri-</span> 
     </span>
     <span class='ocr_line' id='line_1_59' title="bbox 1012 660 1756 702; baseline 0 -10"><span class='ocrx_word' id='word_1_288' title='bbox 1012 665 1178 693; x_wconf 87' lang='lat' dir='ltr'>merentur</span> <span class='ocrx_word' id='word_1_289' title='bbox 1192 665 1218 692; x_wconf 86' lang='lat' dir='ltr'>et</span> <span class='ocrx_word' id='word_1_290' title='bbox 1236 660 1511 702; x_wconf 72' lang='lat' dir='ltr'>extinguerentur,</span> <span class='ocrx_word' id='word_1_291' title='bbox 1528 671 1562 693; x_wconf 85' lang='lat' dir='ltr'>ac</span> <span class='ocrx_word' id='word_1_292' title='bbox 1578 660 1609 692; x_wconf 91' lang='lat' dir='ltr'>in</span> <span class='ocrx_word' id='word_1_293' title='bbox 1621 660 1694 701; x_wconf 89' lang='lat' dir='ltr'>situ,</span> <span class='ocrx_word' id='word_1_294' title='bbox 1707 670 1756 693; x_wconf 87' lang='lat' dir='ltr'>ae-</span> 
     </span>
     <span class='ocr_line' id='line_1_60' title="bbox 1012 713 1755 757; baseline -0.001 -11"><span class='ocrx_word' id='word_1_295' title='bbox 1012 713 1106 746; x_wconf 90' lang='lat' dir='ltr'>dibus</span> <span class='ocrx_word' id='word_1_296' title='bbox 1128 718 1158 746; x_wconf 86' lang='lat' dir='ltr'>et</span> <span class='ocrx_word' id='word_1_297' title='bbox 1182 713 1338 746; x_wconf 84' lang='lat' dir='ltr'>aedificiis</span> <span class='ocrx_word' id='word_1_298' title='bbox 1361 714 1510 757; x_wconf 87' lang='lat' dir='ltr'>praefatis</span> <span class='ocrx_word' id='word_1_299' title='bbox 1537 724 1638 747; x_wconf 91' lang='lat' dir='ltr'>unum</span> <span class='ocrx_word' id='word_1_300' title='bbox 1660 714 1755 747; x_wconf 91' lang='lat' dir='ltr'>colle—</span> 
     </span>
     <span class='ocr_line' id='line_1_61' title="bbox 1012 766 1754 811; baseline 0.001 -12"><span class='ocrx_word' id='word_1_301' title='bbox 1012 766 1099 809; x_wconf 83' lang='lat' dir='ltr'>gium</span> <span class='ocrx_word' id='word_1_302' title='bbox 1115 766 1259 800; x_wconf 89' lang='lat' dir='ltr'>eiusdem</span> <span class='ocrx_word' id='word_1_303' title='bbox 1275 766 1444 800; x_wconf 82' lang='lat' dir='ltr'>Societatis</span> <span class='ocrx_word' id='word_1_304' title='bbox 1473 767 1568 800; x_wconf 87' lang='lat' dir='ltr'>etiam</span> <span class='ocrx_word' id='word_1_305' title='bbox 1595 773 1754 811; x_wconf 86' lang='lat' dir='ltr'>perpetuo</span> 
     </span>
     <span class='ocr_line' id='line_1_62' title="bbox 1013 820 1755 865; baseline 0 -12"><span class='ocrx_word' id='word_1_306' title='bbox 1013 820 1194 863; x_wconf 74' lang='lat' dir='ltr'>erigeretur</span> <span class='ocrx_word' id='word_1_307' title='bbox 1216 826 1246 854; x_wconf 86' lang='lat' dir='ltr'>et</span> <span class='ocrx_word' id='word_1_308' title='bbox 1260 820 1494 859; x_wconf 84' lang='lat' dir='ltr'>institueretur,</span> <span class='ocrx_word' id='word_1_309' title='bbox 1517 821 1645 865; x_wconf 86' lang='lat' dir='ltr'>aliaque</span> <span class='ocrx_word' id='word_1_310' title='bbox 1659 821 1755 854; x_wconf 87' lang='lat' dir='ltr'>infra-</span> 
     </span>
     <span class='ocr_line' id='line_1_63' title="bbox 1012 874 1756 918; baseline 0.001 -11"><span class='ocrx_word' id='word_1_311' title='bbox 1012 874 1132 918; x_wconf 87' lang='lat' dir='ltr'>scripta</span> <span class='ocrx_word' id='word_1_312' title='bbox 1146 874 1272 915; x_wconf 83' lang='lat' dir='ltr'>fierent,</span> <span class='ocrx_word' id='word_1_313' title='bbox 1291 885 1325 908; x_wconf 87' lang='lat' dir='ltr'>ex</span> <span class='ocrx_word' id='word_1_314' title='bbox 1346 874 1407 908; x_wconf 89' lang='lat' dir='ltr'>hoc</span> <span class='ocrx_word' id='word_1_315' title='bbox 1427 876 1570 918; x_wconf 78' lang='lat' dir='ltr'>profecto</span> <span class='ocrx_word' id='word_1_316' title='bbox 1589 875 1756 917; x_wconf 78' lang='lat' dir='ltr'>religioso-</span> 
     </span>
     <span class='ocr_line' id='line_1_64' title="bbox 1013 928 1755 973; baseline 0 -12"><span class='ocrx_word' id='word_1_317' title='bbox 1013 939 1083 962; x_wconf 89' lang='lat' dir='ltr'>rum</span> <span class='ocrx_word' id='word_1_318' title='bbox 1100 928 1200 972; x_wconf 88' lang='lat' dir='ltr'>ipsius</span> <span class='ocrx_word' id='word_1_319' title='bbox 1223 928 1390 962; x_wconf 74' lang='lat' dir='ltr'>societatis</span> <span class='ocrx_word' id='word_1_320' title='bbox 1406 928 1436 961; x_wconf 90' lang='lat' dir='ltr'>in</span> <span class='ocrx_word' id='word_1_321' title='bbox 1451 929 1511 973; x_wconf 84' lang='lat' dir='ltr'>piis</span> <span class='ocrx_word' id='word_1_322' title='bbox 1532 935 1560 962; x_wconf 90' lang='lat' dir='ltr'>et</span> <span class='ocrx_word' id='word_1_323' title='bbox 1584 929 1755 962; x_wconf 87' lang='lat' dir='ltr'>laudabili-</span> 
     </span>
     <span class='ocr_line' id='line_1_65' title="bbox 1014 981 1756 1024; baseline 0 -9"><span class='ocrx_word' id='word_1_324' title='bbox 1014 983 1073 1016; x_wconf 86' lang='lat' dir='ltr'>bus</span> <span class='ocrx_word' id='word_1_325' title='bbox 1095 981 1222 1024; x_wconf 73' lang='lat' dir='ltr'>officiis,</span> <span class='ocrx_word' id='word_1_326' title='bbox 1247 982 1436 1015; x_wconf 84' lang='lat' dir='ltr'>ministeriis</span> <span class='ocrx_word' id='word_1_327' title='bbox 1456 988 1487 1015; x_wconf 86' lang='lat' dir='ltr'>et</span> <span class='ocrx_word' id='word_1_328' title='bbox 1508 982 1668 1015; x_wconf 82' lang='lat' dir='ltr'>exercitiis</span> <span class='ocrx_word' id='word_1_329' title='bbox 1686 993 1756 1015; x_wconf 80' lang='lat' dir='ltr'>exe-</span> 
     </span>
     <span class='ocr_line' id='line_1_66' title="bbox 1014 1035 1754 1081; baseline -0.003 -11"><span class='ocrx_word' id='word_1_330' title='bbox 1014 1037 1151 1081; x_wconf 89' lang='lat' dir='ltr'>quendis</span> <span class='ocrx_word' id='word_1_331' title='bbox 1166 1037 1400 1076; x_wconf 80' lang='lat' dir='ltr'>commoditati,</span> <span class='ocrx_word' id='word_1_332' title='bbox 1417 1047 1543 1070; x_wconf 78' lang='lat' dir='ltr'>necnon</span> <span class='ocrx_word' id='word_1_333' title='bbox 1566 1035 1754 1069; x_wconf 76' lang='lat' dir='ltr'>iuventutis-¹</span> 
     </span>
     <span class='ocr_line' id='line_1_67' title="bbox 1014 1090 1754 1135; baseline -0.003 -11"><span class='ocrx_word' id='word_1_334' title='bbox 1014 1090 1089 1124; x_wconf 89' lang='lat' dir='ltr'>dicti</span> <span class='ocrx_word' id='word_1_335' title='bbox 1116 1091 1227 1135; x_wconf 87' lang='lat' dir='ltr'>oppidi</span> <span class='ocrx_word' id='word_1_336' title='bbox 1249 1097 1280 1124; x_wconf 86' lang='lat' dir='ltr'>et</span> <span class='ocrx_word' id='word_1_337' title='bbox 1304 1090 1518 1123; x_wconf 86' lang='lat' dir='ltr'>finitimorum</span> <span class='ocrx_word' id='word_1_338' title='bbox 1551 1091 1695 1124; x_wconf 88' lang='lat' dir='ltr'>locorum</span> <span class='ocrx_word' id='word_1_339' title='bbox 1725 1090 1754 1122; x_wconf 92' lang='lat' dir='ltr'>in</span> 
     </span>
     <span class='ocr_line' id='line_1_68' title="bbox 1016 1144 1754 1188; baseline 0.001 -12"><span class='ocrx_word' id='word_1_340' title='bbox 1016 1144 1089 1185; x_wconf 84' lang='lat' dir='ltr'>tide,</span> <span class='ocrx_word' id='word_1_341' title='bbox 1110 1144 1250 1188; x_wconf 88' lang='lat' dir='ltr'>pietate,</span> <span class='ocrx_word' id='word_1_342' title='bbox 1271 1144 1365 1177; x_wconf 87' lang='lat' dir='ltr'>bonis</span> <span class='ocrx_word' id='word_1_343' title='bbox 1386 1144 1542 1185; x_wconf 78' lang='lat' dir='ltr'>moribus,</span> <span class='ocrx_word' id='word_1_344' title='bbox 1567 1144 1708 1177; x_wconf 80' lang='lat' dir='ltr'>scientiis</span> <span class='ocrx_word' id='word_1_345' title='bbox 1727 1150 1754 1177; x_wconf 89' lang='lat' dir='ltr'>et</span> 
     </span>
     <span class='ocr_line' id='line_1_69' title="bbox 1015 1197 1756 1242; baseline -0.001 -11"><span class='ocrx_word' id='word_1_346' title='bbox 1015 1198 1205 1242; x_wconf 86' lang='lat' dir='ltr'>disciplinis,</span> <span class='ocrx_word' id='word_1_347' title='bbox 1219 1198 1419 1242; x_wconf 88' lang='lat' dir='ltr'>caeterisque</span> <span class='ocrx_word' id='word_1_348' title='bbox 1433 1198 1610 1231; x_wconf 84' lang='lat' dir='ltr'>christiano</span> <span class='ocrx_word' id='word_1_349' title='bbox 1624 1197 1756 1231; x_wconf 89' lang='lat' dir='ltr'>nomine</span> 
     </span>
     <span class='ocr_line' id='line_1_70' title="bbox 1015 1251 1757 1295; baseline -0.001 -10"><span class='ocrx_word' id='word_1_350' title='bbox 1015 1252 1120 1295; x_wconf 76' lang='lat' dir='ltr'>dignis</span> <span class='ocrx_word' id='word_1_351' title='bbox 1143 1252 1316 1285; x_wconf 89' lang='lat' dir='ltr'>virtutibus</span> <span class='ocrx_word' id='word_1_352' title='bbox 1337 1252 1581 1285; x_wconf 87' lang='lat' dir='ltr'>instructioniet</span> <span class='ocrx_word' id='word_1_353' title='bbox 1605 1251 1757 1285; x_wconf 86' lang='lat' dir='ltr'>aedifica-</span> 
     </span>
     <span class='ocr_line' id='line_1_71' title="bbox 1015 1306 1756 1350; baseline -0.001 -11"><span class='ocrx_word' id='word_1_354' title='bbox 1015 1306 1105 1347; x_wconf 84' lang='lat' dir='ltr'>tioni,</span> <span class='ocrx_word' id='word_1_355' title='bbox 1131 1311 1158 1339; x_wconf 92' lang='lat' dir='ltr'>et</span> <span class='ocrx_word' id='word_1_356' title='bbox 1181 1306 1329 1350; x_wconf 87' lang='lat' dir='ltr'>publicae</span> <span class='ocrx_word' id='word_1_357' title='bbox 1354 1306 1482 1339; x_wconf 83' lang='lat' dir='ltr'>utilitati</span> <span class='ocrx_word' id='word_1_358' title='bbox 1511 1312 1539 1339; x_wconf 93' lang='lat' dir='ltr'>et</span> <span class='ocrx_word' id='word_1_359' title='bbox 1565 1306 1658 1339; x_wconf 84' lang='lat' dir='ltr'>saluti</span> <span class='ocrx_word' id='word_1_360' title='bbox 1681 1307 1756 1350; x_wconf 89' lang='lat' dir='ltr'>plu-</span> 
     </span>
     <span class='ocr_line' id='line_1_72' title="bbox 1015 1360 1591 1406; baseline 0 -13"><span class='ocrx_word' id='word_1_361' title='bbox 1015 1360 1132 1393; x_wconf 87' lang='lat' dir='ltr'>rimum</span> <span class='ocrx_word' id='word_1_362' title='bbox 1160 1360 1392 1393; x_wconf 87' lang='lat' dir='ltr'>consuleretur.</span> <span class='ocrx_word' id='word_1_363' title='bbox 1589 1404 1591 1406; x_wconf 66' lang='lat'>‚</span> 
     </span>
    </p>

    <p class='ocr_par' dir='ltr' id='par_1_16' title="bbox 1016 1414 1762 1941">
     <span class='ocr_line' id='line_1_73' title="bbox 1060 1414 1759 1458; baseline 0.001 -12"><span class='ocrx_word' id='word_1_364' title='bbox 1060 1416 1076 1456; x_wconf 63' lang='grc' dir='ltr'>ἓ</span> <span class='ocrx_word' id='word_1_365' title='bbox 1091 1414 1120 1447; x_wconf 82' lang='lat'>3.</span> <span class='ocrx_word' id='word_1_366' title='bbox 1138 1414 1244 1453; x_wconf 82' lang='lat' dir='ltr'>Quare</span> <span class='ocrx_word' id='word_1_367' title='bbox 1257 1414 1342 1447; x_wconf 88' lang='lat' dir='ltr'>idem</span> <span class='ocrx_word' id='word_1_368' title='bbox 1357 1414 1514 1447; x_wconf 73' lang='lat' dir='ltr'>Henrirus</span> <span class='ocrx_word' id='word_1_369' title='bbox 1529 1425 1582 1447; x_wconf 88' lang='lat' dir='ltr'>rex</span> <span class='ocrx_word' id='word_1_370' title='bbox 1601 1415 1759 1458; x_wconf 83' lang='lat' dir='ltr'>(asserens</span> 
     </span>
     <span class='ocr_line' id='line_1_74' title="bbox 1016 1467 1759 1512; baseline 0 -12"><span class='ocrx_word' id='word_1_371' title='bbox 1016 1468 1178 1512; x_wconf 85' lang='lat' dir='ltr'>prioratus</span> <span class='ocrx_word' id='word_1_372' title='bbox 1199 1467 1399 1508; x_wconf 83' lang='lat' dir='ltr'>huiusmodi,</span> <span class='ocrx_word' id='word_1_373' title='bbox 1421 1473 1450 1500; x_wconf 85' lang='lat' dir='ltr'>et</span> <span class='ocrx_word' id='word_1_374' title='bbox 1470 1468 1513 1500; x_wconf 84' lang='lat' dir='ltr'>itti</span> <span class='ocrx_word' id='word_1_375' title='bbox 1537 1468 1642 1500; x_wconf 84' lang='lat' dir='ltr'>forsan</span> <span class='ocrx_word' id='word_1_376' title='bbox 1661 1478 1759 1500; x_wconf 81' lang='lat' dir='ltr'>anne-</span> 
     </span>
     <span class='ocr_line' id='line_1_75' title="bbox 1017 1521 1759 1565; baseline -0.001 -10"><span class='ocrx_word' id='word_1_377' title='bbox 1017 1532 1128 1555; x_wconf 86' lang='lat' dir='ltr'>xorum</span> <span class='ocrx_word' id='word_1_378' title='bbox 1152 1522 1284 1561; x_wconf 73' lang='lat' dir='ltr'>fructus,</span> <span class='ocrx_word' id='word_1_379' title='bbox 1305 1521 1450 1554; x_wconf 88' lang='lat' dir='ltr'>redditus</span> <span class='ocrx_word' id='word_1_380' title='bbox 1471 1528 1500 1554; x_wconf 87' lang='lat' dir='ltr'>et</span> <span class='ocrx_word' id='word_1_381' title='bbox 1521 1528 1695 1565; x_wconf 78' lang='lat' dir='ltr'>proventus</span> <span class='ocrx_word' id='word_1_382' title='bbox 1716 1522 1759 1554; x_wconf 86' lang='lat' dir='ltr'>vi-</span> 
     </span>
     <span class='ocr_line' id='line_1_76' title="bbox 1017 1575 1756 1619; baseline 0 -11"><span class='ocrx_word' id='word_1_383' title='bbox 1017 1575 1095 1618; x_wconf 77' lang='lat' dir='ltr'>ginti</span> <span class='ocrx_word' id='word_1_384' title='bbox 1111 1580 1252 1619; x_wconf 89' lang='lat' dir='ltr'>quatuor</span> <span class='ocrx_word' id='word_1_385' title='bbox 1266 1575 1458 1608; x_wconf 85' lang='lat' dir='ltr'>ducatorum</span> <span class='ocrx_word' id='word_1_386' title='bbox 1475 1575 1544 1608; x_wconf 86' lang='lat' dir='ltr'>auri</span> <span class='ocrx_word' id='word_1_387' title='bbox 1560 1576 1599 1609; x_wconf 91' lang='lat' dir='ltr'>de</span> <span class='ocrx_word' id='word_1_388' title='bbox 1613 1576 1756 1617; x_wconf 74' lang='lat' dir='ltr'>Catnera,</span> 
     </span>
     <span class='ocr_line' id='line_1_77' title="bbox 1017 1629 1761 1671; baseline -0.001 -8"><span class='ocrx_word' id='word_1_389' title='bbox 1017 1630 1194 1663; x_wconf 87' lang='lat' dir='ltr'>secundum</span> <span class='ocrx_word' id='word_1_390' title='bbox 1212 1639 1417 1662; x_wconf 76' lang='lat' dir='ltr'>communem</span> <span class='ocrx_word' id='word_1_391' title='bbox 1433 1629 1701 1671; x_wconf 74' lang='lat' dir='ltr'>aestimationem,</span> <span class='ocrx_word' id='word_1_392' title='bbox 1714 1641 1761 1662; x_wconf 72' lang='lat' dir='ltr'>ra-</span> 
     </span>
     <span class='ocr_line' id='line_1_78' title="bbox 1019 1683 1762 1726; baseline -0.003 -10"><span class='ocrx_word' id='word_1_393' title='bbox 1019 1683 1120 1716; x_wconf 85' lang='lat' dir='ltr'>lorem</span> <span class='ocrx_word' id='word_1_394' title='bbox 1133 1693 1275 1716; x_wconf 85' lang='lat' dir='ltr'>annuum</span> <span class='ocrx_word' id='word_1_395' title='bbox 1292 1693 1355 1716; x_wconf 91' lang='lat' dir='ltr'>non</span> <span class='ocrx_word' id='word_1_396' title='bbox 1372 1683 1538 1726; x_wconf 79' lang='lat' dir='ltr'>excedere)</span> <span class='ocrx_word' id='word_1_397' title='bbox 1550 1683 1643 1716; x_wconf 88' lang='lat' dir='ltr'>nobis</span> <span class='ocrx_word' id='word_1_398' title='bbox 1660 1683 1762 1715; x_wconf 86' lang='lat' dir='ltr'>bumi-</span> 
     </span>
     <span class='ocr_line' id='line_1_79' title="bbox 1020 1736 1762 1780; baseline 0 -12"><span class='ocrx_word' id='word_1_399' title='bbox 1020 1736 1092 1770; x_wconf 84' lang='lat' dir='ltr'>liter</span> <span class='ocrx_word' id='word_1_400' title='bbox 1112 1736 1273 1780; x_wconf 83' lang='lat' dir='ltr'>suplicare</span> <span class='ocrx_word' id='word_1_401' title='bbox 1295 1736 1378 1777; x_wconf 79' lang='lat' dir='ltr'>fecit,</span> <span class='ocrx_word' id='word_1_402' title='bbox 1402 1742 1561 1780; x_wconf 81' lang='lat' dir='ltr'>quatenus</span> <span class='ocrx_word' id='word_1_403' title='bbox 1575 1737 1762 1780; x_wconf 72' lang='lat' dir='ltr'>praemissis</span> 
     </span>
     <span class='ocr_line' id='line_1_80' title="bbox 1019 1790 1762 1835; baseline 0 -11"><span class='ocrx_word' id='word_1_404' title='bbox 1019 1797 1049 1824; x_wconf 90' lang='lat' dir='ltr'>et</span> <span class='ocrx_word' id='word_1_405' title='bbox 1069 1791 1139 1823; x_wconf 85' lang='lat' dir='ltr'>aliis</span> <span class='ocrx_word' id='word_1_406' title='bbox 1158 1790 1372 1834; x_wconf 78' lang='lat' dir='ltr'>infrascriptis</span> <span class='ocrx_word' id='word_1_407' title='bbox 1393 1801 1547 1833; x_wconf 78' lang='lat' dir='ltr'>annuere,</span> <span class='ocrx_word' id='word_1_408' title='bbox 1569 1801 1604 1824; x_wconf 82' lang='lat' dir='ltr'>ac</span> <span class='ocrx_word' id='word_1_409' title='bbox 1623 1791 1762 1835; x_wconf 79' lang='lat' dir='ltr'>desuper</span> 
     </span>
     <span class='ocr_line' id='line_1_81' title="bbox 1019 1844 1761 1889; baseline -0.001 -11"><span class='ocrx_word' id='word_1_410' title='bbox 1019 1850 1201 1889; x_wconf 86' lang='lat' dir='ltr'>opportune</span> <span class='ocrx_word' id='word_1_411' title='bbox 1216 1844 1387 1888; x_wconf 77' lang='lat' dir='ltr'>providere</span> <span class='ocrx_word' id='word_1_412' title='bbox 1408 1845 1446 1877; x_wconf 83' lang='lat' dir='ltr'>de</span> <span class='ocrx_word' id='word_1_413' title='bbox 1467 1844 1664 1887; x_wconf 78' lang='lat' dir='ltr'>benignitate</span> <span class='ocrx_word' id='word_1_414' title='bbox 1685 1855 1761 1889; x_wconf 88' lang='lat' dir='ltr'>apo-</span> 
     </span>
     <span class='ocr_line' id='line_1_82' title="bbox 1019 1898 1373 1941; baseline -0.003 -9"><span class='ocrx_word' id='word_1_415' title='bbox 1019 1898 1132 1932; x_wconf 74' lang='lat' dir='ltr'>stoliea</span> <span class='ocrx_word' id='word_1_416' title='bbox 1152 1898 1373 1941; x_wconf 77' lang='lat' dir='ltr'>dignaremur.</span> 
     </span>
    </p>

    <p class='ocr_par' dir='ltr' id='par_1_17' title="bbox 1019 1951 1763 2532">
     <span class='ocr_line' id='line_1_83' title="bbox 1064 1951 1759 1996; baseline 0 -12"><span class='ocrx_word' id='word_1_417' title='bbox 1064 1952 1078 1996; x_wconf 66' lang='grc' dir='ltr'><strong>ἓ</strong></span> <span class='ocrx_word' id='word_1_418' title='bbox 1103 1951 1133 1984; x_wconf 66' lang='lat' dir='ltr'>li.</span> <span class='ocrx_word' id='word_1_419' title='bbox 1163 1952 1225 1985; x_wconf 84' lang='lat' dir='ltr'>Nos</span> <span class='ocrx_word' id='word_1_420' title='bbox 1246 1952 1344 1994; x_wconf 74' lang='lat' dir='ltr'>igitur</span> <span class='ocrx_word' id='word_1_421' title='bbox 1362 1951 1429 1996; x_wconf 86' lang='lat' dir='ltr'>(qui</span> <span class='ocrx_word' id='word_1_422' title='bbox 1452 1952 1575 1985; x_wconf 88' lang='lat' dir='ltr'>dudum</span> <span class='ocrx_word' id='word_1_423' title='bbox 1595 1952 1680 1985; x_wconf 90' lang='lat' dir='ltr'>inter</span> <span class='ocrx_word' id='word_1_424' title='bbox 1700 1952 1759 1984; x_wconf 84' lang='lat' dir='ltr'>alia</span> 
     </span>
     <span class='ocr_line' id='line_1_84' title="bbox 1019 2006 1762 2050; baseline 0 -11"><span class='ocrx_word' id='word_1_425' title='bbox 1019 2007 1179 2039; x_wconf 77' lang='lat' dir='ltr'>voluimus</span> <span class='ocrx_word' id='word_1_426' title='bbox 1200 2007 1287 2050; x_wconf 85' lang='lat' dir='ltr'>quod</span> <span class='ocrx_word' id='word_1_427' title='bbox 1309 2012 1453 2050; x_wconf 85' lang='lat' dir='ltr'>petentes</span> <span class='ocrx_word' id='word_1_428' title='bbox 1475 2006 1632 2039; x_wconf 77' lang='lat' dir='ltr'>beneficia</span> <span class='ocrx_word' id='word_1_429' title='bbox 1653 2007 1762 2039; x_wconf 79' lang='lat' dir='ltr'>ecele—</span> 
     </span>
     <span class='ocr_line' id='line_1_85' title="bbox 1019 2059 1761 2104; baseline 0 -11"><span class='ocrx_word' id='word_1_430' title='bbox 1019 2060 1146 2093; x_wconf 87' lang='lat' dir='ltr'>siastica</span> <span class='ocrx_word' id='word_1_431' title='bbox 1167 2060 1237 2093; x_wconf 87' lang='lat' dir='ltr'>aliis</span> <span class='ocrx_word' id='word_1_432' title='bbox 1257 2059 1353 2101; x_wconf 87' lang='lat' dir='ltr'>uniri,</span> <span class='ocrx_word' id='word_1_433' title='bbox 1375 2066 1563 2093; x_wconf 84' lang='lat' dir='ltr'>tenerentur</span> <span class='ocrx_word' id='word_1_434' title='bbox 1583 2061 1761 2104; x_wconf 82' lang='lat' dir='ltr'>exprimere</span> 
     </span>
     <span class='ocr_line' id='line_1_86' title="bbox 1020 2114 1762 2156; baseline -0.001 -9"><span class='ocrx_word' id='word_1_435' title='bbox 1020 2124 1130 2147; x_wconf 86' lang='lat' dir='ltr'>verum</span> <span class='ocrx_word' id='word_1_436' title='bbox 1150 2124 1293 2147; x_wconf 88' lang='lat' dir='ltr'>annuum</span> <span class='ocrx_word' id='word_1_437' title='bbox 1313 2114 1466 2156; x_wconf 72' lang='lat' dir='ltr'>valorem,</span> <span class='ocrx_word' id='word_1_438' title='bbox 1481 2115 1658 2147; x_wconf 85' lang='lat' dir='ltr'>secundum</span> <span class='ocrx_word' id='word_1_439' title='bbox 1674 2115 1762 2147; x_wconf 76' lang='lat' dir='ltr'>aesti-</span> 
     </span>
     <span class='ocr_line' id='line_1_87' title="bbox 1021 2167 1762 2211; baseline -0.003 -10"><span class='ocrx_word' id='word_1_440' title='bbox 1021 2167 1194 2201; x_wconf 84' lang='lat' dir='ltr'>mationem</span> <span class='ocrx_word' id='word_1_441' title='bbox 1218 2168 1384 2211; x_wconf 82' lang='lat' dir='ltr'>prefatam,</span> <span class='ocrx_word' id='word_1_442' title='bbox 1406 2168 1500 2201; x_wconf 83' lang='lat' dir='ltr'>etiam</span> <span class='ocrx_word' id='word_1_443' title='bbox 1524 2168 1684 2207; x_wconf 80' lang='lat' dir='ltr'>beneficii,</span> <span class='ocrx_word' id='word_1_444' title='bbox 1712 2168 1762 2200; x_wconf 79' lang='lat' dir='ltr'>cui</span> 
     </span>
     <span class='ocr_line' id='line_1_88' title="bbox 1020 2221 1761 2265; baseline 0 -12"><span class='ocrx_word' id='word_1_445' title='bbox 1020 2221 1106 2254; x_wconf 87' lang='lat' dir='ltr'>aliud</span> <span class='ocrx_word' id='word_1_446' title='bbox 1129 2221 1213 2254; x_wconf 89' lang='lat' dir='ltr'>uniri</span> <span class='ocrx_word' id='word_1_447' title='bbox 1235 2227 1412 2265; x_wconf 79' lang='lat' dir='ltr'>peteretur,</span> <span class='ocrx_word' id='word_1_448' title='bbox 1436 2222 1579 2265; x_wconf 83' lang='lat' dir='ltr'>alioquin</span> <span class='ocrx_word' id='word_1_449' title='bbox 1603 2222 1680 2254; x_wconf 88' lang='lat' dir='ltr'>unio</span> <span class='ocrx_word' id='word_1_450' title='bbox 1699 2232 1761 2253; x_wconf 90' lang='lat' dir='ltr'>nou</span> 
     </span>
     <span class='ocr_line' id='line_1_89' title="bbox 1020 2274 1763 2318; baseline -0.001 -12"><span class='ocrx_word' id='word_1_451' title='bbox 1020 2274 1150 2315; x_wconf 86' lang='lat' dir='ltr'>valeret,</span> <span class='ocrx_word' id='word_1_452' title='bbox 1174 2280 1201 2307; x_wconf 88' lang='lat' dir='ltr'>et</span> <span class='ocrx_word' id='word_1_453' title='bbox 1223 2285 1351 2318; x_wconf 86' lang='lat' dir='ltr'>semper</span> <span class='ocrx_word' id='word_1_454' title='bbox 1370 2275 1399 2306; x_wconf 90' lang='lat' dir='ltr'>in</span> <span class='ocrx_word' id='word_1_455' title='bbox 1419 2275 1593 2307; x_wconf 84' lang='lat' dir='ltr'>unionibus</span> <span class='ocrx_word' id='word_1_456' title='bbox 1614 2274 1763 2308; x_wconf 81' lang='lat' dir='ltr'>commis—</span> 
     </span>
     <span class='ocr_line' id='line_1_90' title="bbox 1020 2327 1763 2372; baseline -0.001 -12"><span class='ocrx_word' id='word_1_457' title='bbox 1020 2327 1067 2360; x_wconf 81' lang='lat' dir='ltr'>sio</span> <span class='ocrx_word' id='word_1_458' title='bbox 1087 2327 1180 2361; x_wconf 80' lang='lat' dir='ltr'>fieret</span> <span class='ocrx_word' id='word_1_459' title='bbox 1200 2328 1238 2360; x_wconf 88' lang='lat' dir='ltr'>ad</span> <span class='ocrx_word' id='word_1_460' title='bbox 1260 2334 1378 2372; x_wconf 83' lang='lat' dir='ltr'>partes,</span> <span class='ocrx_word' id='word_1_461' title='bbox 1399 2328 1519 2362; x_wconf 82' lang='lat' dir='ltr'>vocatis</span> <span class='ocrx_word' id='word_1_462' title='bbox 1534 2338 1671 2372; x_wconf 88' lang='lat' dir='ltr'>quorum</span> <span class='ocrx_word' id='word_1_463' title='bbox 1689 2328 1763 2360; x_wconf 86' lang='lat' dir='ltr'>inte-</span> 
     </span>
     <span class='ocr_line' id='line_1_91' title="bbox 1021 2381 1763 2426; baseline -0.001 -12"><span class='ocrx_word' id='word_1_464' title='bbox 1021 2387 1133 2422; x_wconf 80' lang='lat' dir='ltr'>resset,</span> <span class='ocrx_word' id='word_1_465' title='bbox 1151 2381 1302 2426; x_wconf 82' lang='lat' dir='ltr'>idemque</span> <span class='ocrx_word' id='word_1_466' title='bbox 1316 2382 1541 2416; x_wconf 82' lang='lat' dir='ltr'>observaretur</span> <span class='ocrx_word' id='word_1_467' title='bbox 1556 2382 1584 2414; x_wconf 87' lang='lat' dir='ltr'>in</span> <span class='ocrx_word' id='word_1_468' title='bbox 1599 2381 1763 2425; x_wconf 70' lang='lat' dir='ltr'>quibusvis</span> 
     </span>
     <span class='ocr_line' id='line_1_92' title="bbox 1021 2434 1760 2479; baseline -0.001 -12"><span class='ocrx_word' id='word_1_469' title='bbox 1021 2435 1287 2479; x_wconf 89' lang='lat' dir='ltr'>suppresionibus</span> <span class='ocrx_word' id='word_1_470' title='bbox 1305 2442 1335 2468; x_wconf 88' lang='lat' dir='ltr'>et</span> <span class='ocrx_word' id='word_1_471' title='bbox 1356 2435 1519 2479; x_wconf 82' lang='lat' dir='ltr'>perpetuis</span> <span class='ocrx_word' id='word_1_472' title='bbox 1541 2434 1760 2468; x_wconf 68' lang='lat' dir='ltr'>concessioni-</span> 
     </span>
     <span class='ocr_line' id='line_1_93' title="bbox 1023 2488 1762 2532; baseline -0.001 -11"><span class='ocrx_word' id='word_1_473' title='bbox 1023 2488 1081 2521; x_wconf 90' lang='lat' dir='ltr'>bus</span> <span class='ocrx_word' id='word_1_474' title='bbox 1102 2489 1141 2522; x_wconf 91' lang='lat' dir='ltr'>de</span> <span class='ocrx_word' id='word_1_475' title='bbox 1161 2489 1421 2532; x_wconf 75' lang='lat' dir='ltr'>quilmscumque</span> <span class='ocrx_word' id='word_1_476' title='bbox 1443 2488 1598 2521; x_wconf 80' lang='lat' dir='ltr'>fructibus</span> <span class='ocrx_word' id='word_1_477' title='bbox 1619 2495 1647 2521; x_wconf 89' lang='lat' dir='ltr'>et</span> <span class='ocrx_word' id='word_1_478' title='bbox 1671 2488 1762 2521; x_wconf 81' lang='lat' dir='ltr'>bonis</span> 
     </span>
    </p>
   </div>
   <div class='ocr_carea' id='block_1_12' title="bbox 1022 2612 1764 2693">
    <p class='ocr_par' dir='ltr' id='par_1_18' title="bbox 1022 2612 1764 2693">
     <span class='ocr_line' id='line_1_94' title="bbox 1059 2612 1764 2641; baseline 0 -2"><span class='ocrx_word' id='word_1_479' title='bbox 1059 2613 1068 2639; x_wconf 85' lang='lat'>1</span> <span class='ocrx_word' id='word_1_480' title='bbox 1094 2612 1163 2639; x_wconf 86' lang='lat' dir='ltr'>Edit.</span> <span class='ocrx_word' id='word_1_481' title='bbox 1185 2612 1264 2640; x_wconf 85' lang='lat' dir='ltr'>Main.</span> <span class='ocrx_word' id='word_1_482' title='bbox 1286 2613 1368 2640; x_wconf 83' lang='lat' dir='ltr'>babet</span> <span class='ocrx_word' id='word_1_483' title='bbox 1388 2613 1529 2641; x_wconf 61' lang='lat' dir='ltr'>iuvemus.-</span> <span class='ocrx_word' id='word_1_484' title='bbox 1554 2612 1600 2640; x_wconf 81' lang='lat' dir='ltr'>sed</span> <span class='ocrx_word' id='word_1_485' title='bbox 1624 2616 1764 2640; x_wconf 74' lang='lat' dir='ltr'>contextus</span> 
     </span>
     <span class='ocr_line' id='line_1_95' title="bbox 1022 2657 1420 2693; baseline -0.003 -10"><span class='ocrx_word' id='word_1_486' title='bbox 1022 2657 1133 2693; x_wconf 78' lang='lat' dir='ltr'>requirit</span> <span class='ocrx_word' id='word_1_487' title='bbox 1151 2659 1305 2685; x_wconf 68' lang='lat' dir='ltr'>ini-eitlnli&#39;s</span> <span class='ocrx_word' id='word_1_488' title='bbox 1320 2659 1356 2692; x_wconf 82' lang='lat' dir='ltr'>(n.</span> <span class='ocrx_word' id='word_1_489' title='bbox 1375 2665 1389 2684; x_wconf 76' lang='lat' dir='ltr'>&#39;r</span> <span class='ocrx_word' id='word_1_490' title='bbox 1404 2658 1420 2691; x_wconf 92' lang='lat'>).</span> 
     </span>
    </p>
   </div>
   <div class='ocr_carea' id='block_1_13' title="bbox 1764 234 1950 262">
    <p class='ocr_par' dir='ltr' id='par_1_19' title="bbox 1764 234 1950 262">
     <span class='ocr_line' id='line_1_96' title="bbox 1764 234 1950 262; baseline 0.005 -2"><span class='ocrx_word' id='word_1_491' title='bbox 1764 235 1812 261; x_wconf 91' lang='lat' dir='ltr'>An.</span> <span class='ocrx_word' id='word_1_492' title='bbox 1830 235 1858 261; x_wconf 87' lang='lat' dir='ltr'>C.</span> <span class='ocrx_word' id='word_1_493' title='bbox 1882 234 1950 262; x_wconf 71' lang='lat'>1604</span> 
     </span>
    </p>
   </div>
   <div class='ocr_carea' id='block_1_14' title="bbox 1802 1417 1960 1442">
    <p class='ocr_par' dir='ltr' id='par_1_20' title="bbox 1802 1417 1960 1442">
     <span class='ocr_line' id='line_1_97' title="bbox 1802 1417 1960 1442; baseline 0 -5"><span class='ocrx_word' id='word_1_494' title='bbox 1802 1417 1885 1437; x_wconf 64' lang='lat' dir='ltr'>llvnrwi</span> <span class='ocrx_word' id='word_1_495' title='bbox 1905 1423 1960 1442; x_wconf 74' lang='lat' dir='ltr'>regts</span> 
     </span>
    </p>
   </div>
   <div class='ocr_carea' id='block_1_15' title="bbox 1775 1446 1958 1470">
    <p class='ocr_par' dir='ltr' id='par_1_21' title="bbox 1775 1446 1958 1470">
     <span class='ocr_line' id='line_1_98' title="bbox 1775 1446 1958 1470; baseline 0.005 -7"><span class='ocrx_word' id='word_1_496' title='bbox 1775 1446 1855 1465; x_wconf 27' lang='lat' dir='ltr'>dattttte</span> <span class='ocrx_word' id='word_1_497' title='bbox 1876 1451 1918 1470; x_wconf 77' lang='lat' dir='ltr'>pre·</span> <span class='ocrx_word' id='word_1_498' title='bbox 1929 1452 1958 1464; x_wconf 60' lang='grc' dir='ltr'>ες.</span> 
     </span>
    </p>
   </div>
   <div class='ocr_carea' id='block_1_16' title="bbox 1777 1953 1961 2028">
    <p class='ocr_par' dir='ltr' id='par_1_22' title="bbox 1777 1953 1961 2028">
     <span class='ocr_line' id='line_1_99' title="bbox 1804 1953 1961 1974; baseline -0.013 0"><span class='ocrx_word' id='word_1_499' title='bbox 1804 1954 1888 1974; x_wconf 60' lang='lat' dir='ltr'>rit-vetio</span> <span class='ocrx_word' id='word_1_500' title='bbox 1899 1953 1961 1973; x_wconf 70' lang='lat' dir='ltr'>cutte-</span> 
     </span>
     <span class='ocr_line' id='line_1_100' title="bbox 1784 1981 1961 2006; baseline -0.011 -5"><span class='ocrx_word' id='word_1_501' title='bbox 1784 1982 1815 2004; x_wconf 80' lang='lat' dir='ltr'>·i1‚</span> <span class='ocrx_word' id='word_1_502' title='bbox 1838 1981 1863 2000; x_wconf 84' lang='lat' dir='ltr'>de</span> <span class='ocrx_word' id='word_1_503' title='bbox 1884 1986 1961 2006; x_wconf 81' lang='lat' dir='ltr'>quom</span> 
     </span>
     <span class='ocr_line' id='line_1_101' title="bbox 1777 2009 1869 2028; baseline -0.022 0"><span class='ocrx_word' id='word_1_504' title='bbox 1777 2009 1869 2028; x_wconf 72' lang='lat' dir='ltr'>inlustra.</span> 
     </span>
    </p>
   </div>
  </div>
 </body>
</html>
