2227 3241
83 224 131 252 An.
148 223 178 250 G.
196 222 264 251 1609

90 1615 201 1636 clausulae
209 1620 267 1641 prae-

84 1643 172 1662 sentium
208 1648 266 1668 prae·

83 1671 208 1690 seri-ativae.

101 2255 211 2280 lter-outre
219 2261 267 2276 eon·

86 2282 202 2303 trariorum.

935 222 1053 246 PAULUS
1072 222 1091 245 V
1111 222 1160 246 PP.

281 269 368 313 genti
386 274 417 303 et
436 269 630 311 necessaria,
652 279 709 314 per
726 279 948 314 quoscumque
961 269 1023 303 Ro-

282 333 394 356 manos
414 322 585 357 Pontifices
602 333 661 367 pro
678 329 824 368 tempore
844 323 1022 365 existentes,

281 387 318 410 ac
338 385 407 417 nos,
429 381 460 409 et
483 375 599 410 Sedem
624 375 835 420 praedictam,
860 381 914 409 aut
938 375 1023 409 illius

281 430 403 472 legatos
428 429 467 462 de
492 429 604 470 latere,
632 429 786 470 nuncios,
813 429 907 462 etiam
935 434 1023 462 motu

280 481 426 526 proprio,
440 487 471 515 et
484 491 521 515 ex
533 483 618 515 certa
634 481 777 524 seientia,
790 492 827 515 ae
844 482 883 515 de
901 487 1025 526 aposto-

281 534 362 568 licae
386 534 553 579 potestatis
577 534 795 579 plenitudine,
814 545 870 568 seu
886 534 1024 569 cuiusvis

283 587 403 622 intuitu
423 593 454 622 et
479 588 764 632 contemplatione,
785 588 947 632 derogari,
971 594 1023 621 aut

282 642 472 684 derogatum
494 640 616 674 censeri
638 651 743 685 posse,
771 651 877 685 neque
896 641 1023 684 debere,

282 704 318 727 ac
342 703 565 738 quascumque
589 693 790 735 collationes,
810 693 1021 738 provisiones,

282 747 507 789 commendas,
533 747 827 791 praesentationes,
851 746 1021 781 institutio·

281 811 338 835 nes
358 806 389 835 et
410 801 488 835 alias
505 800 732 846 dispositiones
746 802 785 835 de
805 801 974 843 decanatu,
995 807 1026 835 et

270 854 417 902 'singulis
433 854 687 897 canonicatibus,
708 860 738 888 et
756 854 950 899 praebendis
967 865 1025 888 no-

281 907 362 941 viter
379 907 493 942 erectis
510 907 695 952 praedictis,
718 913 753 942 ut
769 909 961 953 praefertur,
973 918 1025 941 va-

282 960 440 1003 cantibus,
463 961 627 1005 quibusvis
647 962 804 1006 personis,
825 961 902 995 alias
927 972 1024 1006 quam

282 1014 323 1048 ad
343 1014 584 1048 fundationem¹
607 1015 766 1049 dictorum
796 1020 1021 1059 patronorum,

283 1067 378 1101 etiam
399 1076 472 1101 cum
498 1068 629 1112 speciali
651 1074 681 1102 et
706 1070 854 1112 expressa
882 1069 1021 1111 deroga-

284 1121 370 1155 tione
382 1121 652 1166 jurispatronatus
666 1122 863 1163 buiusmodi,
877 1133 936 1166 pro
951 1127 1025 1155 tem-

281 1185 361 1219 pore
379 1175 487 1217 factas,
503 1187 737 1220 processusque
752 1176 890 1220 desuper
908 1176 1025 1209 sorma-

283 1238 341 1274 tos,
369 1243 406 1266 ac
427 1233 501 1266 inde
519 1238 654 1276 sequuta
675 1238 705 1266 et
728 1233 892 1276 sequenda
920 1243 1021 1276 quae-

283 1300 445 1334 cumque,
473 1291 561 1324 nulla
594 1296 624 1324 et
651 1291 811 1331 invalida,
840 1289 1024 1334 nulliusque

283 1344 410 1379 roboris
430 1345 478 1379 vel
500 1345 655 1379 momenti
677 1356 744 1379 esse
765 1350 795 1379 et
820 1346 898 1385 sore,
920 1351 950 1379 et
966 1356 1024 1389 pro

282 1399 378 1433 nullis
403 1404 434 1432 et
460 1399 585 1432 insectis
612 1399 724 1432 haberi
750 1404 780 1431 et
806 1399 927 1432 censeri
962 1399 1021 1432 de-

283 1453 379 1494 bere,
414 1463 473 1486 nec
509 1453 557 1486 ius
593 1458 648 1485 aut
679 1452 857 1486 coloratum
896 1452 1022 1486 titulum

282 1506 458 1550 possidenti
479 1506 630 1550 cuiquam
654 1506 804 1548 tribucre,
826 1506 872 1539 vel
894 1517 951 1550 per
972 1506 1024 1539 illa

282 1559 416 1604 acquiri.

327 1616 343 1657 g
370 1613 400 1647 8.
429 1614 472 1646 Ac
497 1618 680 1657 praesentes
706 1613 827 1647 litteras
848 1613 887 1646 ab
913 1613 1019 1647 omni-

283 1667 342 1701 bus
371 1673 401 1701 et
428 1667 582 1710 singulis,
612 1677 692 1711 quos
722 1667 795 1700 illae
824 1673 1024 1700 concernunt

283 1726 314 1755 et
333 1727 530 1755 concernent
548 1720 794 1765 quomodolibet
814 1720 846 1753 in
868 1722 1023 1761 futurum,

282 1774 509 1808 inviolabiliter
522 1774 686 1808 observari
700 1774 838 1815 debere;
858 1774 968 1818 sicque
984 1775 1023 1807 ab

282 1828 444 1869 omnibus,
473 1834 503 1861 et
527 1827 661 1870 singulis
682 1827 823 1868 censeri,
848 1833 879 1861 et
900 1827 941 1860 ita
967 1838 1025 1871 per

281 1892 505 1926 quoscumque
536 1881 678 1922 iudiceS,
703 1887 733 1915 et
760 1881 1020 1922 commissarios,

281 1936 393 1980 quavis
417 1935 610 1969 auctoritate
636 1936 816 1977 fungentes,
840 1935 936 1969 ctiam
955 1946 1025 1968 cau-

280 2000 388 2023 sarum
413 1990 526 2023 Palatii
548 1989 723 2033 Apostolici
744 1988 918 2030 auditores,
941 1989 1023 2022 iudi-

281 2043 345 2077 cari
371 2049 401 2076 et
422 2043 548 2077 definiri
570 2044 703 2084 debere,
738 2053 863 2077 necnon
897 2043 1023 2077 irritum

281 2103 312 2130 et
332 2096 438 2138 inane,
459 2097 484 2130 si
498 2107 589 2130 secus
609 2108 706 2141 super
726 2097 775 2130 bis
803 2108 819 2129 a
845 2107 1021 2141 quoquam,

282 2151 392 2195 quavis
417 2151 619 2191 auctoritate,
647 2151 785 2185 scienter
806 2152 852 2184 vel
874 2151 1024 2194 ignoran-

284 2211 342 2246 ter,
368 2204 537 2248 contigerit
559 2205 718 2238 attentari.

329 2260 388 2301 59.
402 2259 470 2292 Non
485 2259 699 2293 obstantibus⁵2
714 2259 934 2293 Laterancnsis
950 2260 1026 2293 Con-

284 2312 348 2346 cilii
369 2312 542 2346 novissime
564 2313 728 2353 celebrati,
752 2313 887 2347 uniones
913 2324 1025 2357 perpe-

285 2373 354 2400 tuas
372 2367 432 2400 nisi
451 2367 483 2400 in
504 2366 629 2400 casibus
647 2378 664 2400 a
682 2367 751 2400 iure
772 2367 936 2411 permissis
954 2367 1024 2401 sieri

284 2420 497 2464 prohibentis,
524 2431 561 2454 ac
587 2420 687 2454 felicis
714 2421 947 2455 recordationis
968 2422 1025 2455 Bo·

284 2473 391 2507 nifacii
413 2474 517 2518 Papae
540 2473 603 2507 Vlll
624 2474 883 2517 praedecessoris
904 2475 1022 2515 nostri,

285 2527 420 2572 aliisque
445 2527 729 2561 constitutionibus
755 2533 786 2561 et
811 2528 1025 2562 ordinationi-

324 2591 331 2615 1
352 2589 463 2617 Videtur
478 2591 626 2624 legendum
641 2591 952 2626 praesentationem(tt.
964 2595 1011 2626 T.).

320 2635 336 2661 2
356 2635 535 2671 Subintellige
555 2637 756 2664 constitutione
776 2637 813 2669 (tt.
826 2636 861 2670 τ).

1055 270 1116 303 bus
1141 269 1344 313 apostolicis,
1373 279 1497 303 necnon
1520 270 1624 304 dietae
1645 270 1798 304 ecclesiae

1057 323 1095 357 de
1109 323 1234 364 Rosoir,
1251 323 1444 364 iuramento,
1462 323 1708 358 confirmatione
1722 334 1799 368 apo-

1056 376 1178 417 stoliea,
1200 377 1248 410 vel
1270 377 1381 421 quavis
1402 377 1553 411 firmitate
1578 378 1639 411 alia
1657 378 1795 412 robora-

1058 429 1107 470 tis,
1135 429 1260 463 statutis
1286 436 1317 463 et
1345 430 1644 472 consuetudinibus,
1668 431 1798 476 privile-

1057 482 1116 525 giis
1137 493 1278 526 quoque,
1315 482 1446 516 indultis
1467 490 1496 517 et
1517 484 1631 518 litteris
1648 485 1800 528 apostoli-

1058 535 1101 569 cis
1123 535 1227 569 eidem
1246 536 1400 570 ecclesiae
1422 537 1461 570 de
1482 537 1606 578 ltosoir,
1625 546 1660 571 ac
1675 537 1800 572 dilectis

1057 589 1131 622 filiis
1152 589 1238 623 illius
1265 589 1424 634 capitulo,
1453 590 1637 632 canonicis,
1665 590 1800 635 aliisque

1057 642 1278 686 superioribus
1292 649 1319 677 et
1342 643 1501 687 personis,
1514 644 1573 677 sub
1591 644 1799 688 quibuscum-

1057 705 1120 739 que
1141 696 1306 729 tenoribus
1332 702 1362 730 et
1382 696 1506 737 formis,
1523 708 1559 730 ae
1574 707 1646 730 cum
1667 697 1800 742 quibus-

1058 748 1103 782 vis
1117 748 1269 783 clausulis
1284 754 1312 782 et
1326 749 1474 791 decretis,
1484 749 1515 782 in
1530 750 1726 783 eontrarium
1742 750 1801 784 for-

1057 812 1114 835 san
1135 802 1382 846 quomodolibet
1402 802 1578 844 concessis,
1598 803 1795 848 approbatis,

1058 860 1088 888 et
1110 855 1278 889 innovatis.
1297 855 1420 896 Quibus
1439 856 1601 898 omnibus,
1619 856 1742 890 etiamsi
1761 857 1800 891 de

1058 908 1120 942 illis
1152 909 1347 954 illorumque
1378 910 1450 943 totis
1475 910 1641 944 tenoribus
1670 910 1796 955 specia-

1059 962 1107 1003 lis,
1126 962 1286 1006 specifica,
1315 973 1463 1007 expressa
1481 969 1512 997 et
1536 963 1711 1004 individua,
1734 974 1799 997 non

1058 1020 1164 1049 autem
1184 1027 1242 1059 per
1263 1016 1422 1050 clausulas
1447 1017 1613 1059 generales
1634 1016 1719 1050 idem
1742 1016 1800 1049 im-

1059 1074 1222 1111 portantes
1238 1097 1245 1110 ‚
1278 1070 1399 1103 mentio
1428 1080 1483 1103 seu
1504 1070 1634 1114 quaevis
1665 1070 1727 1103 alia
1747 1080 1799 1103 ex-

1058 1122 1181 1165 pressio
1202 1122 1350 1157 habenda
1373 1124 1473 1165 soret,
1497 1123 1559 1156 illis
1587 1123 1664 1156 alias
1689 1123 1720 1156 in
1741 1134 1800 1157 suo

1060 1177 1177 1211 robore
1204 1177 1434 1221 permansuris,
1468 1178 1527 1211 bac
1548 1177 1615 1210 vice
1637 1177 1801 1211 dumtaxat

1059 1231 1240 1275 specialiter
1261 1237 1289 1265 et
1316 1243 1463 1276 expresse
1492 1232 1696 1275 derogamus,
1725 1243 1800 1266 con-

1060 1285 1162 1318 trariis
1184 1286 1461 1329 quibuscumque,
1486 1293 1537 1320 aut
1560 1286 1584 1320 si
1606 1286 1704 1330 aliqui
1725 1297 1801 1330 apo-

1058 1340 1169 1374 stolica
1190 1340 1352 1384 praedicta
1375 1341 1422 1374 vel
1448 1341 1508 1374 alia
1531 1341 1642 1385 quavis
1662 1343 1801 1376 auctori-

1061 1400 1121 1427 tate
1150 1394 1181 1427 in
1203 1395 1286 1428 dicta
1314 1395 1446 1428 ecclesia
1474 1395 1513 1428 de
1544 1396 1659 1429 ltosoir
1691 1396 1722 1428 in
1751 1408 1801 1430 ca-

1058 1448 1192 1482 nonicos
1220 1449 1281 1481 sint
1315 1449 1452 1493 recepti,
1476 1449 1523 1482 vel
1545 1455 1579 1482 ut
1606 1450 1802 1494 recipiantur

1059 1502 1214 1542 insistant,
1238 1513 1294 1535 seu
1315 1502 1339 1535 si
1360 1513 1457 1546 super
1482 1503 1721 1547 provisionibus
1741 1504 1801 1537 sibi

1059 1555 1211 1588 faciendis
1233 1556 1271 1588 de
1297 1556 1537 1589 canonicatibus
1558 1562 1589 1590 et
1610 1557 1802 1600 praebendis

1059 1608 1162 1641 dictae
1184 1610 1337 1643 eeclesiae
1358 1610 1397 1642 de
1422 1610 1535 1644 Rosoir
1555 1610 1729 1654 speciales,
1754 1612 1801 1645 vel

1058 1661 1127 1695 aliis
1152 1662 1317 1696 beneficiis
1339 1663 1562 1697 ecclesiasticis
1584 1664 1614 1696 in
1637 1664 1699 1698 illis
1722 1675 1799 1708 par-

1060 1715 1142 1749 tibus
1163 1716 1329 1758 generales
1350 1716 1454 1750 dictae
1482 1717 1573 1750 Sedis
1603 1723 1656 1750 aut
1683 1718 1802 1761 legato-

1058 1780 1129 1803 rum
1147 1770 1215 1804 eius
1233 1771 1354 1803 litteras
1372 1771 1586 1814 impetrarint,
1604 1771 1727 1804 etiamsi
1746 1783 1803 1816 per

1058 1833 1111 1856 eas
1142 1824 1182 1857 ad
1209 1823 1453 1863 inhibitionem,
1488 1825 1740 1858 reservationem
1772 1830 1800 1858 et

1059 1878 1236 1919 decretum,
1251 1878 1298 1911 vel
1314 1878 1392 1910 alias
1406 1878 1662 1921 quomodolibet,
1680 1879 1719 1912 sit
1732 1890 1802 1923 pro-

1059 1942 1181 1964 cessum
1210 1936 1310 1975 (quas
1336 1932 1466 1975 quidem
1496 1931 1634 1971 litteras,
1666 1938 1694 1966 et
1728 1944 1802 1976 pro-

1059 1995 1164 2018 cessus
1194 1985 1320 2018 babitos
1345 1996 1403 2029 per
1425 1986 1572 2026 easdem,
1596 1991 1627 2018 et
1660 1986 1734 2020 inde
1754 1998 1802 2021 se-

1058 2044 1159 2082 quuta
1180 2049 1415 2082 quaecumque,
1433 2039 1471 2072 ad
1487 2039 1589 2072 dictos
1609 2041 1803 2083 quatuorde-

1059 2091 1120 2124 cim
1142 2093 1349 2125 canonicatus
1372 2097 1401 2125 et
1428 2093 1628 2136 praebendas
1654 2094 1801 2127 volumus

1058 2156 1121 2178 non
1144 2147 1292 2186 extendi*v
1327 2146 1381 2179 sed
1414 2147 1537 2179 nullum
1570 2158 1628 2190 per
1659 2147 1796 2189 beccis,

1059 2200 1165 2243 quoad
1194 2200 1454 2243 assequutionem
1489 2201 1737 2234 canonicatuum
1769 2208 1796 2235 et

1060 2253 1316 2297 praebendarum
1349 2264 1405 2287 seu
1444 2254 1676 2288 lwneticiorum
1714 2255 1796 2288 alio-

1060 2317 1144 2347 rum,
1169 2307 1403 2350 praeiudicium
1426 2308 1599 2351 generari),
1622 2313 1652 2340 ct
1667 2308 1800 2352 quibus-

1060 2360 1135 2393 libet
1158 2360 1226 2394 aliis
1246 2361 1431 2404 privilegiis,
1459 2362 1676 2404 indulgentiis,
1701 2368 1729 2395 et
1751 2362 1801 2395 lit-

1061 2413 1135 2447 teris
1156 2414 1356 2458 apostolicis,
1381 2415 1583 2457 generalibus
1606 2416 1650 2448 vel
1673 2416 1798 2459 specia-

1061 2467 1154 2504 libus,
1179 2478 1460 2511 quorumcumque
1484 2474 1629 2500 tenorum
1652 2468 1798 2509 existant,

1061 2531 1116 2564 per
1137 2531 1218 2564 quae
1244 2521 1465 2565 praesentibus
1492 2532 1553 2554 non
1580 2532 1728 2564 expressa
1754 2522 1800 2555 vel

1062 2574 1201 2607 totaliter
1221 2585 1285 2608 nou
1308 2575 1424 2608 inserta
1445 2574 1575 2607 rtl'ectus
1604 2585 1713 2608 carum
1741 2575 1800 2608 im-

1061 2627 1161 2670 pediri
1188 2628 1286 2661 valeat
1313 2627 1555 2672 quomodolibet
1586 2628 1632 2662 vel
1659 2628 1797 2669 differri,

1697 212 1760 247 567
1809 222 1849 249 An

1857 244 1861 250 .
1883 222 1996 251 (21609
