2227 3241
61 242 109 268 An.
122 239 150 267 C.
174 240 241 267 1509

908 241 1027 266 I’AL'LL'S
1049 242 1065 265 V
1086 243 1135 265 1'1'.

258 288 351 332 copia
370 288 550 332 reperitur)
577 289 716 326 decore,
743 289 916 332 apostolica
937 300 995 323 au-

258 341 404 375 ctoritate
423 348 592 382 statuatur,
615 348 651 375 ut
670 342 835 383 officiales,
860 342 1018 399 proviso-J³

257 406 327 435 res,
352 401 383 428 et
408 395 519 429 vicarii
549 396 716 438 generales
737 406 848 429 eorum
870 397 1018 444 (τρίπο-ἱ

257 459 398 492 porum,
428 449 475 482 vel
505 449 848 493 archiepiscoporum,
882 449 999 493 aliique

258 502 633 549 iudices-ecclesiastici,
662 512 742 545 quos
771 502 802 534 in
827 501 1000 545 spirituali-

257 555 316 588 bus
341 556 386 589 eis
410 554 542 599 praefici
566 565 625 599 pro
653 561 795 599 tempore
817 555 996 598 contigerit,

257 608 289 640 in
307 608 405 641 sacris
421 607 590 641 ordinibus
604 607 744 641 costituti
763 619 830 641 esse
849 608 995 642 debeant:
1017 623 1018 626 ¹

257 672 294 694 ac
314 667 487 705 propterea
506 660 600 694 nobis
625 660 791 694 humiliter
812 662 907 694 suerit
926 673 1000 706 sup-

257 713 431 757 plicatum,
467 720 501 747 ut
532 713 564 746 in
602 713 786 757 praemissis
818 721 999 758 opportune

256 767 427 811 providere
456 767 495 800 de
523 766 720 809 benignitate
748 768 925 811 apostolica
954 768 1018 801 ‹li—¹

256 830 451 863 gnaremur:
486 830 567 860 nos,
596 819 687 853 iustis
723 831 759 853 ae
784 821 1018 854 laudabilibus*

257 872 516 916 congregationis
534 872 720 907 huiusmodi
740 873 950 917 petitionibus
968 873 998 906 in

256 926 443 970 praemissis
473 926 613 970 benigne
648 937 790 960 annuere
826 937 862 960 ac
898 926 998 971 ipsam

257 980 542 1023 congregationem
572 980 767 1024 specialibus
788 980 949 1013 favoribus
970 986 1000 1013 et

257 1033 366 1076 gratiis
397 1034 550 1078 prosequi
571 1034 729 1075 volentes,
754 1045 791 1067 ac
822 1034 1019 1099 singulares,

257 1087 343 1121 illius
362 1098 517 1131 personas
531 1098 548 1120 a
563 1087 728 1131 quibusvis
742 1088 1000 1121 excommunica-
1017 1102 1018 1105 ¹

259 1141 364 1182 tionis,
385 1141 603 1185 suspensionis
622 1147 652 1174 et
670 1141 843 1181 interdicti,
865 1142 1000 1186 aliisque

257 1194 482 1228 ecclesiasticis
503 1195 686 1235 sententiis,
711 1196 853 1228 censuris
875 1202 903 1229 et
921 1207 999 1239 poc·
1017 1211 1019 1215 ·

256 1249 316 1290 nis,
342 1260 359 1282 a
384 1249 452 1282 iure
478 1249 524 1282 rel
550 1249 589 1281 ab
610 1249 753 1289 homine,
778 1249 888 1292 quavis
910 1260 1000 1282 occa-

257 1303 347 1337 sione
369 1303 416 1336 x‘el
442 1313 537 1336 causa
557 1304 648 1345 latis,
673 1304 697 1337 si
720 1304 836 1347 quibus
857 1315 996 1347 quomo-

257 1358 381 1392 dolibet
405 1358 579 1391 innodatae
604 1358 761 1399 existunt,
786 1359 825 1392 ad
851 1359 997 1392 effectum

258 1413 475 1457 praesentium
509 1413 674 1446 dumtaxat
710 1413 996 1457 consequendum,

257 1463 490 1500 harum-serie
522 1467 743 1507 absolventes,
777 1473 806 1500 et
839 1467 1000 1500 absolutas

257 1522 324 1554 sore
349 1526 526 1561 censentes,
547 1520 733 1554 huiusmodi
758 1521 1000 1565 supplicationi-

257 1575 316 1607 bus
345 1573 511 1613 inclinati‚
536 1573 658 1606 dictu-m
685 1573 850 1607 decretum
873 1576 998 1608 concilii

255 1626 398 1661 Toletani
431 1626 669 1671 approbantes,
694 1638 729 1660 ex
756 1632 828 1661 voto
854 1629 996 1661 nonnul·
1017 1628 1019 1635 ⁴

257 1682 362 1715 lorum
381 1681 410 1714 S.
434 1681 470 1714 R.
492 1681 525 1714 E.
550 1680 775 1722 cardinalium,
804 1681 921 1725 quibus
939 1682 1000 1715 hoc

256 1735 427 1778 negocium
457 1734 706 1768 examinandum
740 1740 771 1768 et
799 1735 891 1769 nobis
917 1736 999 1769 rese-

256 1789 394 1823 rendum
420 1788 661 1829 commisimus,
689 1788 804 1822 harum
829 1789 911 1823 serie
929 1800 1000 1834 per-

256 1848 355 1887 petuo
375 1841 546 1876 statuimus
567 1847 598 1875 et
618 1841 816 1883 ordinamus,
839 1849 871 1876 ut
891 1844 999 1877 nullus
1017 1852 1018 1873 t

255 1896 390 1942 posthac
408 1895 440 1929 in
457 1901 649 1940 perpetuum
671 1896 828 1937 officialis,
852 1907 908 1930 seu
926 1908 1000 1941 pro-
1017 1908 1018 1914 ¹

256 1950 378 1991 visoris,
402 1950 450 1982 vel
476 1949 585 1982 vicarii
611 1949 781 1992 generalis,
808 1961 865 1984 seu
886 1951 1018 1985 iudicis

257 2004 415 2039 ordinarii
441 2003 577 2037 alicuius
596 2002 844 2047 archiepiscopi,
869 2005 916 2037 vel
935 2005 997 2049 epi-

256 2059 366 2103 scopi,
387 2063 441 2093 aut
465 2058 596 2091 alterius
621 2067 778 2102 personae
803 2057 998 2092 iurisdietio-

257 2123 331 2147 nem
358 2113 608 2147 ecclesiasticam
639 2111 812 2145 obtinentis
845 2112 876 2145 in
908 2112 999 2146 dictis

258 2166 365 2210 regnis
396 2165 549 2200 Castellae
578 2170 610 2199 et
633 2165 782 2208 Legionis
811 2166 999 2199 muneribus

257 2220 358 2263 fungi,
386 2220 501 2253 autad
526 2230 563 2253 ea
588 2229 723 2252 munera
744 2219 817 2261 eligi
843 2225 873 2253 et
898 2220 998 2264 depu-

259 2273 318 2307 tari
342 2273 454 2318 possit,
483 2273 537 2316 qui
559 2272 591 2306 in
616 2273 725 2316 aliquo
751 2273 863 2306 saltem
890 2283 928 2306 ex
947 2284 999 2307 or-

258 2327 388 2362 dinibus
412 2326 511 2361 sacris
531 2338 596 2360 non
614 2327 712 2360 suerit
732 2327 1000 2369 constitutus3·ac

257 2386 430 2426 propterea
457 2381 692 2414 venerabilibus
718 2381 869 2415 fratribus
889 2382 996 2415 arehi-

258 2434 416 2479 episcopis
434 2440 464 2468 et
481 2434 652 2478 episcopis,
674 2440 703 2468 et
725 2434 794 2468 aliis
812 2434 1001 2469 iurisdictio-

258 2497 332 2522 nem
352 2487 598 2522 ecclesiasticam
618 2487 838 2522 obtinentibus
856 2489 886 2522 in
909 2489 1000 2523 dictis

259 2542 365 2585 regnis
379 2542 531 2577 Castellae
545 2548 576 2576 et
592 2542 740 2586 Legionis
754 2542 896 2577 districte
910 2554 1000 2588 prae-

260 2595 409 2640 cipiendo
428 2597 618 2630 mandamus
630 2624 637 2637 ‚
661 2607 701 2630 ne
719 2597 869 2641 deinceps
887 2607 999 2641 quem-

260 2648 346 2692 piam
373 2648 403 2681 in
425 2649 533 2693 aliquo
554 2649 667 2683 saltem
692 2661 728 2683 ex
753 2650 851 2684 sacris
876 2650 999 2684 ordini-

322 2709 401 2737 Bull.
422 2710 505 2738 Rom.
521 2725 555 2730 ——
574 2712 633 2738 Vol.
654 2711 702 2739 XI.
884 2712 915 2738 74

1033 290 1092 322 bus
1112 300 1177 322 non
1196 289 1406 322 constitutum
1422 289 1453 321 in
1468 300 1579 322 eorum
1595 288 1777 331 officialem,

1034 342 1244 386 provisorem,
1266 348 1319 374 aut
1338 341 1488 375 ricarium
1505 342 1701 384 generalem,
1722 353 1778 376 seu

1035 395 1174 428 iudicem
1207 395 1407 428 ordinarium
1439 396 1610 444 deputent,
1638 396 1775 438 eligant,

1034 453 1219 488 assumant,
1251 447 1443 487 admittant,
1468 449 1513 481 rel
1541 448 1719 485 retineant:
1748 455 1777 482 et

1034 501 1244 535 nihilominus
1277 512 1389 535 omnes
1423 508 1453 535 et
1477 502 1619 545 singulas
1643 503 1777 547 deputa-

1037 556 1148 595 tiones‚
1178 555 1362 596 electiones,
1387 556 1634 599 assumptiones,
1659 556 1777 590 admis-

1034 607 1157 648 siones,
1181 619 1217 641 ac
1246 608 1502 652 dispensationes
1527 610 1566 642 ad
1592 609 1778 644 huiusmodi

1036 672 1169 694 munera
1186 667 1238 694 aut
1257 661 1387 704 aliquod
1406 661 1536 695 illorum
1556 662 1594 696 de
1613 662 1778 706 quibusvis

1034 714 1181 758 personis
1201 714 1232 747 in
1255 714 1363 757 aliquo
1381 725 1473 748 sacro
1489 715 1601 748 ordine
1621 725 1686 749 non
1707 726 1779 750 con-

1034 767 1150 800 stitutis
1170 767 1445 811 quandocumque
1466 773 1495 800 et
1518 778 1576 811 per
1603 778 1777 812 quoscum-

1035 831 1097 864 que
1117 820 1288 861 faeiendas,
1312 820 1416 853 nullas
1437 827 1467 854 et
1485 821 1639 855 invalidas
1658 834 1694 856 ac
1711 823 1778 856 nul-

1036 874 1095 907 lius
1120 874 1245 908 roboris
1278 880 1309 908 et
1339 875 1494 908 momenti
1524 875 1591 909 fore
1623 882 1653 909 et
1685 887 1774 917 esse;

1035 928 1143 972 sicque
1168 938 1226 971 per
1252 938 1473 972 quoscumque
1497 928 1618 962 iudices
1648 929 1778 962 ordina-

1017 999 1018 1015 t
1036 980 1099 1013 rios
1113 986 1144 1013 et
1165 980 1338 1023 delegatos,
1363 980 1459 1014 etiam
1478 992 1646 1014 causarum
1664 981 1776 1015 Palatii

1034 1033 1210 1077 Apostolici
1239 1034 1423 1075 auditores,
1448 1045 1485 1068 ac
1505 1035 1535 1068 S.
1560 1036 1595 1068 R.
1620 1035 1652 1068 E.
1674 1036 1777 1069 cardi-

1035 1087 1133 1127 nales,
1158 1086 1253 1120 etiam
1269 1088 1307 1120 de
1325 1087 1423 1120 latere
1449 1088 1569 1130 legatos
1588 1094 1617 1121 et
1641 1088 1776 1122 nuncios

1035 1140 1172 1183 (sublata
1190 1139 1234 1172 eis
1251 1145 1283 1173 et
1301 1150 1411 1173 eorum
1439 1140 1569 1174 cuilibet
1589 1141 1698 1185 quavis
1720 1141 1777 1174 ali-

1037 1198 1083 1226 ter
1110 1193 1272 1226 iudicandi
1301 1199 1332 1226 et
1363 1193 1595 1238 interpretandi
1627 1195 1776 1228 facultate

1035 1252 1065 1280 et
1079 1247 1296 1291 auctoritate),
1314 1247 1450 1281 iudicari
1465 1253 1495 1281 et
1507 1248 1633 1281 definiri
1647 1249 1776 1291 debere,

1035 1312 1071 1335 ac
1089 1301 1215 1335 irritum
1232 1308 1260 1334 et
1278 1303 1384 1344 inane,
1401 1302 1558 1348 quidquid
1572 1314 1663 1338 secus
1679 1314 1777 1348 super

1035 1359 1083 1391 his
1104 1369 1121 1391 a
1142 1368 1305 1402 quoquam
1325 1359 1434 1402 quavis
1452 1359 1654 1401 auctoritate,
1678 1360 1777 1394 scien-

1037 1418 1082 1445 ter
1107 1413 1153 1445 rel
1175 1412 1379 1455 ignoranter,
1409 1413 1580 1456 contigerit
1605 1414 1772 1455 attentari,

1035 1466 1250 1499 decernimus.
1274 1467 1429 1506 Quocirca
1455 1467 1578 1501 dilectis
1604 1467 1678 1501 siliis
1699 1479 1775 1502 cau-

1034 1530 1142 1553 sarum
1162 1520 1269 1553 curiae
1288 1520 1440 1554 Gamerae
1464 1521 1665 1565 Apostolicae
1681 1533 1777 1565 gene-

1035 1574 1092 1606 rali
1121 1574 1283 1615 auditori,
1313 1581 1344 1608 et
1372 1581 1481 1609 nostro
1515 1582 1545 1609 et
1574 1576 1777 1620 Apostolicae

1034 1628 1123 1661 Sedis
1137 1628 1167 1660 in
1183 1629 1289 1671 regnis
1303 1629 1529 1673 Hispaniarum
1548 1630 1677 1672 nuncio,
1691 1641 1778 1664 nunc

1035 1687 1065 1715 et
1090 1692 1150 1726 pro
1180 1688 1324 1727 tempore
1351 1683 1568 1724 existentibuS,
1596 1695 1654 1728 per
1678 1695 1774 1728 prae--

1034 1742 1140 1769 sentes
1161 1736 1392 1770 committimus
1419 1743 1448 1771 et
1467 1738 1668 1779 mandamus,
1697 1749 1777 1783 qua-

1036 1795 1126 1823 tenus
1151 1789 1223 1834 ipsi,
1251 1791 1299 1823 vel
1325 1791 1406 1824 alter
1431 1802 1564 1832 eorum,
1592 1799 1778 1836 praesentes

1035 1843 1155 1876 litteras
1176 1849 1206 1877 et
1231 1844 1263 1877 in
1291 1844 1336 1878 eis
1357 1851 1506 1879 contenta
1532 1857 1774 1890 quaecumque,

1035 1897 1088 1930 ubi
1106 1904 1136 1931 et
1154 1898 1283 1941 quando
1302 1908 1382 1942 opus
1401 1899 1506 1940 fuerit,
1520 1906 1551 1933 et
1571 1899 1698 1943 quoties
1718 1911 1777 1944 pro

1034 1957 1124 1995 parte
1143 1952 1245 1985 dictae
1262 1952 1526 1995 Congregationis
1547 1958 1601 1986 aut
1624 1953 1778 1988 interesse

1034 2004 1223 2038 habentium
1248 2005 1365 2038 suerint
1388 2006 1545 2050 requisiti,
1574 2018 1632 2051 per
1656 2018 1700 2048 se,
1729 2008 1777 2042 vel

1034 2058 1126 2099 alios,
1152 2059 1342 2093 solemniter
1367 2059 1586 2104 publicantes,
1611 2061 1720 2105 eisque
1745 2062 1777 2095 in

1034 2113 1219 2156 praemissis
1252 2113 1392 2147 efficacis
1427 2114 1622 2148 defensionis
1658 2115 1778 2159 praesi-

1034 2165 1087 2199 dio
1112 2166 1307 2208 assistentes,
1328 2167 1443 2201 saciant
1458 2169 1649 2202 auctoritate
1669 2171 1777 2202 nostra

1034 2219 1210 2263 praemissa
1230 2231 1287 2264 per
1308 2230 1373 2261 eos,
1391 2222 1430 2254 ad
1452 2232 1532 2266 quos
1556 2227 1677 2266 spectat
1695 2228 1725 2255 et
1745 2222 1777 2256 in

1036 2273 1177 2307 futurum
1195 2274 1362 2318 spectabit,
1384 2274 1534 2308 inviolate
1555 2281 1710 2319 perpetuo
1725 2276 1777 2309 ob-

1034 2328 1169 2368 servari;
1199 2328 1450 2362 contradictores
1476 2339 1700 2373 quoscumque
1720 2341 1778 2374 per

1035 2392 1184 2417 censuras
1203 2389 1232 2416 et
1252 2393 1372 2427 poenas
1391 2384 1632 2424 ecclesiasticas,
1650 2383 1777 2429 aliaque

1035 2442 1216 2480 opportuna
1234 2437 1310 2471 iuris
1331 2443 1359 2471 et
1387 2437 1459 2470 sacti
1482 2437 1636 2475 remedia,
1660 2438 1774 2481 appel-

1035 2491 1153 2524 latione
1171 2491 1346 2535 posposita,
1364 2491 1611 2534 compescendo.
1633 2491 1701 2524 Non
1720 2491 1777 2524 ob-

1034 2544 1191 2577 stantibus
1223 2545 1321 2577 t'elicis
1354 2544 1586 2577 reeordationis
1622 2544 1776 2578 Bonifacii

1034 2597 1138 2641 Papae
1158 2597 1222 2631 'vtlt
1248 2597 1505 2641 praedecessoris
1523 2597 1622 2630 nostri
1642 2598 1680 2630 de
1697 2601 1772 2638 una,

1035 2656 1065 2684 et
1087 2651 1116 2684 in
1144 2651 1281 2685 concilio
1311 2650 1453 2693 generali
1476 2650 1560 2684 edita
1587 2651 1625 2684 de
1650 2651 1775 2686 duabus

1683 230 1747 264 585
1794 242 1842 267 An.
1859 242 1886 268 c.
1911 242 1977 269 1G09
