2227 3241
302 306 393 333 An.C.
420 307 486 334 1604
535 299 596 331 15⁶2

498 356 538 389 ab
560 358 595 389 ea
616 362 789 399 exemptas,
813 366 871 389 nec
889 356 992 390 dictae
1010 357 1081 390 Sedi
1103 358 1237 402 Aposto-

498 409 578 442 licae
603 408 804 449 immediate,
833 419 938 452 neque
959 409 1014 442 ulli
1035 410 1147 451 alteri,
1175 411 1234 444 nisi

499 467 620 495 tanturn
652 461 885 495 Ravennatensi
915 462 1068 496 ecclcsiae
1097 468 1126 497 et
1153 464 1236 498 illius

497 514 740 558 archiepiscopo
768 515 960 558 praedictis,
994 517 1100 560 quoad
1126 517 1232 550 archi-

497 567 704 611 episcopalia,
722 568 956 612 metropolitica
972 579 1008 602 ac
1027 570 1236 613 provincialia

498 620 568 654 iura
588 625 619 653 et
648 620 885 655 iurisdictiones
899 649 906 663 ,
936 622 1095 656 subiectas
1115 634 1181 657 esse
1206 630 1236 658 ct

335 690 482 718 ippum-sque
498 674 581 707 sore:
605 680 789 718 praesentes
803 686 942 720 quoque,
959 682 989 710 et
1003 677 1141 721 desuper
1160 687 1234 711 con-

297 716 483 771 ssifiss‘ssissffiifiiiiss
498 727 651 761 ficiendas
671 728 791 762 litteras
812 730 900 763 nullo
915 740 1058 774 unquam
1073 736 1231 775 tempore,

297 769 482 816 :impu-meni·
498 791 534 813 ex
555 791 593 814 eo
614 781 701 825 quod
728 781 886 815 dictarum
908 783 1115 817 ecclesiarum
1140 794 1234 828 prae-

495 833 580 866 sules
600 839 629 867 et
651 834 801 878 capitula,
831 836 878 869 vel
903 836 1100 880 quicumque
1124 837 1178 869 alii
1202 837 1233 870 in

494 887 680 930 praemissis
712 888 865 922 interesse
897 890 1142 934 quomodolibet
1171 890 1230 923 ha-

494 940 617 981 bentes,
638 940 759 974 eisdem
776 942 960 985 praemissis
980 953 1043 977 non
1065 954 1233 977 consense-

493 992 568 1033 rint,
585 1003 644 1026 nec
662 993 701 1027 ad
716 993 745 1026 id
762 994 863 1028 vocati
883 1000 938 1028 aut
958 995 1113 1040 requisiti,
1128 1007 1233 1040 neque

493 1046 601 1080 forsan
615 1057 727 1080 omnes
741 1057 867 1088 causae,
881 1054 1015 1093 propter
1028 1060 1106 1093 quas
1121 1050 1230 1083 eadem

493 1099 669 1143 praemissa
682 1101 873 1143 emanarint,
888 1101 919 1134 in
934 1102 1127 1136 consistorio
1140 1113 1232 1146 prae-

493 1152 579 1186 dicto
601 1154 646 1187 vel
666 1154 742 1187 alibi
760 1155 892 1198 (vocatis
913 1155 1075 1197 vocandis,
1095 1156 1232 1200 praeviis

493 1205 608 1240 debitis
621 1208 822 1249 tractatibus,
838 1219 874 1242 ac
887 1208 1019 1242 servatis
1033 1214 1064 1242 et
1081 1209 1232 1242 adhibitis

491 1260 760 1302 solemnitatibus,
785 1267 815 1295 et
836 1262 905 1295 aliis
933 1263 972 1296 de
992 1263 1078 1304 iure,
1099 1273 1232 1297 consue-

494 1315 614 1356 tudine,
645 1316 693 1349 vel
720 1316 805 1349 iuxta
826 1317 1070 1350 constitutiones
1093 1322 1123 1350 et
1144 1317 1230 1351 ordi-

491 1370 638 1404 nationes
659 1371 861 1415 apostolicas‚
886 1375 942 1404 aut
970 1371 1179 1404 ecclesiarum
1202 1378 1232 1404 et

491 1425 731 1469 provinciarum
754 1425 938 1459 huiusmodi
963 1431 1081 1459 statuta
1096 1453 1103 1467 ‚
1131 1425 1230 1470 privi-

492 1479 573 1521 legia
588 1485 618 1512 ct
632 1479 766 1521 indulta,
783 1479 878 1513 etiam
895 1479 1140 1514 confirmatione
1155 1491 1231 1525 apo-

490 1533 613 1573 stolica,
630 1533 678 1566 vel
697 1533 758 1566 alia
776 1533 887 1577 quavis
902 1533 1052 1568 firmitate
1066 1534 1231 1576 roborata,

490 1592 545 1620 aut
572 1586 649 1620 alias
670 1587 916 1631 quomodolibet
944 1587 1118 1631 requisitis,
1143 1593 1174 1621 et
1198 1588 1229 1621 in

492 1640 651 1674 similibus
668 1641 869 1683 necessariis)
891 1641 1100 1682 examinatae,
1124 1641 1229 1675 verifi-

491 1700 579 1728 catae
601 1700 631 1728 et
661 1695 858 1739 approbatae
884 1695 1022 1736 suerint,
1053 1706 1109 1729 scu
1134 1696 1228 1729 etiam

490 1749 633 1782 enormis
650 1748 696 1781 vel
719 1748 974 1789 enormissimae,
996 1754 1027 1782 et
1046 1749 1150 1782 totalis
1167 1749 1230 1783 lae-

490 1801 600 1843 sionis,
629 1803 685 1835 aut
708 1801 771 1834 alio
797 1802 908 1845 quovis
939 1807 1085 1846 pretextu
1101 1830 1108 1844 ,
1140 1808 1170 1836 et
1194 1814 1228 1837 ex

489 1866 696 1900 quocumque
717 1855 835 1899 capite,
867 1866 904 1888 ac
933 1856 1042 1899 quavis
1063 1858 1157 1890 causa
1182 1858 1229 1891 vel

490 1908 672 1950 occasione,
704 1914 1004 1953 quantumcumque
1035 1909 1168 1943 notabili
1200 1916 1229 1944 et

489 1962 643 2003 juridica,
674 1962 768 1996 etiarn
796 1962 976 1996 necessario
1002 1963 1228 2007 exprimenda,

490 2017 529 2050 de
553 2015 770 2060 subreptionis
789 2016 835 2049 vel
853 2016 1063 2060 obreptionis,
1087 2022 1141 2049 aut
1159 2017 1229 2050 nul-

489 2070 587 2103 litatis
611 2069 699 2110 vitio,
727 2079 783 2102 seu
804 2069 989 2103 intentionis
1014 2075 1153 2111 nostrae,
1182 2072 1227 2104 vel

489 2124 552 2157 alio
573 2123 726 2168 quopiam
752 2123 876 2156 defectu
898 2123 1014 2164 notari,
1032 2123 1225 2167 impugnari,

488 2177 520 2210 in
543 2182 609 2210 toto
630 2177 678 2210 vel
699 2176 731 2209 in
755 2182 845 2220 parte
874 2177 1024 2218 rescindi,
1048 2178 1226 2218 retractari,

488 2229 660 2269 annullari,
678 2229 710 2262 in
732 2229 780 2263 ius
799 2230 845 2262 vel
867 2230 1117 2264 controversiam
1140 2241 1230 2264 revo-

488 2284 564 2325 cari,
577 2283 617 2317 ad
637 2282 791 2317 terminos
810 2282 887 2316 iuris
903 2283 1024 2324 reduci,
1044 2294 1099 2317 sen
1118 2284 1230 2318 adver-

487 2348 540 2371 sus
561 2337 615 2370 illa
636 2337 867 2380 quodcumque
886 2336 973 2378 iuris⁷
995 2336 1066 2370 sacti
1088 2338 1135 2370 vel
1157 2347 1229 2380 gra-

487 2390 549 2424 tiae
562 2390 743 2424 remedium
757 2389 923 2433 impetrari
936 2400 1041 2433 posse;
1059 2390 1230 2435 minusque

486 2444 544 2478 sub
573 2444 739 2488 quibusvis
766 2443 921 2477 similium
948 2444 995 2477 vel
1024 2444 1228 2478 dissimilium

486 2497 663 2541 gratiarum
685 2503 716 2531 et
733 2497 978 2531 concessionum
1008 2498 1224 2532 revocationi-

487 2552 558 2592 bus,
579 2551 857 2595 suspensionibus,
878 2550 1136 2592 limitationibus‚
1161 2562 1230 2585 mo-

487 2604 739 2645 dificationibus,
753 2604 1018 2646 derogationibus
1031 2610 1058 2637 et
1074 2604 1144 2638 aliis
1158 2615 1230 2638 con-

490 2657 596 2691 trariis
616 2656 892 2701 dispositionibus,
921 2667 938 2690 a
964 2657 1058 2691 nobis
1078 2668 1133 2691 seu
1156 2658 1228 2702 qui-

489 2709 597 2744 busvis
615 2710 684 2744 aliis
704 2711 857 2745 Romanis
877 2710 1088 2745 Pontificibus
1104 2721 1229 2745 succes-

1072 309 1252 334 ItULLARlUM
1278 310 1429 335 ROMANUM

1269 358 1397 393 soribus
1419 358 1547 399 nostris,
1575 369 1612 392 ac
1633 358 1717 392 dicta
1742 358 1834 401 Sede,
1861 364 1891 393 et
1911 359 2007 393 etiam

1271 419 1371 454 motu,
1395 412 1526 447 scientia
1555 418 1586 446 et
1614 412 1780 457 potestatis
1807 413 2008 457 plenitudine

1269 466 1440 508 similibus,
1458 477 1494 500 ac
1508 466 1774 501 consistorialiter
1787 477 1846 512 pro
1864 473 2008 512 tempore

1270 519 1437 560 emanatis,
1457 520 1640 553 nullatenus
1669 520 1922 564 comprehendi,
1949 531 2009 555 nec

1270 572 1518 616 comprehensas
1550 572 1694 614 censeri3
1730 573 1785 607 sed
1811 583 1939 618 semper
1968 573 2008 607 ab

1269 625 1331 658 illis
1345 632 1501 670 exceptas,
1519 632 1549 659 et
1570 626 1696 670 quoties
1711 626 1783 660 illae
1801 627 2009 669 emanahunt,

1269 679 1362 712 toties
1389 679 1421 711 in
1446 678 1619 723 pristinum
1648 689 1684 712 ac
1712 679 1946 713 validissimum
1975 685 2007 714 et

1269 741 1354 773 eum,
1371 731 1402 764 in
1418 730 1497 775 quo¹
1515 737 1687 775 antequam
1702 737 1889 766 emanarent
1902 737 2005 775 erant,

1268 790 1384 818 statum
1398 812 1406 826 ‚
1427 785 1457 818 in
1480 786 1630 819 omnibus
1651 791 1681 820 et
1700 787 1807 831 quoad
1826 786 1937 820 omnia
1955 797 2007 821 re-

1267 837 1403 878 stitutas,
1431 839 1587 883 repositas
1608 845 1638 873 et
1665 839 1810 884 plenarie
1830 840 2008 883 reintegra-

1269 897 1325 933 tas,
1342 902 1378 925 ac
1393 891 1489 925 etiam
1507 891 1566 925 sub
1585 903 1791 937 quacumque
1809 893 1893 934 data,
1910 893 2007 927 etiam

1267 945 1436 989 posteriori
1461 956 1520 990 per
1537 956 1760 991 quoscumque
1780 947 1936 980 interesse
1951 946 2008 980 ha-

1268 999 1378 1032 bentes
1390 1009 1450 1043 pro
1465 1005 1607 1044 tempore
1619 1000 1776 1043 eligenda,
1786 1001 1825 1034 de
1836 1010 1920 1034 novo
1932 1010 2008 1034 con-

1267 1062 1380 1093 cessas,
1397 1063 1433 1085 ae
1447 1059 1559 1086 contra
1573 1057 1604 1086 et
1619 1053 1771 1087 adversus
1784 1063 2006 1098 quascumque

1266 1104 1479 1148 exceptiones,
1504 1105 1598 1139 etiam
1624 1107 1829 1150 quantumvis
1858 1106 1957 1140 iustas
1977 1111 2008 1140 et

1266 1157 1428 1200 iuridicas,
1441 1169 1476 1192 ac
1490 1159 1678 1203 quorumvis
1692 1159 1965 1204 impugnationes,
1981 1159 2006 1194 si

1266 1221 1345 1255 quas
1357 1221 1416 1255 pro
1431 1216 1576 1256 tempore
1590 1211 1660 1245 sieri
1674 1212 1856 1255 contigerit,
1873 1211 2007 1246 omnino

1266 1269 1296 1296 et
1316 1274 1443 1308 semper
1462 1264 1583 1298 validas
1604 1271 1635 1298 et
1662 1265 1808 1299 efficaces
1833 1275 1913 1307 esse,
1937 1265 2006 1299 sore

1266 1322 1297 1350 et
1315 1317 1449 1358 censeri,
1473 1328 1613 1361 suosque
1629 1318 1792 1362 plenarios
1816 1323 1847 1352 et
1865 1318 2006 1361 integros

1266 1370 1397 1404 effectus
1410 1371 1529 1412 sortiri,
1547 1377 1577 1404 et
1593 1371 1739 1415 partibus
1756 1371 1832 1416 ipsis
1849 1377 2006 1416 perpetuo

1265 1424 1434 1467 suffragari
1453 1424 1485 1457 in
1503 1425 1653 1459 omnibus
1667 1430 1698 1458 et
1713 1436 1772 1469 per
1789 1425 1909 1467 omnia,
1925 1436 2003 1470 per-

1265 1479 1339 1512 inde
1359 1489 1396 1513 ae
1425 1478 1449 1512 si
1476 1478 1595 1513 vocatis
1620 1479 1771 1513 omnibus
1799 1485 1831 1513 et
1857 1479 2002 1523 singulis,

1265 1543 1402 1577 quorum
1418 1533 1583 1575 intererat,
1594 1539 1625 1567 et
1639 1534 1677 1567 de
1691 1533 1821 1567 illorum
1836 1543 2006 1576 consensu,

1263 1597 1389 1620 necnon
1408 1586 1523 1620 debitis
1543 1587 1729 1621 tractatibus
1749 1593 1780 1621 et
1796 1587 2006 1622 solemnitati—

1263 1640 1334 1681 bus,
1362 1640 1560 1684 caeterisque
1588 1641 1629 1674 ad
1657 1641 1689 1674 id
1718 1641 1882 1685 requisitis
1910 1642 2006 1686 plene

1263 1693 1395 1727 servatis
1426 1699 1457 1727 et
1485 1693 1637 1727 adhibitis
1658 1701 1872 1736 emanassent3
1900 1705 2006 1739 neque

1264 1748 1407 1792 ipsarum
1421 1747 1628 1781 ecclesiarum
1644 1747 1894 1781 Ravennatensis
1908 1753 1939 1782 et
1950 1749 2007 1783 Bo-

1264 1801 1429 1835 noniensis
1448 1801 1613 1845 praesules
1630 1811 1690 1845 pro
1706 1807 1852 1845 tempore
1869 1801 2005 1835 existen-

1264 1860 1320 1896 tes,
1336 1854 1384 1887 vel
1398 1854 1477 1888 alios
1491 1864 1723 1898 quoscumque,
1738 1854 1777 1887 ad
1794 1854 1941 1898 superius
1954 1865 2006 1888 ex-

1264 1919 1372 1952 pressa
1392 1908 1424 1941 in
1444 1912 1512 1941 toto
1532 1908 1580 1941 vel
1606 1907 1637 1940 in
1658 1912 1751 1952 parte
1770 1907 2004 1942 verificandum

1263 1973 1319 1995 seu
1350 1961 1555 2006 probandum
1577 1961 1667 1994 nullo
1693 1971 1836 2005 unquam
1859 1966 2005 2005 tempore

1266 2015 1377 2056 teneri,
1406 2026 1464 2049 nec
1485 2015 1524 2048 ad
1545 2015 1576 2048 id
1598 2015 1708 2059 quavis
1728 2015 1917 2049 necessitate
1934 2015 2004 2059 cogi

1263 2075 1318 2103 aut
1335 2069 1484 2113 compelli
1498 2079 1609 2113 posse,
1623 2069 1678 2102 sed
1693 2069 1795 2102 solam
1810 2069 2004 2103 narrativam

1263 2122 1473 2167 praedictam,
1497 2122 1618 2166 absque
1640 2122 1700 2156 alia
1718 2122 1940 2156 verificatione
1958 2123 2004 2157 vel

1263 2176 1455 2220 probatione
1474 2175 1640 2217 sufficere3
1664 2176 1758 2220 eique
1777 2176 1808 2209 in
1829 2175 1950 2210 iudicio
1974 2182 2005 2211 et

1264 2234 1352 2262 extra
1372 2228 1451 2262 illud
1471 2228 1560 2271 stari,
1584 2239 1643 2263 nec
1668 2229 1810 2274 aliquam
1831 2229 2001 2274 probatio-

1264 2293 1337 2317 nem
1358 2293 1415 2316 seu
1435 2282 1668 2327 exceptionem,
1690 2283 1923 2327 cuiuscumque
1940 2294 2000 2317 na-

1265 2342 1355 2370 turae
1375 2342 1406 2370 et
1425 2336 1543 2381 speciei
1557 2336 1612 2370 illa
1624 2336 1665 2370 sit
1682 2337 1730 2370 vel
1749 2337 1856 2378 suerit,
1879 2337 1910 2370 in
1926 2347 2004 2371 con-

1265 2391 1398 2424 trarium
1428 2390 1545 2424 adduci
1576 2391 1625 2424 vel
1657 2390 1799 2431 admitti,
1822 2390 1950 2435 sicque,
1974 2397 2005 2425 et.

1263 2455 1328 2478 non
1349 2444 1452 2485 aliter,
1468 2454 1526 2488 per
1539 2454 1762 2488 quoscumque
1779 2443 1901 2478 iudices
1918 2444 2005 2478 ordi-

1264 2497 1372 2531 narios
1386 2503 1416 2531 et
1430 2497 1604 2540 delegatos,
1618 2496 1714 2530 etiarn
1738 2507 1907 2530 causarum
1927 2497 2003 2531 dicti

1264 2550 1374 2584 Palatii
1395 2550 1558 2585 auditores
1573 2577 1581 2591 ,
1605 2560 1641 2584 ac
1664 2550 1849 2594 praedictos
1869 2556 1901 2584 et
1925 2550 2004 2584 alios

1300 2676 1310 2702 t
1333 2674 1406 2702 ttaec
1425 2674 1512 2702 verba
1531 2675 1562 2703 in
1577 2682 1643 2710 quo,
1660 2682 1729 2710 quae
1745 2673 1788 2701 hic
1809 2674 1932 2710 deerant,
1953 2682 2004 2703 nos

1263 2719 1412 2748 adiecimus
1425 2720 1463 2754 (a.
1485 2718 1535 2754 τ.>.

2023 309 2071 339 An.
2088 311 2116 339 C.
2137 310 2202 341 160⁴
