2227 3241
485 285 550 319 694
1032 295 1206 320 aruinum
1231 296 1380 319 aomm‘m

441 348 591 392 Stephani
617 347 674 391 (S.)
700 350 851 392 equester
885 345 989 389 Ordo,
1016 348 1077 381 504
1103 359 1131 381 α.
1156 347 1307 383 Militibus
1343 357 1529 383 concessum
1566 348 1769 393 privilegium
1804 349 1969 385 obtinendi

530 402 701 445 pensiones
733 400 985 443 ecclesiasticas,
1011 409 1130 445 easque
1156 401 1365 435 transferendi
1391 411 1492 447 usque
1517 402 1556 436 ad
1581 412 1736 437 summam
1760 403 1968 438 ducentorum

528 455 733 496 ducatorum,
759 453 835 486 ibid.
862 453 965 499 Atque
991 456 1087 488 etiam
1113 465 1215 500 usque
1239 456 1279 490 ad
1310 465 1465 489 summam
1497 456 1802 501 quadringentorum
1834 456 1966 491 ducato-

527 517 613 548 rum,
640 507 702 540 506
720 517 750 539 α.
767 506 881 540 Milites
906 508 1004 550 ipsius
1025 511 1171 542 tenentur
1195 506 1374 543 subsidium
1400 519 1457 553 pro
1482 512 1632 554 expensis
1656 519 1810 556 aggerum
1833 512 1970 546 civitatis

528 560 674 595 Lucanae
698 560 841 602 solvere,
867 561 927 594 531
956 560 972 593 b
997 565 1025 594 et
1048 572 1109 605 seq.

438 614 616 657 Stephanus
641 614 680 648 de
706 613 884 648 Claramont
908 613 1067 648 baiulivus
1092 614 1202 659 Caspis
1228 615 1370 650 redditus
1395 617 1562 651 nonnullos
1581 617 1677 652 donat
1697 617 1844 662 hospitali
1864 618 1971 652 Sancti

526 667 653 702 loannis
685 667 965 702 Hierosolxmitani
998 678 1054 711 pro
1085 671 1261 703 triremium
1286 672 1537 713 constructione,
1564 670 1626 704 406
1651 682 1671 704 α
1695 675 1806 716 etseq.
1839 672 1972 715 Aposto-

527 721 588 755 lica
613 723 799 756 auctoritate
823 722 1030 755 confirmatur
1055 721 1198 764 donatio,
1226 723 1287 756 420
1313 723 1328 755 b
1353 727 1381 756 e!
1405 733 1466 767 seq.

437 774 616 819 Stephanus
641 777 812 820 episcopus
838 775 1104 817 Ventimiliensis,
1131 775 1193 809 170
1218 775 1243 808 b.
1270 776 1305 811 Ei
1329 778 1543 818 commissum,
1572 781 1603 812 ut
1629 787 1740 812 usuras
1765 786 1783 811 a
1806 787 1862 812 sua
1888 777 1971 812 dioe-

527 830 592 864 cesi
616 830 770 872 extirpet,
797 828 874 862 ibid.
1263 837 1271 844 ·

1196 964 1218 996 ,Γ

439 1097 562 1132 Tardon
590 1097 667 1142 (del)
694 1106 820 1131 eremus
847 1096 1090 1141 Congregationi
1116 1095 1524 1147 Italo-Hispanae-Ordinis
1545 1097 1574 1130 S.
1592 1097 1699 1131 Basilii
1725 1099 1820 1139 unita,
1846 1098 1886 1131 39
1911 1108 1972 1142 seq.

440 1151 623 1185 Theodorus
647 1151 688 1185 de
713 1152 833 1185 Savoca
857 1150 956 1185 abbas
981 1150 1141 1195 generalis
1166 1149 1297 1185 Ordinis
1322 1151 1351 1184 S.
1377 1150 1484 1184 Basilii
1510 1152 1633 1194 magni,
1660 1151 1722 1184 295
1747 1161 1776 1183 a.

439 1204 535 1238 Terra
558 1208 684 1247 sancta,
709 1204 780 1238 vide
804 1204 1014 1238 Hierusalem.

439 1257 635 1292 Testatorum
660 1258 805 1292 voluntas
830 1258 1008 1292 inconsulta
1033 1258 1116 1291 Sede
1142 1257 1322 1300 Apostolica
1348 1266 1409 1290 non
1427 1261 1475 1291 est
1499 1257 1709 1299 immutanda,
1725 1258 1846 1302 pay.1t
1863 1269 1883 1290 a
1900 1261 1928 1291 el
1945 1258 1972 1291 b.

438 1311 615 1347 Tinecense
650 1314 879 1346 monasterium
916 1310 1047 1347 Ordinis
1072 1312 1101 1344 S.
1128 1311 1307 1349 Benedicti,
1334 1311 1394 1344 ⁶224
1422 1321 1450 1344 a.
1488 1310 1630 1344 Monachi
1663 1310 1723 1344 sibi
1755 1314 1899 1345 asserunt
1923 1312 1972 1344 ius

527 1365 675 1400 abbatem
701 1365 858 1409 eligendi,
886 1365 961 1398 ibid.

440 1419 590 1454 Toletana
611 1420 751 1464 synodus
776 1421 850 1453 anni
874 1429 993 1453 iunrxvi
1018 1418 1224 1463 praescribit,
1252 1423 1283 1452 ut
1308 1419 1429 1452 iudices
1460 1418 1671 1467 ecclesiastici
1696 1418 1727 1452 iri
1752 1420 1850 1452 sacris
1875 1418 1970 1453 Ordi-

528 1472 703 1508 Ordinibus
728 1475 789 1507 sint
813 1475 995 1509 constituti.
1023 1473 1097 1507 584.

439 1527 571 1561 Tononii
596 1531 701 1561 erecta
726 1528 967 1561 confraternitas
992 1527 1030 1561 ad
1057 1527 1289 1571 procurandam
1314 1527 1547 1561 haereticorum
1573 1528 1826 1564 conversionem,
1853 1527 1916 1561 350
1941 1537 1971 1561 α.

530 1580 687 1614 Gonoessa
713 1581 742 1614 ei
768 1580 897 1615 facultas
923 1580 1143 1624 eleemosynas
1169 1580 1363 1625 quaerendi,
1389 1580 1465 1613 ibid.

395 1661 397 1666 .
440 1633 625 1667 Turonense
659 1635 886 1668 monasterium
923 1633 1055 1668 Ordinis
1090 1634 1119 1667 S.
1145 1633 1307 1668 Benedicti
1339 1643 1356 1667 a
1389 1633 1574 1676 Magdalena
1609 1634 1751 1677 Mortang
1776 1635 1971 1675 restitutum,

530 1688 592 1721 173
618 1698 647 1720 α.

441 1740 623 1774 Tribunalia
648 1741 805 1782 Romana,
833 1741 894 1775 470
920 1752 949 1774 a.
974 1741 1092 1774 Taxam
1118 1751 1174 1785 pro
1199 1740 1418 1775 criminalibus
1444 1742 1650 1784 praescripsit
1675 1741 1748 1775 Pius
1772 1739 1823 1781 lV,
1850 1740 1927 1773 ibid.

441 1793 609 1837 Triphonis
635 1794 692 1837 (S.)
718 1794 854 1828 ecclesia
879 1795 911 1828 in
936 1793 1019 1827 Urbe
1044 1794 1173 1836 Romae,
1192 1795 1210 1827 ὃ
1228 1806 1256 1828 a.
1285 1794 1331 1828 Ab
1357 1804 1393 1828 ea
1418 1794 1563 1828 abdicata
1586 1804 1662 1828 cura
1687 1795 1873 1835 animarum,
1890 1803 1973 1839 quae

529 1847 568 1881 ad
595 1847 762 1881 ecclesiam
782 1848 813 1880 S.
842 1848 1011 1890 Augustini
1036 1848 1238 1890 transfertur,
1266 1848 1343 1881 ibid.

441 1900 603 1934 Trinitatis
628 1900 705 1944 (ὃς.)
732 1900 973 1944 Redemptionis
998 1900 1201 1945 Captivorum
1225 1901 1330 1944 Ordo,
1356 1902 1412 1934 461
1443 1912 1471 1934 a.
1498 1901 1638 1943 Fratres,
1660 1902 1714 1946 qui
1739 1901 1778 1935 ad
1799 1901 1972 1936 infidelium

530 1956 635 1997 partes
672 1958 822 1998 pergunt,
847 1958 980 1997 possunt
1004 1954 1250 1988 christianorum
1275 1955 1492 1988 confessiones
1517 1956 1682 1999 excipere,
1710 1955 1769 1988 461
1796 1955 1822 1988 b.
1849 1955 1875 1989 A
1900 1964 1974 1989 cen-

530 2008 623 2046 suris,
644 2007 868 2052 nonnullisque
893 2007 963 2041 aliis
984 2010 1155 2043 reservatis
1180 2007 1308 2042 casibus
1329 2007 1495 2050 absolvere
1516 2009 1547 2041 in
1570 2008 1635 2041 foro
1655 2009 1878 2051 conscientiae,
1896 2008 1973 2042 ibid.

532 2061 635 2106 Atque
666 2062 760 2096 etiam
793 2061 997 2105 presbyteros
1023 2061 1061 2096 ab
1086 2062 1337 2105 irregularitate,
1364 2061 1441 2094 ibid.
1467 2062 1653 2095 Paramenla
1679 2060 1895 2096 ecclesiastica
1917 2060 1975 2095 be-

531 2114 691 2155 nedicere,
717 2114 779 2148 462
800 2125 829 2147 a.
856 2114 925 2148 Alia
951 2116 1046 2148 etiam
1071 2114 1248 2159 privilegia,
1267 2119 1298 2149 et
1322 2115 1486 2149 facultates
1503 2116 1548 2148 eis
1565 2114 1792 2157 conceduntur,
1811 2114 1888 2148 ibid.
1912 2115 1974 2150 Re-

530 2167 653 2202 formati
677 2167 867 2202 Discalceati
892 2168 984 2202 huius
1001 2167 1132 2203 Ordinis
1156 2171 1238 2203 inter
1254 2167 1394 2203 Ordines
1426 2168 1644 2202 Mendicantes
1668 2167 1829 2212 adscripti,
1856 2168 1918 2202 608
1943 2179 1972 2202 a.

531 2220 648 2266 Eisque
679 2221 864 2255 eorumdem
894 2220 1052 2255 Ordinum
1082 2222 1250 2266 privilegia
1282 2223 1570 2261 communicantur,
1597 2220 1672 2254 ibid.
1698 2220 1908 2265 Congregatio
1933 2230 1973 2256 ex

531 2274 711 2308 huiusmodi
748 2274 936 2308 Reformatis
972 2276 1002 2308 in
1039 2277 1146 2318 regnis
1178 2275 1400 2318 Hispaniarum
1432 2284 1449 2308 a
1482 2274 1643 2308 Clemente
1668 2274 1725 2307 Pl’.
1753 2274 1821 2307 VIII
1847 2278 1973 2316 erecta,

531 2328 593 2361 612
618 2339 638 2360 α
661 2338 722 2371 seq.
747 2327 926 2371 Capitulum
952 2328 1145 2372 provinciale
1171 2327 1312 2372 quolibet
1337 2329 1473 2361 triennio
1509 2326 1757 2369 celebrandum,
1782 2326 1859 2360 ibid.
1885 2327 1974 2361 Duae

532 2382 714 2424 provinciae
739 2382 770 2415 in
796 2390 833 2414 ea
859 2384 993 2423 erectae
1012 2382 1074 2415 613
1099 2382 1125 2414 b.
1144 2381 1259 2415 Vicarii
1276 2381 1436 2423 generalis
1454 2380 1610 2424 gubernio
1628 2381 1809 2419 subiicitur-3
1829 2379 1973 2415 vicarius

532 2438 637 2468 autem
662 2443 679 2468 a
704 2435 846 2468 ministro
871 2435 1013 2478 generali
1038 2434 1169 2469 Ordinis
1194 2435 1372 2479 dependet,
1399 2436 1472 2468 614.

441 2487 597 2522 Tullensis
622 2488 772 2529 ccclesia,
799 2488 839 2521 30
865 2499 902 2527 ας
935 2488 1177 2532 subpracfectus
1202 2488 1285 2522 illius
1310 2490 1447 2522 civitatis
1474 2488 1544 2522 thus
1570 2492 1599 2522 et
1625 2488 1768 2522 osculum
1800 2489 1886 2532 pacis
1911 2486 1972 2521 sibi

531 2540 670 2575 dandum
696 2551 765 2575 csse
790 2541 968 2583 contendit,
994 2545 1025 2575 et
1050 2543 1154 2576 renuit
1178 2542 1370 2586 capitulum,
1397 2542 1474 2575 ibzsscl

443 2593 650 2638 Turcopilerii
675 2594 865 2628 baiulivatus
887 2596 995 2628 unitur
1016 2596 1199 2638 magisterio
1224 2596 1253 2628 S.
1280 2596 1403 2630 loannis
1429 2595 1723 2639 Hierosolymitani,
1750 2595 1812 2628 475
1838 2605 1856 2628 (ι

444 2646 666 2691 Typographia
690 2647 854 2689 Vaticana,
880 2648 931 2681 89.
967 2648 1000 2681 In
1033 2657 1070 2681 ea
1106 2650 1297 2693 impressum
1328 2648 1455 2683 Missale
1487 2649 1662 2682 Romanum
1696 2647 1897 2682 emendatum
1932 2657 1971 2681 ex

532 2702 725 2743 praescripto
750 2702 778 2734 S.
804 2700 935 2734 Concilii
960 2701 1153 2743 Tridentini,
1181 2702 1257 2735 ibid.
