2227 3241
272 291 321 317 An.
337 290 367 317 C.
388 289 453 318 1607

301 1203 413 1223 uenam-:uu
423 1208 455 1222 ex-

278 1236 294 1248 (¹¹
305 1233 452 1250 mnmntcultii-

271 1263 303 1276 nis
314 1259 385 1276 cutilia
400 1262 456 1282 pres·

272 1283 354 1309 bytrros
379 1291 389 1303 a
408 1289 456 1303 rnn-

270 1311 415 1330 stituit-mitius
425 1316 455 1336 sy-

272 1337 383 1356 unitatibus
401 1344 455 1357 reiu-

271 1366 370 1383 uuualum
381 1365 440 1384 t.·tt=r.

346 1717 360 1728 0

315 1737 403 1762 lleruuat
422 1737 457 1756 ob·

271 1764 381 1784 nantibus.

304 2217 457 2239 rurant-nimm-

275 2247 458 2271 quatranmniptts

274 2272 331 2292 credi
349 2272 412 2293 iubet.

498 280 562 314 40ss

471 337 693 371 christifideles
725 328 779 369 ad¹
798 342 960 370 aeternam
993 337 1207 381 perditionem

470 400 578 423 secum
606 389 743 431 trahant,
768 396 948 434 opportune
969 390 1137 434 providere
1158 401 1212 424 vo-

470 444 587 484 lentes,
605 449 694 477 motu
706 445 850 488 proprio,
866 449 944 478 etex
963 446 1051 478 certa
1064 445 1207 486 scientia,

470 507 506 530 ac
538 500 664 530 matura
693 497 925 531 deliberatione
950 500 1079 540 nostra,
1107 499 1211 543 deque

470 551 666 595 apostolicae
690 552 857 595 potestatis
881 552 1100 596 plenitudine,
1124 553 1208 585 dete-

469 605 615 638 stabilem
637 605 723 639 hunc
744 606 879 639 abusum
909 606 1139 650 improbanteS,
1162 616 1212 640 ec-

470 658 655 692 clesiasticis
689 659 948 704 quibuscumque
983 659 1151 704 personIS‚
1183 665 1210 693 ct

470 712 659 757 praesertim
678 713 911 755 sacerdotibus,
935 723 975 747 ne
995 713 1131 757 quodvis
1152 713 1212 746 illi-

471 765 552 799 citae
562 765 794 808 negociationis
804 776 904 809 genus
914 766 1026 811 quovis
1034 772 1213 810 praetextu,

470 821 566 853 causa
587 825 618 852 et
643 820 811 853 occasione
837 830 987 854 exercere
1004 821 1145 854 audeant
1166 821 1212 854 vel

469 879 687 917 praesumant,
701 875 760 908 sub
774 874 887 919 poenis
901 885 918 908 a
931 874 1213 908 sacriscanonibus

471 932 502 960 et
519 928 704 972 apostolicis
722 928 1006 962 constitutionibus
1027 935 1139 963 contra
1157 929 1215 961 illi-

471 981 551 1015 citos
575 982 794 1025 negotiatores
820 982 960 1024 inflictis,
984 993 1041 1027 per
1066 993 1119 1016 cos
1144 982 1213 1026 ipso

472 1035 555 1068 sacto
582 1035 796 1077 incurrendis,
817 1047 964 1080 expresse
991 1036 1232 1077 interdicimus¹

473 1094 503 1121 et
522 1088 744 1132 probibemus,
766 1094 796 1122 et
814 1096 927 1123 contra
941 1090 1071 1123 eosdem
1088 1089 1214 1122 illicitos

471 1142 690 1185 negotiatores
725 1143 755 1176 in
791 1149 958 1187 posterum
998 1154 1056 1200 per
1085 1143 1212 1177 easdem

471 1206 592 1239 poenas
610 1197 975 1240 (excommunicationis
1001 1204 1107 1231 tamen
1132 1208 1211 1241 poe-

472 1259 546 1282 nam
559 1255 671 1284 contra
681 1251 864 1284 sacerdotes
876 1251 1061 1285 earumdem
1073 1251 1212 1296 partium

472 1314 531 1347 per
548 1315 768 1349 quascumque.
785 1305 997 1349 provinciales
1010 1311 1063 1338 aut
1083 1305 1216 1350 synoda-

473 1357 518 1389 les
542 1358 797 1399 constitutiones,
818 1359 1009 1402 praesertim
1036 1359 1067 1391 in
1092 1359 1233 1403 synodo*

472 1409 609 1444 Limensi
631 1411 754 1453 editas¹,
772 1412 1018 1456 quomodolibet
1032 1412 1213 1457 impositam

471 1469 501 1496 ct
523 1463 691 1506 inflictam,
713 1477 746 1499 ex
772 1476 857 1499 nunc
876 1466 1067 1500 auctoritate
1088 1471 1215 1510 aposto-

472 1517 543 1557 lica,
565 1523 677 1552 tenore
696 1520 926 1563 praesentium,
944 1525 1102 1564 perpetuo
1119 1519 1214 1553 abro-

471 1577 593 1613 gantes,
610 1573 758 1606 tollentes
772 1579 799 1606 et
816 1574 1030 1613 annullantes)
1043 1584 1114 1607 cum
1127 1574 1213 1607 omni

474 1625 580 1667 rigore
601 1632 629 1658 ct
644 1627 813 1660 severitate
831 1627 963 1671 procedi
978 1627 1137 1668 volumus,
1154 1633 1215 1661 sta-

475 1678 593 1711 tuimus
614 1685 643 1712 et
662 1680 861 1714 ordinamus⁴

519 1733 535 1773 g
562 1731 592 1764 3.
627 1733 695 1766 tlon
728 1733 929 1767 obstantibus
962 1734 1147 1778 praemissis
1179 1745 1214 1768 ac

474 1785 639 1828 quibusvis
664 1788 878 1831 apostolocis,
907 1799 965 1821 nec
987 1799 1050 1822 non
1083 1788 1113 1821 in
1140 1799 1215 1833 pro-

473 1839 661 1873 vincialibus
678 1846 709 1873 et.
728 1841 935 1885 synodalibus
952 1842 1095 1875 conciliis
1109 1842 1212 1883 editis,

472 1893 677 1934 generalibus
697 1894 745 1927 vel
765 1894 975 1938 specialibus,
1008 1895 1211 1929 constitutio-

473 1946 567 1980 nibus
588 1953 617 1980 et
637 1947 904 1990 ordinationibus,
929 1959 965 1981 ac
985 1959 1215 1992 quarumcum-

473 2012 535 2045 que
553 2001 773 2044 ecclesiarum,
795 2003 890 2036 etiam
910 2003 1103 2044 iuramento,
1133 2014 1211 2037 con-

474 2055 656 2089 firmatione
681 2056 870 2100 apostolica,
898 2057 946 2090 vel
971 2057 1081 2101 quavis
1107 2057 1212 2090 firmi-

474 2114 537 2142 tate
561 2108 621 2141 alia
636 2109 805 2149 roboratis,
822 2110 946 2144 statutis
960 2116 990 2144 ct
1010 2111 1216 2145 consuctudi-

473 2162 579 2203 nibus,
596 2163 795 2207 cacterisque
814 2164 984 2198 contrariis
1001 2164 1212 2209 quibuscum-

474 2226 548 2260 que.

519 2271 535 2312 ἓ
559 2270 590 2303 4.
624 2271 741 2305 Verum
768 2271 843 2315 quia
863 2271 995 2305 difficile
1018 2272 1100 2306 soret
1125 2282 1215 2316 prac-

474 2329 579 2357 sentes
602 2323 724 2357 litteras
751 2325 788 2357 ad
815 2325 940 2367 singula
969 2325 1039 2358 loca
1067 2326 1107 2359 ad
1135 2335 1217 2369 quae

474 2387 555 2421 opus
576 2383 655 2410 esset
683 2378 827 2418 deferre,
856 2379 1018 2417 volumus,
1046 2384 1079 2411 ut
1106 2388 1215 2412 earum

476 2431 703 2476 transumptis,
728 2442 825 2465 manu
850 2432 967 2465 notarii
989 2432 1111 2477 publici
1136 2433 1213 2466 sub-

474 2484 623 2528 scriptis,
652 2491 681 2518 et
713 2485 818 2529 sigillo
844 2485 978 2519 alicuius
1002 2496 1159 2530 personae
1185 2486 1217 2519 iu

475 2537 630 2579 dignitate
655 2538 871 2572 ecclesiastica
897 2538 1089 2572 constitutae
1116 2539 1218 2572 muni-

476 2591 524 2631 tis,
552 2591 665 2625 eadem
686 2602 818 2635 prorsus
843 2592 923 2625 fides
948 2592 1115 2634 habeatur,
1135 2603 1217 2636 quae

511 2663 521 2689 t
546 2662 637 2698 Inepte
650 2662 716 2690 edit.
729 2662 808 2690 lllain.
822 2662 863 2690 bic
880 2663 978 2699 repetit
995 2671 1085 2691 vocem
1097 2671 1214 2699 poenam

475 2715 512 2741 tn.
530 2708 577 2742 r).

1053 289 1238 313 BULLARIUM
1257 289 1411 313 ROMANUM

2000 289 2054 317 An.
2071 289 2100 317 c,
2115 262 2208 329 wau}

1245 337 1386 381 ipsismet
1413 336 1635 380 praesentibus
1656 337 1866 380 originalibus
1886 337 1984 372 habe·
2184 327 2191 342 ι

1245 397 1344 424 retur.

1289 446 1402 479 Datum
1424 445 1544 479 Romae
1570 445 1655 489 apud
1675 451 1819 478 sanctum
1845 445 1984 480 Marcum

1244 498 1303 532 sub
1321 499 1441 531 annulo
1458 498 1630 532 piscatoris
1647 498 1699 532 die
1716 508 1759 532 vn
1775 498 1848 532 maii
1862 508 1982 541 uncvu,

1245 551 1452 596 pontificatus
1471 552 1573 585 nostri
1592 562 1676 584 anno
1698 562 1732 585 11.

1282 613 1338 641 Dat.
1358 613 1401 641 die
1421 614 1435 640 7
1453 613 1514 640 maii
1536 613 1614 649 1007,
1636 613 1730 650 pontis.
1748 622 1789 642 an<
1806 620 1831 641 ιι.

2184 425 2194 454 ÷

2183 462 2195 490 tl

2178 487 2206 538 33

2180 551 2205 606 ξ

2179 626 2197 646 Σ,

2178 658 2197 696 ζ

2179 726 2203 792 Ξ,

1559 803 1673 836 LXXV.

1250 927 1462 970 Confirmatio
1482 927 1671 961 donationis
1691 927 1864 962 cuiusdam
1883 929 1990 962 annui

1291 981 1439 1015 'redditus
1453 982 1694 1026 inperpetuum
1710 981 1869 1026 hospitali
1884 982 1990 1015 sancti

1291 1035 1428 1068 [oannis
1460 1035 1758 1079 Hierosolymam*
1791 1036 1896 1079 sactae
1930 1045 1990 1079 per

1292 1089 1456 1132 quondam
1479 1089 1683 1132 Stephanum
1710 1088 1748 1122 de
1778 1088 1986 1129 Claramom,

1293 1143 1474 1176 baiulorum
1503 1143 1634 1187 Cuspis,
1669 1153 1729 1186 pro
1754 1143 1991 1176 constructione

1295 1197 1492 1237 triremium,
1513 1197 1573 1240 qui
1585 1195 1729 1229 eiusdem
1744 1196 1917 1240 hospitalis
1931 1197 1992 1229 mi-

1295 1249 1407 1283 litibus
1429 1250 1572 1283 serviant
1585 1249 1604 1283 ¹.

2174 1141 2193 1226 π’κῖνκ·
2175 899 2201 1129 1'4›·⁷‘-r5'·3uf'f4
2182 868 2200 886 νζ
2180 815 2197 850 'u

1489 1367 1602 1394 Paulus
1623 1367 1701 1401 Papa
1715 1367 1747 1400 V,

1371 1420 1412 1448 Ad
1432 1424 1608 1456 perpetuam
1628 1421 1673 1448 rei
1693 1420 1875 1448 memoriam.

1294 1518 1380 1557 Quae
1406 1518 1445 1551 ad
1471 1518 1720 1560 Religiosomirn,
1749 1524 1777 1552 et
1801 1517 1990 1563 praesertim
2034 1527 2167 1549 Prooemium

1249 1572 1417 1616 hospitalis
1435 1573 1535 1606 sancti
1554 1573 1681 1606 loannis
1698 1572 1992 1617 IIierosolymitani,

1250 1637 1284 1659 ex
1307 1637 1372 1671 quo
1392 1633 1435 1660 tot
1456 1632 1609 1670 tantaque
1632 1627 1660 1659 in
1683 1626 1751 1660 dies
1771 1626 1943 1660 commoda
1960 1626 1992 1659 in

1250 1681 1432 1715 universam
1451 1681 1656 1715 christianam
1676 1680 1908 1724 rempublicam
1923 1690 1995 1725 pro-

1250 1734 1391 1776 veniunt,
1415 1734 1585 1768 utilitatem
1608 1734 1724 1768 cedere
1744 1740 1935 1775 noscuntur,
1956 1744 1993 1767 ea

1249 1792 1378 1821 nostrae
1394 1787 1651 1821 confirmationis
1664 1787 1860 1832 apostolicae
1873 1787 1992 1822 robore

1250 1841 1387 1875 libenter
1407 1842 1659 1882 communimus,
1681 1847 1778 1886 prout
1804 1841 1834 1875 in
1855 1841 1992 1875 Domino

1249 1895 1420 1929 salubriter
1445 1894 1662 1939 conspicimus
1688 1895 1848 1939 expedire.
2163 1926 2181 1938 ,Α

1294 1949 1309 1993 ξ
1324 1949 1353 1982 1.
1375 1949 1450 1983 Cum
1466 1949 1584 1993 itaque,
1601 1948 1684 1982 sicut
1699 1948 1894 1993 accepimus,
1915 1948 1993 1982 alias
2008 1940 2176 1997 ριωῗῃιξξῖᾞ

1250 2004 1414 2048 quondam
1433 2003 1613 2047 Stephanus
1638 2003 1857 2037 Claramontes
1875 2001 1993 2036 baiuli·
2008 1993 2191 2057 2322221'232]

1250 2068 1305 2091 vus
1325 2057 1431 2101 Caspis
1453 2056 1528 2090 dicti
1550 2055 1729 2101 hospitalis,
1752 2066 1812 2100 pro
1829 2055 1897 2089 eius
1917 2065 1993 2098 erga
2007 2052 2168 2101 {Yffl'ffl⁰⁰¹²⁵'¹
2182 2064 2187 2078 ³

1250 2110 1452 2154 praedictum
1473 2109 1632 2154 hospitale
1653 2109 1829 2150 voluntate,
1853 2114 1884 2142 et
1908 2107 1993 2142 illius

1250 2163 1377 2198 utilitati
1400 2169 1430 2197 et
1455 2163 1628 2197 commodo
1654 2162 1835 2204 consulens,
1860 2167 1932 2206 post
1948 2160 1994 2194 al-

1252 2216 1351 2250 terius
1369 2216 1514 2250 redditus
1535 2216 1574 2250 ab
1600 2225 1638 2249 eo
1662 2215 1788 2260 pridem
1810 2215 1924 2249 saetam
1950 2214 1994 2248 in-

1251 2271 1415 2315 frascripta
1441 2271 1481 2304 de
1501 2271 1596 2304 causa
1621 2269 1882 2313 assignationem,
1910 2279 1928 2302 a
1949 2269 1993 2302 se-

1251 2325 1319 2359 licis
1346 2306 1581 2359 recordationis
1615 2324 1776 2359 Clemente
1809 2324 1895 2368 Papa
1926 2321 1992 2356 VIII
2158 2346 2172 2360 a

1251 2384 1361 2412 nostro
1374 2379 1623 2423 praedecessore
1638 2377 1874 2417 confirmatam,
1894 2375 1993 2409 alium

1251 2432 1412 2466 redditum
1439 2441 1581 2465 annuum
1603 2435 1797 2475 perpetuum
1818 2439 1877 2474 pro
1898 2428 1995 2462 fabri-

1252 2485 1362 2518 candis
1395 2484 1580 2518 triremibus
1609 2493 1669 2528 pro
1694 2482 1824 2517 servitio
1849 2481 1993 2516 eiusdem

1251 2539 1418 2583 hospitalis
1439 2538 1611 2572 instituerit
1632 2543 1663 2571 et
1687 2536 1884 2578 fundaverit,
1911 2546 1995 2580 quae

1251 2593 1382 2637 quidem
1406 2593 1563 2627 institutio
1584 2598 1614 2626 et
1636 2591 1781 2625 fundatio
1805 2591 1834 2624 in
1854 2590 1994 2634 capitulo

2177 1710 2181 1719 -
2168 1511 2197 1602 ⁸³2*ss
2174 1397 2191 1502 Ἣ,
2180 1383 2183 1386 v
2173 1271 2197 1372 -w
2175 1238 2197 1257 ι,

1290 2710 1296 2735 1
1322 2708 1357 2735 Ex
1379 2709 1487 2744 Regest.
1511 2708 1536 2734 in
1558 2707 1660 2734 Secret.
1682 2706 1758 2733 Brev.
