2227 3241
218 290 266 316 An.
284 288 311 315 C.
335 288 402 316 1008

241 1621 363 1642 Commissio
375 1622 400 1643 sle

218 1654 259 1674 qua
275 1649 295 1668 in
307 1649 400 1670 rubrica.

448 279 511 312 540

418 337 506 379 regni
528 336 653 370 Siciliae
679 335 823 390 preregis
839 361 846 373 ,
872 334 958 377 quod
985 334 1015 366 in
1041 334 1153 368 eodem

417 390 542 423 Siciliae
557 399 656 431 regno
672 388 819 421 frumenti
840 393 871 420 et
888 388 1057 420 bladorum
1073 398 1154 421 mes-

417 444 460 476 sis
480 443 540 475 boc
565 452 650 475 anno
676 441 779 475 tenuis
804 442 884 475 aden
910 440 1015 480 suerit,
1032 446 1066 473 ut
1089 451 1153 474 non

416 496 551 529 obscure
575 494 754 537 colligatur,
778 504 937 527 annonam
960 494 1151 536 graviorem,

416 560 452 583 ac
473 559 620 591 magnam
634 547 897 592 populieiusdcm
915 548 1017 590 regni,
1036 558 1155 592 paupe-

416 613 486 637 rum
502 602 683 646 praecipue,
697 602 910 635 calamitatem
921 612 1150 635 successuram:

416 656 532 700 quibus
554 656 619 700 ipse
639 655 783 689 marchio
801 665 928 699 pmrex,
951 661 986 688 ut
1006 655 1090 688 iuxta
1110 655 1154 689 os-

416 710 480 743 sicii
491 709 539 742 sui
553 709 697 742 debitum
711 708 844 752 provide
857 714 1016 748 occurrat,
1031 709 1153 742 nullam

414 763 639 808 praetermittit
653 763 862 805 diligentiam,
881 773 944 806 qua
961 763 1079 796 eisdem
1099 773 1155 806 op-

415 822 553 860 portune
574 816 697 850 consuli
715 827 807 860 posse
828 822 943 860 speret.
965 816 1068 855 Quare
1081 827 1152 849 cum

414 870 607 904 intellexerit
626 870 658 902 in
677 870 789 903 eodem
812 879 910 911 regno
932 875 963 902 et
983 869 1085 903 insula
1106 869 1153 903 Si-

416 923 508 957 ciliae
526 923 709 967 complures
729 933 882 966 personas
903 922 1150 962 ecclesiasticas,

416 983 481 1010 tam
509 977 691 1011 saeculares
719 986 814 1020 quam
848 976 1028 1017 regulares,
1057 975 1153 1008 etiam

416 1030 583 1074 hospitalis
602 1029 702 1063 sancti
718 1028 845 1062 loannis
859 1028 1151 1072 Hierosolymitani‚

416 1083 564 1127 reperiri,
585 1093 667 1127 quae
684 1083 892 1122 frumentum,
913 1082 1001 1125 quod
1021 1081 1151 1121 habeut,

416 1137 640 1170 absconditum
655 1131 792 1177 servant,
810 1143 840 1169 ut
858 1136 936 1168 illud
954 1135 1063 1179 quanti
1081 1135 1154 1179 plu-

415 1190 487 1223 rimi
506 1196 658 1234 poterunt
678 1191 827 1230 vendant,
852 1199 968 1231 magno
989 1199 1060 1222 cum
1082 1198 1156 1232 pro-

417 1243 492 1276 ximi
510 1243 704 1277 detrimento
735 1254 771 1277 ac
795 1243 850 1277 Dei
871 1242 1002 1282 offensa,
1025 1242 1112 1286 quod
1138 1253 1155 1275 a

416 1297 601 1339 christiana,
631 1308 694 1341 qua
721 1297 953 1331 ecclesiasticos
982 1296 1154 1340 praecipue

414 1356 578 1395 praestare
597 1351 698 1391 decet,
718 1351 835 1395 pietate
855 1361 892 1384 ac
909 1350 1065 1384 charitate
1079 1351 1155 1384 alie-

415 1404 583 1438 nissimum
602 1409 661 1438 est:
687 1404 759 1437 ideo
779 1404 872 1438 nobis
896 1404 1062 1438 humiliter
1080 1415 1155 1448 sup-

414 1458 527 1502 plicari
552 1457 636 1499 fecit,
659 1463 694 1491 ut
714 1463 895 1502 opportune
917 1458 1054 1501 desuper
1074 1468 1151 1501 pro-

415 1511 523 1545 videre
553 1511 592 1545 de
620 1511 818 1554 benignitate
844 1511 1019 1555 apostolica
1043 1511 1153 1554 digna-

416 1575 536 1598 remur.
977 1568 981 1572 ”

460 1620 477 1660 3
498 1618 528 1651 ⁶2.
552 1618 614 1652 Nos
631 1619 729 1661 igitur
753 1618 842 1652 iustis
862 1618 1005 1652 eiusdem
1027 1618 1154 1652 Ioannis

416 1672 612 1705 marchionis
631 1672 778 1716 proregis
790 1672 997 1716 petitionibus
1011 1683 1154 1705 aunuen-

417 1730 473 1765 tes,
501 1735 537 1758 ac
561 1725 850 1768 supplicationibus
875 1724 1036 1765 inclinati,
1065 1725 1153 1758 vobis

416 1784 447 1812 et
466 1778 597 1812 cuilibet
621 1784 760 1811 vestrum
780 1789 838 1822 per
857 1783 1043 1822 praesentes
1064 1789 1153 1812 com-

415 1832 572 1866 mittimus
593 1838 623 1865 et
647 1833 849 1875 mandamus,
875 1838 909 1865 ut
934 1842 1153 1876 quascumque

414 1895 567 1929 personas
596 1885 847 1926 ecclesiasticas,
879 1891 943 1918 tam
974 1886 1154 1919 saeculares

415 1949 514 1983 quam
539 1939 678 1973 cuiusvis
695 1939 822 1972 Ordinis
847 1945 878 1972 et
901 1939 1038 1972 instituti
1058 1949 1153 1982 regu-

415 1993 510 2033 lares,
533 1992 629 2026 etiam
651 1992 727 2026 dicti
746 1992 913 2036 hospitalis
938 1992 1039 2026 sancti
1063 1993 1154 2026 Ioan-

415 2046 465 2079 nis
481 2043 772 2090 Hierosolymitani,
793 2045 931 2079 cuiusvis
949 2051 1058 2087 status,
1080 2056 1154 2088 gra-

417 2099 487 2140 dus,
515 2099 649 2140 ordinis,
678 2098 852 2141 dignitatis,
880 2099 1154 2143 praeeminentiae

416 2158 447 2186 et
464 2153 657 2186 conditionis
678 2153 813 2186 existant
833 2154 1081 2197 etquantumvis
1101 2164 1154 2187 ex-

416 2211 561 2250 emptas,
590 2217 626 2240 ac
660 2206 754 2240 nobis
787 2212 817 2239 et
851 2207 1054 2250 Apostolicae
1081 2207 1154 2241 Sedi

416 2260 600 2294 immediate
638 2260 821 2300 subiectas,
850 2270 908 2303 per
933 2260 1151 2304 pecuniarias,

416 2324 452 2347 ac
473 2313 653 2347 amissionis
674 2313 910 2347 frumentorum
933 2319 964 2346 et
983 2314 1154 2347 bladorum

416 2377 499 2410 quae
523 2367 652 2408 liabent,
675 2377 722 2408 ac,
741 2366 772 2399 in
792 2366 982 2407 subsidium,
1005 2377 1063 2410 per
1083 2377 1156 2400 cen-

416 2431 506 2454 suras
527 2425 558 2454 et
578 2430 698 2464 poenas
716 2419 944 2453 ecclesiasticas
957 2420 1090 2453 arbitrio
1104 2431 1155 2453 ve-

417 2478 483 2506 stro
496 2473 716 2514 declarandas,
732 2472 951 2515 aggravandas
964 2478 994 2506 et
1011 2482 1155 2515 reaggra-

417 2526 547 2567 vandas,
570 2526 697 2570 aliaque
721 2531 904 2570 opportuna
925 2525 1001 2558 iuris
1026 2531 1057 2558 et
1081 2525 1153 2559 sacti

417 2579 582 2621 remedia,
612 2579 700 2613 omni
724 2585 755 2613 et
778 2589 981 2623 quacumque
1007 2579 1151 2622 appella-

420 2632 515 2673 tione,
530 2643 663 2667 recursu
674 2638 705 2667 et
715 2632 943 2667 reclamatione
955 2632 1150 2676 postpositis,

419 2687 607 2720 auctoritate
628 2690 735 2721 nostra
756 2686 875 2727 cogatis
890 2693 917 2719 et
940 2686 1150 2729 compellatis,

987 286 1169 311 nULLARtUM
1194 286 1346 311 ROMANUM

1187 339 1221 367 nt.
1235 334 1394 367 frumenta
1408 333 1542 368 etlilada
1558 344 1640 378 quae
1659 334 1788 376 liabent,
1800 335 1922 368 etiamsi

1188 398 1224 420 ex
1245 387 1426 420 redditibus
1446 387 1670 420 ecclesiasticis
1690 394 1841 432 percepta
1858 389 1924 422 sue-

1189 439 1262 479 rint,
1282 440 1371 473 vobis
1393 445 1423 473 et
1442 445 1581 473 vestrum
1597 439 1739 481 cuilibet,
1762 451 1818 474 seu
1838 451 1855 474 a
1874 450 1925 474 vo-

1189 493 1236 526 bis
1261 499 1291 526 et
1309 493 1452 536 quolibet
1471 498 1608 526 vestrum
1630 493 1830 537 deputandis,
1847 493 1926 527 fide-

1189 547 1262 581 liter
1286 547 1472 585 notificent,
1502 557 1549 588 ac,
1577 547 1719 580 deu-acta
1743 557 1780 580 ex
1804 547 1926 581 eisdem

1190 601 1359 634 frumentis
1383 607 1413 634 et
1437 601 1540 634 bladis
1565 603 1603 634 ea
1627 601 1816 645 quantitate,
1844 611 1927 646 quae

1189 663 1248 696 pro
1268 664 1327 686 usu
1353 653 1407 686 illa
1432 652 1620 687 habentium
1639 659 1670 686 et
1687 653 1817 686 illorum
1836 652 1927 686 sami-

1189 706 1327 747 liarium,
1344 717 1445 750 usque
1463 707 1503 740 ad
1522 717 1637 740 novam
1652 716 1799 747 messem,
1821 716 1928 751 respe-

1188 759 1268 793 ctive
1301 759 1482 793 necessaria
1520 759 1615 793 suerit
1630 787 1637 801 ,
1670 759 1834 793 residuum
1867 770 1927 803 pro

1189 813 1351 846 communi
1378 813 1572 857 populorum
1598 823 1657 846 usu
1678 812 1776 857 (iusto
1796 813 1901 857 pretio
1916 839 1923 853 ,

1188 871 1355 910 praesente
1375 872 1480 900 tamen
1505 866 1653 909 pecunia,
1677 866 1843 906 solvendo,
1865 865 1926 899 nisi

1189 919 1274 953 aliud
1294 920 1513 953 venditoribus
1534 919 1703 963 placuerit)
1723 919 1879 960 vendant;

1234 975 1249 1015 3
1271 972 1300 1006 3.
1314 973 1350 1006 Et
1372 979 1406 1006 ut
1423 973 1599 1016 praemissa
1611 973 1790 1016 adimplere
1801 972 1926 1006 facilius

1190 1027 1220 1059 in
1245 1026 1381 1060 Domino
1406 1026 1535 1060 valeatis
1560 1032 1591 1059 et
1614 1036 1835 1070 quoscumque
1860 1031 1925 1059 tam

1189 1079 1422 1113 ecclesiasticos
1448 1090 1543 1123 quam
1574 1079 1673 1112 laicos
1703 1080 1743 1113 ad
1768 1079 1927 1112 frumenta

1189 1138 1220 1166 et
1239 1132 1333 1166 blada
1351 1133 1521 1166 revelanda
1545 1132 1604 1166 sub
1628 1133 1739 1176 poenis
1764 1138 1796 1166 et
1815 1142 1928 1166 censu-

1191 1187 1232 1219 ris
1257 1186 1479 1220 ccclesiasticis
1505 1192 1567 1220 tam
1589 1186 1621 1219 in
1645 1196 1763 1227 genere
1780 1196 1877 1230 quam
1895 1185 1927 1219 in

1189 1240 1296 1284 specie
1328 1239 1542 1284 compellatis:
1571 1249 1629 1273 nos
1660 1239 1744 1272 enim
1777 1239 1867 1273 vobis
1898 1245 1929 1273 et

1189 1300 1329 1327 vestrum
1357 1293 1489 1327 cuilibet
1519 1303 1615 1337 super
1645 1293 1694 1326 his
1722 1293 1873 1326 omnibus
1897 1298 1929 1326 et

1188 1348 1320 1390 singulis
1351 1358 1409 1391 per
1433 1353 1617 1391 praesentes
1642 1352 1859 1391 opportunam
1881 1347 1928 1380 fa-

1189 1403 1339 1435 cultatem
1361 1401 1532 1434 tribuimus
1553 1406 1584 1434 et
1603 1400 1817 1444 impertimur.

1233 1456 1249 1494 3
1270 1455 1300 1487 li.
1321 1455 1390 1488 Nou
1419 1454 1620 1487 obstantibus
1645 1453 1928 1488 constitutionibus

1188 1513 1219 1541 et.
1236 1507 1494 1541 ordinationibus
1510 1507 1706 1551 apostolicis,
1728 1517 1764 1540 ac
1777 1516 1929 1551 quarum-

1188 1562 1232 1595 vis
1253 1561 1460 1595 ecclesiarum
1477 1587 1484 1600 ‚
1513 1558 1782 1594 monasteriorum
1798 1587 1806 1602 ,
1834 1560 1928 1594 Ordi-

1188 1626 1265 1648 num
1300 1621 1331 1648 et
1367 1614 1443 1648 dicti
1473 1614 1639 1658 hospitalis
1669 1614 1770 1648 sancti
1800 1615 1928 1648 Ioannis

1188 1668 1476 1712 Ilierosolymitani,
1498 1668 1594 1701 etiam
1620 1667 1802 1702 iuramento
1817 1695 1824 1709 ‚
1852 1678 1930 1702 con-

1188 1722 1370 1755 firmatione
1384 1721 1570 1766 apostolica,
1587 1721 1636 1754 vel
1653 1721 1763 1765 quavis
1777 1721 1928 1756 firmitate

1188 1776 1250 1808 alia
1273 1775 1446 1815 roboratis,
1474 1774 1600 1808 statutis
1625 1780 1656 1807 et
1680 1774 1926 1808 consuetudini-

1188 1830 1257 1870 bus,
1285 1829 1462 1873 privilegiis
1483 1838 1624 1872 quoque,
1648 1828 1792 1869 indultis,
1815 1838 1925 1862 exem-

1187 1882 1351 1926 ptionibus
1372 1888 1402 1915 et
1421 1881 1536 1915 litteris
1560 1881 1754 1925 apostolicis,
1777 1881 1836 1914 sub
1857 1881 1930 1926 qui-

1188 1936 1389 1980 buscumque
1414 1935 1579 1968 tenoribus
1604 1940 1634 1969 et
1653 1934 1776 1976 formis,
1805 1940 1836 1968 et
1854 1945 1926 1968 cum

1188 1989 1351 2034 quibusvis
1371 1989 1466 2022 ctiam
1493 1988 1930 2031 derogatoriarumrderoga·

1188 2043 1278 2077 toriis
1293 2070 1300 2084 ‚
1332 2043 1465 2086 aliisque
1486 2042 1723 2075 efficacioribus
1743 2046 1774 2075 et
1793 2041 1929 2076 insolitis

1188 2097 1350 2137 clausulis,
1371 2107 1407 2129 ac
1421 2095 1622 2129 irritantibus
1642 2100 1673 2129 et
1692 2095 1762 2128 aliis
1782 2095 1929 2138 decretis,

1190 2151 1220 2184 in
1241 2150 1436 2184 contrarium
1452 2149 1704 2193 praemissorum
1725 2148 1931 2193 quomodoli-

1189 2205 1242 2238 bct
1256 2203 1425 2245 concessis,
1448 2203 1647 2237 confirmatis
1673 2207 1703 2236 et
1722 2202 1925 2246 approbatis:

1189 2258 1305 2302 quibus
1323 2257 1474 2291 omnibus
1491 2262 1522 2290 et
1540 2256 1685 2299 singulis,
1709 2266 1822 2290 eorum
1840 2261 1932 2290 teno-

1189 2322 1239 2344 res
1255 2310 1477 2355 praescntibus
1497 2320 1556 2354 pro
1577 2309 1732 2353 expressis
1748 2308 1904 2342 habentes
1918 2335 1926 2350 ,

1190 2365 1251 2398 illis
1268 2365 1345 2397 alias
1365 2364 1397 2396 in
1418 2373 1476 2397 suo
1490 2364 1608 2397 robore
1622 2362 1852 2407 permansuris,
1869 2362 1930 2395 liae

1189 2417 1256 2451 vice
1277 2418 1441 2450 dumtaxat
1461 2416 1642 2460 specialiter
1661 2421 1693 2449 et
1708 2425 1855 2459 expresse
1875 2415 1930 2448 de·

1189 2480 1351 2514 rogamus,
1375 2469 1574 2513 caeterisque
1600 2468 1769 2503 contrariis
1793 2467 1927 2512 quibus-

1188 2534 1337 2568 cumque.

1233 2579 1248 2620 ξ
1266 2577 1296 2610 5.
1317 2577 1471 2610 Volumus
1488 2581 1607 2618 autem,
1622 2581 1658 2610 ut
1674 2585 1826 2620 praesens
1839 2584 1927 2608 com·

1189 2631 1316 2672 missio,
1339 2641 1396 2665 seu
1424 2631 1612 2664 mandatum
1638 2639 1676 2664 ac
1702 2628 1857 2671 facultas,
1885 2628 1925 2662 ad

1189 2696 1322 2719 messem
1349 2696 1463 2719 novam
1489 2695 1589 2729 usque
1608 2689 1730 2718 tantum
1749 2683 1922 2728 perduret,

1937 285 1985 313 in.
2002 286 2030 314 c.
2053 286 2122 315 1608

1967 983 2090 1004 Facultates
2097 983 2125 1004 ad

1941 1010 1962 1031 id
1975 1009 2126 1031 commissarii:
2171 1005 2197 1033 ’,ᾖῖ

2168 1039 2171 1042 ⁴
2194 1040 2197 1051 i

1940 1041 2064 1058 0011085589-

1955 1461 2070 1492 Derogatio
2077 1466 2127 1482 con·

1943 1491 2061 1509 trarmrum.

1967 2579 2059 2605 Tempus
2073 2583 2128 2600 eom·
2144 2575 2151 2597 Ξ
2187 2575 2193 2589 ⁴⁴

1941 2605 2046 2633 missionis
2056 2605 2132 2627 limita·
2152 2614 2155 2618 ·
2180 2620 2182 2622 ψ

1941 2635 1962 2653 iu
1965 2637 1991 2666 mt.
