2227 3241
24 251 71 279 An.
87 250 116 278 C.
139 248 206 277 1604

57 1484 128 1506 Castra
140 1485 203 1506 Ursu·

24 1512 67 1533 riae
81 1514 102 1532 et
116 1512 138 1534 S.
156 1511 204 1533 Vin—

24 1539 86 1559 centii
113 1539 140 1560 ab
168 1539 204 1559 irn-

24 1566 152 1586 memorabili
165 1566 204 1586 sub

25 1592 68 1612 sola
109 1593 204 1618 episcopi

25 1618 206 1640 Parentinensiset

24 1643 86 1666 Sedis
117 1647 206 1672 Aposto-

24 1671 77 1693 ticao
121 1672 206 1693 iurisdi-

25 1698 92 1720 ctione
103 1699 166 1721 suere.

831 246 969 271 CLEMENS
1000 247 1055 271 vm
1085 248 1128 270 ΡΡ.

221 297 341 330 annulo
361 296 533 330 Piscatoris
559 296 610 329 die
635 304 713 329 xxm
742 294 822 336 iulii,
850 304 958 335 iinciv,

220 349 425 394 pontificatus
444 349 558 390 nostri,
579 359 663 382 anno
683 358 752 382 x111.

254 415 315 442 Dat.
332 414 375 442 die
395 414 429 441 23
443 413 502 441 iulii
518 414 596 449 1604,
611 412 704 448 pontis·
721 420 763 440 an.
781 418 838 439 xm.

514 574 622 609 CCCLI
640 575 659 608 ¹.

223 674 475 718 Confirmatio
510 673 742 707 declarationis
775 672 958 706 litterarum

262 726 363 760 Pauli
386 727 452 767 ΙΙΙ,
478 726 590 770 quibus
614 731 722 760 castra
751 726 907 759 Ursaria&
931 729 959 758 et

263 783 297 816 S.
317 782 475 815 Vincentiz'
487 781 689 815 Ferentinae
705 781 853 815 dioecesis
871 792 891 814 a
908 791 960 813 szt-

258 837 448 879 perz'orz'tccte
465 839 493 869 et
515 835 656 869 dominio
679 836 794 869 nuncii
819 834 960 868 Venetae-

262 900 336 923 rum
353 894 381 922 et
398 891 582 934 quorunwis
599 889 741 923 aliorum
759 889 957 929 eximuntur,

262 948 291 976 et
316 944 459 987 episcopo
483 943 661 977 Parente'no
689 947 814 976 tantum
838 953 959 976 necnon

262 996 405 1030 Romano
441 997 595 1040 Pontifici
625 1007 686 1040 pro
718 1001 855 1040 tempore
888 997 958 1030 eael-

262 1053 358 1084 stenti
381 1056 409 1084 ec
443 1050 645 1094 Apostolicae
675 1050 746 1083 Sedc‘
776 1050 963 1084 immediate

262 1104 478 1138 subjiciantur
488 1104 510 1138 ².

281 1184 453 1212 Venerabili
473 1185 560 1212 fratri
582 1185 720 1220 episcopo
741 1185 901 1214 Parentino

432 1249 568 1277 Clemens
589 1250 667 1284 Papa
687 1250 748 1277 vn.

431 1312 617 1340 Venerabilis
638 1313 748 1346 frater,

255 1367 384 1394 salutem
404 1369 435 1394 et
455 1367 650 1400 apostolicam
670 1366 924 1395 benedictionem.

264 1430 280 1471 ξ
301 1428 332 1461 1.
355 1428 453 1469 Cum,
487 1428 569 1461 sicut
594 1428 687 1462 nobis
712 1439 818 1473 nuper
846 1429 961 1473 exponi

219 1481 332 1523 fecisti,
356 1481 528 1516 Ursuriae³
553 1487 595 1523 et,
623 1482 712 1526 quod
741 1483 781 1515 ad
810 1493 962 1526 praesens

220 1535 252 1568 in
272 1535 402 1569 seudum
422 1535 590 1576 retinetur,
610 1535 640 1569 S.
663 1535 840 1569 Vincentii⁴
860 1541 963 1570 eastra

221 1593 292 1622 tuae
306 1587 462 1622 dioecesis
475 1588 666 1622 Parentinae
684 1588 747 1621 iam
763 1594 839 1622 tunc
852 1600 869 1622 a
885 1595 963 1622 tem-

220 1651 310 1686 pore,
327 1641 415 1686 quod
433 1641 500 1675 eius
514 1641 596 1675 initii
614 1641 785 1676 hominum
807 1642 963 1676 memoria

220 1706 285 1729 non
299 1695 447 1738 habetur,
462 1696 503 1730 ad
516 1706 660 1730 mensam
675 1696 891 1740 episcopalem
904 1697 963 1730 Pa-

221 1749 380 1783 rentinam
406 1750 645 1794 pertinuerint,
675 1761 735 1784 nee
751 1777 758 1790 ‚
787 1750 826 1783 ab
848 1750 962 1784 eodem

221 1809 368 1848 tempore
388 1803 478 1845 citra,
501 1804 603 1837 nostri
635 1809 690 1837 aut
718 1803 808 1838 Sedis
828 1805 964 1848 Aposto-

219 1857 300 1892 lieae
320 1857 352 1890 in
373 1857 499 1891 civitate
520 1857 741 1899 Venefiarum,
766 1858 863 1891 etiam
890 1869 962 1893 cum

219 1915 377 1954 potestate
402 1910 498 1953 legati
532 1911 571 1945 de
601 1911 719 1951 latere,
747 1911 880 1952 nuncii,
908 1922 964 1945 seu

220 1964 324 2009 quivis
348 1964 402 1998 alii
427 1965 621 2009 superiores,
647 1965 680 1998 in
706 1965 827 1999 eisdem
853 1966 965 1999 castris

220 2017 361 2061 aliquem
380 2023 486 2051 actum
500 2018 737 2062 superioritatis
751 2019 962 2059 exercuerint,

221 2081 277 2104 seu
298 2071 337 2105 de
358 2071 487 2105 illorum
506 2072 619 2116 causis,
634 2078 697 2106 tam
712 2072 848 2116 primae,
867 2084 963 2117 quam

222 2124 404 2167 secundae,
433 2131 488 2159 aut
513 2126 677 2160 ulterioris
711 2126 904 2167 instantiae,
933 2138 965 2161 se

259 2227 269 2252 1
294 2224 330 2252 Ex
351 2228 450 2260 regest.
471 2226 498 2251 in
517 2225 617 2252 Secret.
641 2225 717 2253 Brev.

257 2269 273 2296 ⁹2
295 2269 329 2297 De
346 2269 472 2296 Parentio
483 2269 573 2305 (vulgo
588 2270 731 2305 Parcere)
747 2269 841 2297 Istriae
857 2270 966 2298 civitate

224 2313 282 2341 vide
294 2312 411 2349 Ughelli,
428 2314 517 2341 Italia
528 2322 624 2348 sacra,
641 2318 705 2341 tom.
725 2322 749 2347 r,
767 2323 827 2350 pag.
845 2315 897 2343 394
907 2323 964 2351 seq.

222 2362 263 2393 (n.
285 2359 336 2394 τ.).

258 2403 274 2431 3
294 2403 400 2439 Ughelli
420 2403 463 2431 liic
482 2407 508 2431 et
528 2404 596 2431 infra
616 2412 723 2440 semper
746 2404 809 2440 legit
831 2403 968 2433 Ursariae

224 2450 264 2483 (a.
280 2449 317 2483 T).

259 2493 275 2520 4
296 2492 332 2520 De
348 2497 436 2521 castro
454 2494 480 2521 S.
498 2493 641 2527 vincentii,
654 2494 792 2529 ipsiusque
804 2493 836 2521 ad
848 2502 968 2522 mensam

225 2537 402 2573 episcopalem
430 2538 600 2565 Parentinam
627 2538 800 2574 pertinentia,
828 2542 900 2565 extat
928 2538 969 2565 di-

225 2581 314 2616 ploma
328 2582 411 2610 Clem.
431 2582 476 2610 v11
490 2583 533 2610 die
549 2590 575 2609 x1
591 2583 644 2610 kal.
662 2582 740 2611 Febr.
761 2583 838 2617 1524,
856 2582 926 2618 quod
943 2584 968 2609 in

1645 236 1710 270 ‘109‘
1755 246 1848 275 Aac.
1874 246 1941 274 ¹604

998 295 1254 335 intromiserint3
1285 295 1341 328 sed
1374 300 1477 328 castra
1510 295 1675 339 praedicta
1707 301 1738 329 et

997 358 1110 381 eorum
1131 348 1354 382 universitates
1375 348 1434 382 sub
1455 348 1598 393 episcopi
1619 349 1737 382 Paren-

998 401 1054 434 tini
1078 412 1137 446 pro
1163 408 1309 446 tempore
1334 402 1497 436 existentis
1518 409 1548 436 et
1571 408 1643 446 post
1663 413 1737 436 eum

996 455 1182 489 immediate
1215 457 1351 490 Romani
1376 456 1542 490 Pontificis
1571 462 1602 490 et
1634 457 1738 490 dietae

994 509 1084 543 Sedis
1109 510 1312 554 protectione
1338 510 1492 544 continuo
1522 511 1739 545 remanserint

995 569 1025 596 et
1057 563 1353 606 perseveraverint3
1384 574 1420 597 ae
1454 564 1540 597 ultra
1569 564 1738 608 episcopos

994 616 1194 658 Pai'entinos,
1215 617 1270 662 qui
1287 627 1346 661 pro
1366 623 1509 662 tempore
1527 618 1667 659 suerunt,
1683 629 1740 652 ne·

994 669 1114 703 minem
1141 669 1253 711 alium,
1281 681 1378 714 quam
1404 671 1586 705 Romanum
1606 672 1740 706 Pontifi-

995 735 1064 758 cem
1089 735 1149 768 pro
1175 731 1322 769 tempore
1344 725 1531 759 existentem
1561 737 1597 760 ac
1623 727 1739 760 Sedem

995 778 1144 812 eamdem
1165 779 1434 821 1·ecogn0verint;
1458 785 1489 813 et
1507 785 1680 824 propterea
1700 780 1739 814 ab

996 832 1084 866 omni
1109 832 1344 874 iurisdictione,
1372 834 1610 877 superioritate,
1634 834 1740 868 domi-

995 887 1049 921 nio
1070 893 1101 921 et
1120 893 1279 932 potestate
1300 897 1584 932 quorumcumque
1602 888 1740 922 aliorum

996 947 1161 986 exempta,
1190 953 1227 976 ae
1255 942 1315 976 soli
1344 943 1490 976 Romano
1520 942 1670 976 Pontifici
1704 953 1741 976 ac

996 995 1069 1029 Sedi
1089 996 1276 1040 praedictae
1294 1001 1366 1040 post
1383 996 1534 1030 eumdem
1550 995 1740 1040 episcopum

996 1049 1140 1084 subiecta
1156 1060 1223 1084 esse
1238 1049 1469 1093 dignoscantur
1483 1050 1593 1094 (quain
1608 1049 1739 1094 quidem

996 1104 1258 1148 superioritatem
1281 1104 1380 1138 felicis
1402 1104 1638 1138 recordationis
1658 1105 1740 1138 Pau-

997 1159 1046 1192 lus
1062 1159 1148 1203 Papa
1160 1159 1200 1192 ΙΙΙ
1218 1159 1449 1203 praedeeessor
1462 1164 1582 1199 noster,
1598 1169 1656 1203 per
1668 1169 1741 1192 suas

999 1212 1030 1245 in
1051 1213 1155 1246 forma
1175 1212 1283 1246 Brevis
1308 1212 1448 1256 desuper
1472 1212 1636 1256 expeditas
1656 1212 1742 1246 litte-

999 1276 1066 1307 ras,
1095 1276 1233 1310 quarum
1261 1271 1407 1299 tenorem
1433 1265 1658 1310 praesentibus
1682 1276 1742 1310 pro

998 1329 1148 1363 expresso
1174 1319 1287 1352 haberi
1313 1319 1484 1360 volumus,
1513 1319 1740 1359 confirmavit,

998 1373 1131 1417 ipsaque
1145 1379 1249 1407 castra
1270 1373 1422 1417 episeopo
1435 1373 1608 1406 Parentino
1629 1383 1665 1406 ae
1682 1373 1744 1406 Ro-

998 1437 1094 1460 mano
1112 1426 1261 1460 Pontifici
1280 1432 1311 1460 et
1325 1426 1399 1460 Sedi
1418 1426 1604 1460 huiusmodi
1619 1431 1742 1460 tantum

997 1480 1142 1513 subiecta
1157 1479 1349 1514 remansisse
1365 1485 1393 1513 et
1412 1490 1581 1514 remanere
1603 1479 1745 1514 decrevit

998 1539 1028 1567 et
1050 1533 1267 1577 declaravit¹>3

1043 1589 1058 1630 ,ξ
1081 1587 1110 1620 ⁹2.
1137 1588 1215 1621 Cum
1237 1593 1357 1629 autem,
1381 1588 1464 1621 sicut
1484 1587 1596 1621 eadem
1619 1587 1743 1632 exposi-

1000 1641 1042 1675 tio
1067 1641 1305 1684 subiungebat‚
1333 1641 1478 1675 firmiora
1509 1641 1573 1675 sint
1598 1652 1635 1675 ea
1659 1651 1742 1685 quae

997 1695 1087 1728 Sedis
1110 1695 1296 1739 praedictae
1321 1694 1504 1739 patrocinio
1529 1694 1739 1735 muniuntur,
1758 1700 1946 1753 conlsstffigriitfflff

998 1748 1174 1793 cupiasque
1187 1749 1446 1783 iurisdietionem
1465 1749 1664 1793 praedictam
1686 1759 1743 1792 per
1757 1754 1883 1781 Eiuscorus·

998 1812 1056 1836 nos
1081 1802 1286 1843 confirmari3
1310 1802 1469 1847 nobisque
1490 1808 1664 1847 propterea
1684 1802 1743 1835 hu-

999 1856 1119 1890 militer
1143 1857 1318 1901 supplicari
1350 1857 1463 1890 seceris
1488 1862 1523 1890 ut
1549 1856 1605 1890 tibi
1631 1862 1661 1890 et
1686 1867 1741 1890 ee-

998 1911 1114 1944 clesiae
1133 1916 1205 1944 tuae
1221 1910 1407 1954 praedictae
1425 1910 1457 1943 in
1478 1910 1664 1954 praemissis
1686 1920 1744 1954 op-

998 1970 1136 2009 portune
1161 1964 1332 2008 providere
1364 1964 1402 1997 de
1436 1963 1633 2007 benignitate
1665 1974 1743 2008 apo-

998 2019 1111 2052 stolica
1136 2018 1365 2061 dignaremur:

1044 2075 1060 2115 ἕ
1081 2072 1111 2106 3,
1136 2073 1198 2106 Nos
1223 2072 1333 2115 igitur,
1357 2072 1411 2117 qui
1433 2082 1492 2116 pro
1516 2072 1617 2106 nostri
1638 2077 1744 2116 pasto-

999 2126 1074 2160 ralis
1095 2125 1192 2160 officii
1213 2136 1347 2160 munere
1372 2125 1574 2169 singularum
1596 2124 1745 2159 ecclesia-

1001 2191 1072 2214 rum
1086 2187 1117 2214 et
1129 2180 1319 2225 praesertim
1333 2179 1567 2213 cathedralium
1583 2178 1744 2213 indemni-

1001 2234 1076 2275 tati,
1100 2240 1256 2278 quantum
1290 2244 1363 2267 eum
1394 2233 1532 2267 Domino
1557 2242 1740 2277 possumus,

1000 2287 1139 2321 libenter
1163 2287 1380 2329 consulimus,
1408 2286 1595 2321 huiusmodi
1620 2285 1744 2330 suppli-

1001 2341 1181 2375 cationibus
1199 2341 1358 2382 inclinati,
1375 2340 1629 2374 iurisdictionem
1645 2345 1676 2372 et
1692 2350 1745 2373 su-

1001 2396 1224 2440 perioritatem
1239 2396 1451 2441 praedictam,
1468 2406 1504 2430 ac
1527 2395 1648 2429 litteras
1669 2394 1744 2428 dicti

1791 1055 1849 1085 Quod
1866 1058 1943 1079 contir-

1756 1085 1820 1102 ῐΠὸΗΙ
1862 1084 1942 1106 Paulus

1757 1109 1848 1133 Tertius,

1773 2182 1886 2204 Confirmat
1901 2181 1945 2203 Cle·

1759 2216 1823 2232 mens.

1037 2495 1050 2522 1
1073 2494 1234 2522 Praedictae
1254 2494 1360 2521 litterae
1385 2494 1459 2521 Pauli
1480 2493 1516 2520 ΙΙΙ
1537 2501 1589 2519 non
1609 2492 1746 2520 habentur

1002 2538 1028 2565 in
1048 2539 1201 2572 Bullario;
1222 2539 1269 2566 sed
1290 2542 1381 2565 extant
1401 2537 1472 2574 apud
1492 2537 1598 2573 Uglielli
1627 2537 1679 2565 loc.
1698 2537 1745 2564 cit.

1002 2591 1063 2619 pag.
1080 2584 1143 2618 416,
1163 2584 1213 2611 sub
1234 2584 1295 2611 data
1314 2584 1349 2610 30
1368 2583 1435 2611 iunii
1457 2582 1536 2615 1542,
1559 2586 1586 2609 et
1606 2582 1632 2609 in
1652 2590 1746 2609 earum

226 2627 302 2654 Ruit.
329 2635 380 2654 non
403 2628 548 2663 reperitur,
571 2628 619 2655 sed
644 2628 733 2656 ridere
751 2627 814 2654 illud
838 2631 879 2655 est
898 2627 969 2662 apud
1002 2629 1135 2664 principio
1155 2629 1276 2656 eiusdem
1292 2628 1348 2655 sere
1363 2627 1464 2655 tenoris
1479 2631 1550 2662 sunt,
1566 2627 1610 2662 qui
1627 2630 1688 2655 ante
1702 2634 1747 2662 pa-

228 2671 331 2706 ttghetti
347 2672 411 2700 ibid.
428 2681 488 2709 pag.
505 2673 610 2709 41⁴2(st
632 2675 667 2707 Τ).

1004 2673 1150 2702 rentliesim
1171 2673 1229 2701 lieic
1246 2682 1325 2709 supra
1346 2673 1444 2708 legitur
1463 2674 1500 2708 (a.
1519 2673 1567 2707 in).
