2227 3241
265 299 360 327 ηε.
381 299 449 327 ¹604
494 290 558 324 140

265 347 703 390 cessat’ueruntin.ssssssfsssssslldssss,
731 356 767 379 ea
794 351 916 379 tantum
942 345 1124 390 privilegia,
1152 345 1201 378 in-

266 389 322 408 ilutta
334 395 449 409 cunnum„-

291 996 375 1015 sintina
400 1000 449 1015 tero

264 1022 293 1042 ab
331 1021 449 1041 ordinariis

265 1049 343 1069 delient
371 1054 449 1073 appro-

265 1075 326 1097 bari.
360 1075 449 1100 eiusque

264 1102 374 1122 >minacem
402 1106 449 1121 cor-

265 1131 361 1148 rectiont.

285 1796 451 1822 Aggrogationes

265 1822 375 1843 faciendae
395 1823 452 1843 iuxta

265 1849 374 1869 formulam
386 1855 397 1869 a
407 1850 452 1869 (Ile-

264 1875 381 1896 montevttt
390 1882 451 1902 prae-

264 1903 371 1928 scriptam.

464 400 655 443 (lulgentias,
676 399 842 432 facultates
865 399 1008 442 aliasque
1021 399 1202 443 spirituales

464 454 582 495 gratias
602 459 632 486 et
654 453 789 493 indulta,
814 463 896 496 quae
918 453 974 496 ipsi
996 452 1126 493 Ordini,
1150 462 1201 485 re-

464 507 597 549 ligioni,
620 506 764 539 instituto
786 506 940 549 erigenti,
969 506 1145 539 instituenti
1167 517 1203 539 ac

464 559 737 599 communicanti,
769 570 823 593 seu
854 559 1201 593 arcliiconsraternitati

464 617 494 644 et
514 613 757 655 congregationi
779 612 964 655 aggreganti
987 612 1178 645 nominatim
1193 640 1200 652 ,

464 670 494 697 et
514 665 545 697 in
563 666 680 709 specie,
704 677 768 699 non
790 672 898 700 autem
919 677 1001 710 quae
1020 677 1078 711 per
1097 672 1204 699 exten-

463 718 587 752 sionem
602 719 649 752 vel
669 720 998 754 communicationem
1018 720 1077 753 sibi
1093 720 1204 764 quovis

464 772 562 805 modo
581 783 732 806 concessa
754 779 838 815 sunt,
863 781 893 807 et
914 774 967 807 illa
988 774 1118 818 quidem
1139 784 1203 807 non

463 825 522 857 sub
541 826 683 867 generali
704 827 809 859 forma
829 828 1015 868 verborum,
1034 828 1081 860 vel
1101 828 1140 860 ad
1158 827 1204 860 in-

463 884 539 917 star,
568 879 623 912 sed
645 889 794 923 expresse
815 886 842 914 et
866 880 897 913 in
918 881 1024 925 specie
1052 891 1202 914 eommu-

463 931 572 965 nicare
593 934 730 966 valeant.

509 985 523 1027 ἓ
544 983 573 1018 5.
598 985 720 1018 Statuta
741 991 846 1020 autem
873 997 932 1031 pro
965 987 1121 1029 regimine
1141 987 1202 1020 Or-

465 1037 590 1079 dinum,
618 1039 811 1081 religionum
835 1045 866 1073 et
895 1040 1115 1073 institutorum
1138 1040 1202 1073 eri-

465 1091 622 1133 gentium,
647 1098 677 1125 et
699 1093 946 1135 instituentium,
975 1105 1010 1127 ac
1032 1094 1207 1127 eommuni-

465 1145 631 1184 cantium,
663 1156 718 1178 seu
750 1146 1144 1180 arcbiconfraternitatum
1178 1153 1208 1180 et.

465 1199 753 1240 congregationum
770 1227 777 1240 ,
806 1201 1068 1243 aggregantium,
1097 1202 1203 1241 edita,

465 1251 780 1286 confraternitatilms
828 1259 858 1286 et
900 1254 1206 1296 congregationibus

466 1302 639 1345 erigendis,
657 1304 863 1338 instituendis
881 1311 908 1339 et
931 1307 1154 1349 aggregandis,
1177 1312 1206 1340 et

465 1356 583 1399 quibus
615 1358 930 1392 communicationes
964 1359 1206 1403 privilegiorum

466 1415 497 1442 et
513 1410 651 1443 aliorum
673 1411 914 1455 praedictorum
936 1413 1028 1454 sumt,
1049 1413 1206 1457 impertiri

464 1473 529 1496 non
555 1464 701 1507 possint,
725 1465 787 1498 nisi
808 1476 844 1499 ea
873 1466 963 1510 prius
990 1467 1030 1499 ab
1055 1467 1208 1511 episcopo

466 1516 658 1551 dioecesano
672 1519 864 1560 examinata,
882 1527 911 1552 et
929 1530 989 1563 pro
1004 1520 1130 1553 ratione
1145 1521 1206 1554 loci

465 1570 644 1613 approbata
658 1571 786 1613 suerint,
805 1583 886 1615 quae
902 1573 1114 1606 nibilominus
1126 1574 1207 1607 eius-

466 1623 539 1656 dem
561 1624 703 1668 episcopi
725 1625 873 1666 decretis,
891 1636 927 1659 ac
948 1627 1163 1660 moderationi
1178 1634 1208 1660 et

466 1678 659 1710 correctioni
680 1678 712 1711 in
733 1679 884 1712 omnibus
913 1690 1040 1724 semper
1066 1680 1207 1713 subiecta

466 1736 666 1764 remaneant.

512 1786 528 1825 S
549 1785 579 1817 o.
603 1786 737 1829 Insuper
754 1786 901 1819 volumus
920 1793 947 1820 et
970 1787 1157 1821 ordinamus
1174 1795 1209 1822 ut

467 1837 622 1881 praedicti
652 1838 806 1880 Ordines,
840 1840 1033 1882 religiones,
1064 1841 1209 1874 instituta

467 1890 635 1933 erigentia,
653 1891 852 1926 instituentia
867 1904 903 1926 ac
921 1894 1205 1936 communicantia,

466 1954 526 1977 nec
546 1954 611 1977 non
629 1945 1000 1980 arcliiconfraternitates
1022 1953 1051 1981 ct
1072 1958 1208 1991 congre-

466 1998 611 2039 gationes
625 2005 846 2042 aggregantes,
858 2006 977 2034 certam
994 2001 1150 2043 erigendi,
1162 2002 1210 2034 in-

466 2051 619 2086 stituendi
635 2080 642 2093 ,
666 2054 863 2096 aggregandi
885 2060 916 2087 et
946 2055 1207 2088 communicandi

467 2105 640 2138 formulam
659 2116 676 2138 a
689 2106 783 2139 nobis
801 2107 975 2140 novissime
996 2108 1207 2151 approbatam

466 2157 638 2200 diligenter
650 2158 830 2201 observent,
842 2160 1020 2193 secundum
1035 2170 1130 2204 quam
1145 2160 1209 2204 pri-

466 2211 592 2254 vilegia,
617 2212 845 2254 indulgentias,
874 2214 1040 2247 facultates
1066 2214 1209 2258 aliasque

465 2264 651 2308 spirituales
669 2266 789 2308 gratias
815 2271 845 2299 et
871 2266 995 2300 indulta
1020 2267 1097 2310 ipsis
1117 2267 1208 2300 Ordi-

466 2318 573 2359 nibus,
589 2318 812 2361 religionibus,
832 2319 982 2352 institutis
997 2320 1205 2361 erigentibus,

468 2371 710 2405 instituentibus
737 2378 768 2405 et
792 2372 1125 2413 communicantilms,
1154 2384 1207 2406 seu

468 2423 880 2458 archiconsraternitatibus
900 2431 931 2458 et
951 2426 1210 2468 congregationi-

468 2476 528 2509 bus
558 2477 829 2520 aggregantibus,
860 2478 1054 2511 nominatim
1089 2484 1120 2512 et
1156 2489 1208 2512 ex-

467 2539 586 2573 presse,
597 2541 661 2563 non
675 2536 781 2565 autem
795 2542 853 2575 per
866 2532 1205 2574 communicationem,

467 2593 573 2627 neque
591 2584 630 2617 ad
650 2585 760 2626 instar,
777 2591 933 2630 utsupra,
951 2596 1115 2627 concessa,
1133 2587 1209 2630 ipsis

469 2637 787 2672 confraternitatibus
831 2644 862 2672 et
905 2640 1208 2682 congregationibus

471 2689 651 2731 erigendis,
681 2691 884 2726 instituendis
909 2698 938 2726 et
968 2693 1202 2736 aggregandis,

1043 297 1226 322 BULLARIUM
1245 297 1400 322 ROMANUM

1237 351 1267 378 et
1292 346 1410 389 quibus
1436 345 1747 379 communicationes
1772 345 1864 387 fiunt,
1888 357 1976 380 com-

1238 399 1402 432 municare
1422 399 1563 442 possint;

1281 454 1297 493 ξ
1328 452 1356 485 7.
1386 452 1508 491 Quibus
1540 452 1818 486 confraternitates
1843 459 1873 486 et
1901 464 1977 487 con-

1237 505 1439 547 gregationes
1469 505 1613 538 eiusdem
1643 506 1809 539 dumtaxat
1837 507 1977 539 nationis

1238 565 1265 592 et
1292 559 1443 596 nominis,
1472 559 1611 598 Ordinis,
1635 559 1812 602 religioni&
1836 565 1866 593 et
1887 559 1977 593 insti-

1239 612 1308 653 tuti,
1326 612 1688 645 areliiconsraternitatis
1706 617 1737 645 et
1755 613 1979 655 congregatio-

1239 665 1297 706 nis,
1320 665 1370 698 cui
1394 670 1623 708 aggregantur,
1640 671 1716 699 -tam
1738 666 1893 700 hactenus
1917 676 1975 709 ag-

1238 724 1398 761 gregatae,
1411 729 1506 762 quam
1520 719 1732 762 imposterum
1745 720 1979 762 aggregandae,

1240 778 1385 813 utantur,
1417 772 1584 816 potiantur
1614 778 1646 805 et
1669 773 1850 815 gaudeant;
1879 773 1921 806 ita
1944 778 1980 806 ut

1240 826 1397 859 dictarum
1421 826 1719 859 confraternitatum
1742 831 1774 859 et
1797 836 1977 869 congrega-

1242 879 1363 911 tionum
1389 884 1567 912 erectarum
1585 906 1592 919 ,
1620 879 1838 913 institutarum
1865 885 1895 913 et
1927 890 1981 923 ag-

1240 937 1458 974 gregaturum,
1476 943 1512 965 ac
1532 932 1650 976 quibus
1670 933 1981 967 communicationes

1242 987 1341 1019 sactae
1366 992 1451 1026 sunt,
1476 986 1613 1019 ministri
1635 991 1666 1019 et
1683 986 1853 1027 officiales,
1877 992 1908 1020 et
1927 987 1981 1020 alii

1240 1040 1436 1083 supradicti,
1467 1039 1652 1083 privilegia,
1677 1040 1905 1082 indulgentias,
1930 1041 1978 1073 sa—

1241 1094 1375 1126 cultates
1389 1093 1531 1136 aliasque
1549 1092 1732 1136 spirituales
1750 1094 1867 1136 gratias
1888 1099 1918 1127 et
1935 1094 1982 1127 in-

1241 1147 1330 1179 dulta
1343 1146 1541 1186 huiusmodi,
1562 1146 1692 1189 praevia
1707 1152 1812 1179 tamen
1832 1147 1982 1190 recogni-

1243 1200 1330 1233 tione
1343 1199 1504 1233 Ordinarii
1523 1199 1596 1239 loci,
1614 1199 1668 1243 qui
1684 1199 1837 1233 adhibitis
1856 1200 1982 1234 duobus

1242 1253 1280 1285 de
1301 1253 1443 1285 eiusdem
1466 1252 1619 1285 ecclesiae
1640 1253 1797 1296 capitulo,
1821 1253 1875 1286 illa
1896 1253 1982 1286 iuxta

1241 1306 1322 1339 sacri
1344 1305 1477 1339 Concilii
1505 1305 1683 1338 Tridentini
1713 1307 1880 1339 decretum
1905 1317 1982 1350 pro-

1242 1359 1416 1402 mulganda
1441 1360 1611 1399 decernat,
1642 1359 1758 1393 debitis
1779 1360 1983 1404 temporibus

1242 1413 1450 1456 promulgare
1469 1413 1606 1445 valeant.

1287 1468 1302 1507 ξ
1324 1465 1353 1498 8.
1382 1465 1504 1504 Quibus
1525 1465 1618 1498 etiam
1642 1465 1806 1507 ministris,
1834 1465 1982 1500 officiali-

1242 1519 1313 1560 bus,
1336 1525 1366 1552 et
1390 1519 1460 1551 aliis
1485 1519 1669 1562 praedictiS,
1693 1519 1924 1564 eleemosynas,
1952 1526 1983 1554 et

1242 1572 1303 1605 alia
1317 1572 1424 1605 oblata
1438 1572 1631 1606 christianae
1646 1573 1810 1606 charitatis
1823 1573 1978 1613 subsidia,

1242 1625 1328 1658 iuxta
1359 1626 1490 1658 modum
1524 1632 1555 1659 et
1583 1626 1720 1658 sormam
1751 1637 1811 1670 per
1840 1626 1979 1660 Ordina-

1244 1679 1326 1711 rium
1342 1678 1402 1711 loci
1416 1679 1700 1722 praescribendam
1716 1680 1863 1724 (remotis
1877 1685 1983 1713 tamen

1244 1732 1371 1773 mensis,
1399 1732 1545 1776 pelvibus
1566 1738 1598 1766 et
1621 1733 1736 1776 capsis,
1767 1743 1851 1777 quae
1872 1733 1904 1766 in
1925 1743 1981 1766 ec-

1243 1785 1348 1819 clesiis
1373 1791 1403 1819 et
1423 1786 1573 1819 oratoriis
1598 1786 1756 1819 dictarum
1775 1786 1986 1820 confraterni-

1244 1845 1344 1873 tatum
1363 1845 1394 1873 et
1411 1839 1698 1882 congregationum
1717 1839 1845 1884 publice
1866 1839 1906 1873 ad
1923 1839 1985 1873 hoc

1244 1893 1358 1937 exponi
1379 1894 1629 1937 consueverunt)
1644 1893 1825 1937 excipiendi
1844 1898 1986 1938 potestas

1244 1948 1346 1980 detur.
1375 1948 1478 1991 Atque
1503 1948 1565 1980 boe
1591 1948 1694 1991 ipsum
1724 1946 1876 1989 Ordines,
1910 1947 1985 1980 reli-

1244 2001 1375 2044 giones,
1400 2001 1544 2034 instituta
1570 2001 1749 2044 erigentia,
1772 2001 1982 2042 instituentia‚

1243 2066 1279 2088 ac
1300 2055 1583 2094 communicantia,
1604 2065 1659 2088 seu
1681 2054 1985 2088 archiconfraterni-

1245 2114 1324 2142 tates
1337 2114 1365 2141 et
1387 2108 1657 2151 congregationes
1678 2113 1899 2150 aggregantes,
1919 2113 1985 2142 tam

1244 2162 1348 2195 almae
1368 2162 1462 2195 Urbis
1482 2167 1626 2203 nostrae,
1655 2172 1751 2205 quam
1777 2161 1914 2195 aliarum
1940 2161 1986 2195 ci-

1244 2214 1376 2247 vitatum
1392 2220 1419 2247 et
1433 2215 1577 2248 locorum
1593 2224 1886 2258 quorumcumque,
1901 2214 1986 2248 iuxta

1245 2268 1376 2301 modum
1397 2278 1415 2300 a
1434 2268 1554 2301 vicario
1574 2268 1680 2309 Urbis,
1702 2274 1732 2302 et
1752 2268 1791 2301 ab
1809 2267 1986 2302 Ordinariis

1245 2321 1388 2354 locorum
1411 2322 1585 2365 respective
1607 2321 1908 2365 praescribendum,
1929 2320 1986 2354 ob-

1243 2385 1369 2408 servare
1399 2380 1579 2408 teneantur.
1614 2375 1843 2418 Eleemosynas
1877 2379 1983 2408 autem

1243 2428 1287 2461 sic
1308 2429 1458 2461 collectas
1479 2429 1510 2461 in
1529 2428 1767 2471 reparationem
1786 2433 1817 2461 et
1833 2433 1984 2461 ornatum

1244 2481 1465 2522 ecclesiarum,
1488 2487 1551 2514 tam
1573 2481 1748 2521 Ordinum,
1773 2481 1981 2524 religionum,

1244 2534 1464 2567 institutorum
1479 2533 1684 2576 erigentium,
1701 2526 1939 2567 instituentium
1953 2539 1985 2567 et

1242 2587 1563 2628 communicantium,
1588 2597 1624 2620 ac
1644 2587 1985 2620 arcliiconsraternita-

1244 2647 1310 2674 tum
1340 2646 1370 2675 et
1398 2640 1685 2684 congregationum
1717 2641 1981 2684 aggregantium,

1242 2705 1338 2738 quam
1364 2695 1665 2729 confraternitatum
1698 2701 1729 2729 et
1759 2695 1984 2738 congregatio-

1989 297 2040 325 An.
2055 297 2084 326 c.
2106 297 2179 327 160⁸*

2024 456 2174 484 Indulgentiae,

1992 485 2028 504 etc.
2044 484 2131 509 praetia
2142 490 2173 506 re·
2210 507 2211 510 Ἴ

1992 510 2111 535 cognitione
2135 511 2172 532 Or·
2206 514 2207 517 ¹

1992 536 2068 556 ‹tinarii
2086 538 2174 562 promul·
2219 543 2222 546 ’

1993 562 2083 589 gandae.

2010 1462 2041 1484 De
2049 1462 2112 1484 modo
2118 1468 2181 1489 quae-
2191 1461 2210 1482 ²:

1997 1490 2056 1510 rendi
2067 1489 2180 1516 eleemosy-
2196 1493 2205 1516 ζ,

1995 1521 2040 1539 nas,
2049 1521 2128 1543 easque
2135 1521 2180 1537 ero·
2196 1536 2200 1539 .

1997 1544 2068 1570 gandi.
