2227 3241
9 256 58 286 An.
75 255 103 284 C.
126 255 193 284 1605

47 1533 109 1554 Fide<
125 1536 182 1556 tran-

11 1562 134 1587 umptorum.

845 256 962 282 PAULUs
989 260 1005 281 V
1034 260 1076 281 l'l‘.

206 303 386 338 tutionibus
407 309 439 338 et
462 304 722 339 ordinationibus
741 305 944 349 apostolicis,

204 357 382 401 privilegiis
395 368 537 402 quoque,
552 358 685 392 indultis
698 364 728 392 et
745 358 858 392 litteris
872 369 948 403 apo-

205 411 338 453 stolicis,
360 411 419 445 sub
444 412 704 457 quibuscumque
726 413 893 447 tenoribus
918 420 946 447 et

206 464 328 507 formis,
350 475 387 499 ae
407 476 481 499 cum
502 466 669 510 quibusvis
683 467 835 500 clausulis
849 473 879 500 et
893 468 946 500 de-

205 518 310 560 cretis,
334 519 366 552 in
383 530 501 562 genere
514 520 563 553 vel
581 520 613 553 in
630 520 748 564 speeie,
768 530 805 554 ac
819 521 895 554 alias
915 521 946 553 in

205 572 402 606 contrarium
423 573 669 616 quomodolibet
695 574 865 615 concessis,
890 585 946 618 ap-

203 625 350 670 probatis
365 631 396 659 et
413 625 582 659 innovatis.
607 626 728 666 Quibus
748 627 899 661 omnibus
917 635 944 661 et

203 678 349 722 singulis,
367 679 464 713 etiam
478 679 504 712 si
526 680 565 713 de
582 679 645 713 illis
662 679 858 725 illorumque
874 681 946 715 totis

205 732 370 766 tenoribus
389 732 547 777 specialis,
571 733 732 777 specifica,
751 744 899 778 expressa
917 742 943 769 et

203 785 380 827 individua,
404 786 469 820 non
491 792 598 820 autem
624 797 682 831 per
708 788 868 821 clausulas
892 799 945 831 ge-

203 840 331 874 nerales
360 840 446 874 idem
476 840 709 885 importantes‚
738 842 859 875 mentio
889 853 943 876 seu

203 893 335 938 quaevis
355 893 418 927 alia
443 894 600 938 espressio
621 894 771 928 habenda
792 896 884 937 soret,
908 896 945 937 ι’,Ι-

202 947 309 980 lorum
328 952 457 981 tenores
474 948 700 992 praesentibus
713 959 772 993 pro
788 949 944 993 expressis

202 999 370 1042 habentes,
392 1001 453 1035 illis
473 1001 563 1035 allias
588 1002 620 1035 in
644 1013 703 1036 suo
728 1003 851 1036 rohone
872 1013 944 1047 per-

203 1054 373 1096 mansuris,
387 1055 447 1088 hac
459 1055 526 1089 viee
540 1056 705 1090 dumtaxat
720 1057 901 1100 specialiter
915 1064 942 1091 et

202 1119 350 1153 expresse
372 1109 578 1152 derogamus,
608 1111 779 1144 contrariis
804 1111 940 1155 quibus-

201 1158 353 1207 cumque,
369 1168 424 1196 aut
443 1163 468 1196 si
486 1163 648 1207 aliquibus
662 1165 879 1198 communiter
896 1166 941 1199 vel

201 1215 328 1249 divisim
351 1216 390 1249 ab
412 1217 588 1260 apostolica
605 1217 645 1251 sit
665 1218 745 1252 Sede
767 1218 940 1260 indultum,

201 1269 289 1312 quod
306 1269 470 1310 interdici,
491 1271 644 1314 suspendi
658 1271 705 1305 vel
727 1273 944 1305 excommuni-

201 1322 266 1356 cari
296 1333 361 1356 non
388 1324 513 1367 possint
531 1335 590 1368 per
612 1325 731 1358 litteras
752 1326 943 1369 apostolicas

199 1386 264 1410 non
278 1376 431 1410 facientes
449 1377 579 1420 plenam
599 1384 628 1411 et
643 1389 838 1422 expressam,
854 1390 889 1413 ac
903 1380 942 1413 de

199 1430 299 1464 verbo
320 1430 359 1464 ad
385 1431 518 1464 verbum
540 1431 579 1464 de
605 1432 730 1465 indulto
756 1433 940 1467 huiusmodi

199 1483 408 1517 mentionem.

245 1538 262 1580 g
284 1536 314 1570 8.
329 1537 366 1570 Et
378 1538 452 1581 quia
467 1537 597 1572 difficile
615 1540 697 1573 soret
711 1539 837 1572 easdem
853 1552 941 1584 prac-

199 1596 305 1624 sentes
326 1591 367 1624 ad
390 1591 517 1634 singula
542 1602 689 1636 quaeque
716 1593 785 1626 loca
810 1594 938 1635 deterri,

197 1644 344 1678 volumus
358 1651 388 1678 et
402 1645 497 1679 etiam
516 1646 718 1680 declaramus
732 1647 818 1690 quod
829 1659 939 1681 earum

200 1698 411 1742 transumptis
428 1698 524 1732 etiam
543 1699 708 1744 impressis
729 1712 827 1734 manu
847 1702 942 1735 alieu-

196 1751 245 1785 ius
270 1751 389 1785 notarii
414 1752 535 1796 publici
556 1753 755 1798 subscriptis,
775 1765 811 1788 ae
836 1755 940 1797 sigillo

195 1805 332 1839 alicuius
340 1817 498 1850 personae
512 1807 544 1839 in
558 1807 712 1850 dignitate
727 1808 940 1842 ecclesiastica

198 1859 389 1893 constitutae
407 1860 551 1901 munitis,
572 1861 684 1894 eadem
706 1872 837 1905 prorsus
861 1862 941 1897 fides

200 1912 404 1954 adhibeatur,
425 1924 461 1946 ac
480 1913 505 1947 si
523 1920 709 1958 praesentes
727 1915 830 1949 forent
854 1915 940 1949 exhi-

196 1965 282 1999 bitae
302 1966 350 1999 vel
372 1972 527 2000 ostentae.

239 2020 353 2052 Datum
375 2020 496 2054 Romae
521 2021 608 2065 apud
622 2027 768 2054 sanctum
783 2023 935 2063 Marcum,

197 2072 255 2106 sub
294 2073 414 2107 annulo
452 2074 622 2108 piscatoris
655 2075 706 2108 die
740 2086 779 2109 xx
811 2077 937 2120 augusti

196 2136 300 2168 nnev,
328 2127 536 2171 pontificatus
561 2129 663 2162 nostri
686 2141 771 2164 anno
792 2141 813 2165 ι.

231 2188 290 2216 Dat.
314 2188 358 2217 die
378 2189 414 2216 20
433 2191 539 2226 augusti
564 2192 640 2222 1605,
657 2200 726 2220 anno
743 2200 759 2219 ι,

538 2317 600 2349 Vll.

195 2395 321 2428 Erectio
331 2394 460 2439 colleqt'i
477 2396 524 2428 vet
533 2395 709 2430 seminarii
724 2396 939 2430 Colimbrien-

239 2448 284 2481 sis
310 2448 340 2480 in
368 2449 478 2491 reynis
501 2449 754 2492 Hispaniarum,
777 2461 836 2493 pro
863 2450 938 2483 reli-

239 2501 339 2545 9iost's
359 2502 560 2534 militiarum
578 2502 609 2535 S.
633 2502 742 2535 Iacobo*
759 2502 795 2535 de
813 2503 939 2546 Spullta

241 2559 270 2588 et
284 2555 315 2589 S.
337 2555 508 2589 Benedicti
527 2555 565 2589 cle
581 2555 690 2589 A2·e's¹.

235 2671 244 2696 1
268 2669 391 2696 Militiam
410 2670 434 2696 S.
452 2669 540 2698 iacobi
556 2671 715 2706 approbavit
737 2670 888 2698 Alexander
905 2670 936 2697 tlt

242 2723 320 2752 Butt.
337 2723 420 2751 Rom.
442 2724 499 2752 Vol.
518 2725 567 2752 XI.
768 2725 801 2752 2⁸

1629 247 1690 281 -217

1222 307 1333 334 Paulus
1354 307 1433 341 Papa
1447 307 1479 339 V,

1104 360 1145 387 Ad
1165 363 1342 395 perpetuam
1361 359 1406 387 rei
1426 360 1607 388 memoriam.

1026 467 1067 499 lix
1087 466 1231 500 iniuncto
1253 467 1346 500 nobis
1363 467 1535 511 pastoralis
1549 467 1647 500 officii
1669 468 1723 500 de-

981 519 1059 560 bito,
1084 530 1149 563 quo
1171 520 1380 554 ecclesiarum
1403 527 1430 553 et
1462 521 1618 554 Ordinum
1640 532 1722 565 quo-

982 583 1197 616 rumcumque
1212 574 1408 616 regularium
1425 575 1520 608 etiam
1535 575 1721 608 militiarum

982 627 1151 669 regimini,
1183 626 1289 660 divina
1311 627 1500 671 disponente
1532 629 1719 669 elementia,

981 680 1216 724 praesidemus,
1241 680 1271 713 in
1297 680 1345 713 his
1370 682 1568 715 auctoritatis
1593 689 1722 716 nostrae

980 739 1087 778 partes
1114 733 1252 766 libenter
1277 734 1536 778 interponimus,
1557 747 1616 779 per
1641 747 1722 779 quae

981 787 1188 820 ecclesiarum
1201 793 1231 820 et
1243 787 1362 821 Ordiuu
1369 798 1398 820 m
1407 789 1646 832 praedictorum
1655 801 1723 833 per—

980 850 1077 874 sonae
1090 850 1125 873 ac
1139 840 1277 874 ministri
1289 842 1642 876 sacrarumlitterarum
1658 849 1722 876 stu-

981 894 1040 928 diis
1058 894 1259 935 incutnbere,
1284 901 1315 928 et
1336 895 1376 928 ita
1396 896 1541 929 utiliores
1561 897 1722 930 Ecclesiae

979 948 1034 981 Dei
1053 947 1188 981 evadere
1206 948 1338 991 possint.

1025 1004 1040 1044 g
1068 1003 1091 1035 l.
1121 1002 1200 1036 Cum
1228 1002 1336 1046 itaque
1367 1003 1469 1046 (sicut
1502 1004 1658 1037 tutissimi
1688 1004 1720 1037 in

979 1055 1104 1089 Christo
1134 1055 1189 1088 tilii
1212 1056 1312 1089 nostri
1338 1056 1477 1100 Philippi
1504 1057 1721 1099 Portugalliae

979 1114 1009 1141 et
1042 1109 1267 1151 Algarhiorum
1300 1109 1383 1152 regis
1409 1110 1556 1143 catholici
1589 1111 1720 1144 nomine

979 1162 1071 1195 nohis
1093 1173 1196 1207 nuper
1214 1163 1393 1207 expositum
1414 1163 1493 1207 suit)
1512 1175 1627 1207 magna
1647 1175 1721 1209 pars

979 1216 1184 1249 ecclesiarum
1201 1217 1436 1261 parochialium
1457 1228 1630 1260 regnorum
1646 1219 1723 1252 l'or-

980 1270 1130 1311 tugalliae
1156 1277 1182 1303 et
1213 1270 1453 1313 Algarhiorum,
1471 1272 1663 1316 praesertim
1691 1273 1721 1305 in

980 1323 1192 1362 t'lislioneusi,
1218 1324 1396 1365 Elliorensi,
1413 1325 1651 1365 Colimbtiensi,
1673 1327 1722 1359 tit-

978 1377 1079 1416 ncnsi,
1097 1376 1327 1418 Pharaonensi,
1349 1378 1586 1421 Portalegrensi
1602 1385 1631 1412 et
1653 1380 1722 1412 alis

979 1430 1084 1463 forsan
1106 1430 1320 1471 dioecesibus,
1342 1437 1465 1464 constet
1479 1442 1514 1464 ex
1530 1439 1721 1476 praerepto-

978 1482 1030 1514 riis
1049 1493 1103 1515 seu
1126 1483 1329 1516 commendis
1351 1484 1538 1517 militiarum
1557 1484 1587 1518 S.
1615 1485 1720 1518 iacobi

977 1536 1015 1569 de
1042 1536 1160 1580 Spatha
1185 1536 1244 1570 sub
1270 1537 1380 1579 regula
1405 1538 1435 1571 S.
1464 1538 1656 1580 Augustini,
1685 1549 1721 1572 ac

976 1589 1004 1622 S.
1028 1590 1189 1623 Benedicti
1217 1590 1255 1623 de
1274 1590 1347 1623 Avis
1367 1590 1426 1624 sub
1447 1591 1558 1633 regula
1576 1591 1719 1625 eiusdem

975 1644 1004 1677 S.
1026 1643 1199 1683 Benedicti,
1224 1654 1305 1687 quae
1326 1644 1527 1687 parochiales
1546 1645 1716 1684 ecelesiae,

978 1704 1039 1729 tam
1050 1698 1158 1741 quoad
1170 1698 1351 1731 animarum
1367 1709 1489 1740 ruram,
1502 1709 1598 1742 quam
1613 1700 1720 1743 quoad

976 1750 1037 1783 alia
1057 1751 1248 1792 necessaria,
1264 1762 1321 1795 per
1338 1751 1544 1796 presbyteros
1562 1752 1719 1786 Ordinum

975 1804 1163 1837 earumdem
1187 1804 1376 1837 militiarum
1399 1805 1576 1848 respective
1592 1808 1719 1850 proles-

975 1867 1036 1899 sos,
1050 1869 1066 1891 a
1088 1859 1255 1902 praedicto
1276 1858 1426 1903 Philippo
1446 1870 1532 1902 rege,
1548 1860 1603 1904 qui
1623 1861 1718 1894 etiam

977 1912 1163 1945 militiarum
1174 1912 1415 1956 praedictarum
1427 1919 1604 1957 perpetuus
1618 1915 1720 1947 admi-

975 1965 1126 1999 nistrator
1146 1965 1322 2010 apostolica
1340 1966 1532 1999 auctoritate
1546 1967 1719 2010 deputatus

974 2020 1089 2060 existit,
1104 2030 1163 2063 pro
1187 2026 1330 2064 tempore
1351 2021 1617 2064 [uaesentandos
1638 2028 1664 2055 et
1679 2022 1718 2054 ab

974 2073 1152 2107 (ti-dinariis
1172 2074 1318 2108 locorum
1347 2075 1523 2118 respective
1550 2076 1718 2109 instituen-

973 2127 1031 2159 dos
1052 2127 1225 2169 gubernari
1241 2128 1360 2166 solent,

1019 2182 1034 2222 ξ
1061 2180 1090 2212 2.
1115 2181 1147 2213 Et
1177 2181 1296 2214 multae
1323 2181 1451 2215 illarum
1480 2181 1511 2214 in
1537 2181 1716 2215 cixitatibus

974 2240 1001 2267 et
1021 2234 1147 2278 oppidis
1168 2235 1350 2279 praecipuis
1376 2235 1564 2269 eorumdem
1592 2245 1711 2277 regno-

973 2314 998 2340 in
1010 2322 1057 2340 sua
1069 2314 1157 2341 Const.
1169 2321 1239 2341 Lxxx
1255 2315 1437 2349 Benedictus,
1455 2319 1519 2342 tom.
1538 2322 1564 2341 ιιι
1579 2323 1639 2350 pag.
1654 2316 1713 2344 781¹:

973 2358 1030 2385 eius
1042 2358 1303 2386 administrationem
1318 2359 1373 2394 regi
1386 2359 1570 2395 hispaniarum
1583 2360 1716 2386 concessit

974 2403 1108 2429 Adrianus
1131 2403 1180 2437 vt,
1203 2403 1292 2431 Const.
1325 2410 1349 2430 tv
1376 2405 1451 2431 Dum
1475 2404 1573 2437 intra,
1596 2408 1659 2430 tom.
1690 2410 1714 2430 vt

973 2456 1033 2483 pag.
1059 2449 1090 2474 123
1118 2447 1250 2474 indultum
1271 2448 1360 2475 eidem
1382 2448 1438 2482 regi
1459 2448 1651 2482 subdelegandi
1675 2448 1715 2474 in—

973 2491 1059 2519 dicem
1074 2497 1292 2519 conservatorem
1314 2492 1339 2518 in
1361 2492 1448 2518 causis
1470 2493 1603 2518 dictorum
1625 2492 1715 2528 hospi-

973 2537 1065 2563 talium
1087 2538 1220 2564 concessit
1246 2537 1370 2563 Clemens
1400 2536 1454 2562 vttt
1470 2558 1476 2569 ,
1502 2533 1593 2563 Const.
1620 2544 1715 2564 ct.xx1v

973 2582 1008 2610 tin
1031 2582 1056 2609 Ιι.
1079 2591 1105 2609 n.
1128 2582 1193 2610 edit.
1214 2589 1319 2612 Clixxxt.
1347 2587 1412 2609 tom.
1439 2589 1455 2608 x
1479 2583 1630 2617 1mg.⁴:l⁴.)).
1659 2583 1714 2609 Alia

973 2627 1113 2662 privilegia
1124 2635 1252 2655 concessa
1263 2627 1350 2654 dictae
1362 2627 1474 2655 militiae
1487 2635 1501 2655 a
1512 2628 1646 2655 Clemente
1658 2627 1713 2654 Vttt

973 2671 1056 2699 habes
1072 2672 1097 2699 in
1115 2671 1286 2708 praecedenti
1307 2676 1386 2699 tomo.

1739 258 1787 284 An.
1806 258 1833 284 C.
1857 257 1924 285 1605

1766 478 1887 500 Exordium.

1750 1019 1921 1045 Quaniphirimae

1736 1047 1852 1071 parochiae
1863 1052 1875 1066 a
1884 1053 1922 1066 ιιιι-

1735 1073 1808 1093 innius
1845 1073 1921 1093 harum

1736 1100 1857 1120 militiarum
1877 1099 1921 1125 regi

1736 1127 1840 1147 solebant.

1764 2200 1879 2219 Nonnul'ae
1897 2207 1916 2218 v·-

1731 2226 1780 2246 tiam
1790 2232 1823 2251 pe1
1834 2228 1917 2246 eusci-t.

1730 2253 1840 2278 tegamur.
