<?xml version="1.0" encoding="UTF-8"?>
<!DOCTYPE html PUBLIC "-//W3C//DTD XHTML 1.0 Transitional//EN"
    "http://www.w3.org/TR/xhtml1/DTD/xhtml1-transitional.dtd">
<html xmlns="http://www.w3.org/1999/xhtml" xml:lang="en" lang="en">
 <head>
  <title>
</title>
<meta http-equiv="Content-Type" content="text/html;charset=utf-8" />
  <meta name='ocr-system' content='tesseract 3.04.00' />
  <meta name='ocr-capabilities' content='ocr_page ocr_carea ocr_par ocr_line ocrx_word'/>
</head>
<body>
  <div class='ocr_page' id='page_1' title='image "./bullarumdiplomat11cath_0104.png"; bbox 0 0 2227 3241; ppageno 0'>
   <div class='ocr_carea' id='block_1_1' title="bbox 249 237 521 275">
    <p class='ocr_par' dir='ltr' id='par_1_1' title="bbox 249 237 521 275">
     <span class='ocr_line' id='line_1_1' title="bbox 249 237 521 275; baseline -0.007 -1"><span class='ocrx_word' id='word_1_1' title='bbox 249 247 301 275; x_wconf 77' lang='grc' dir='ltr'>Λη.</span> <span class='ocrx_word' id='word_1_2' title='bbox 319 247 348 275; x_wconf 90' lang='lat' dir='ltr'>c.</span> <span class='ocrx_word' id='word_1_3' title='bbox 366 247 433 275; x_wconf 72' lang='lat'>1604</span> <span class='ocrx_word' id='word_1_4' title='bbox 480 237 521 273; x_wconf 82' lang='grc'>66</span> 
     </span>
    </p>
   </div>
   <div class='ocr_carea' id='block_1_2' title="bbox 266 575 437 600">
    <p class='ocr_par' dir='ltr' id='par_1_2' title="bbox 266 575 437 600">
     <span class='ocr_line' id='line_1_2' title="bbox 266 575 437 600; baseline -0.006 -4"><span class='ocrx_word' id='word_1_5' title='bbox 266 575 437 600; x_wconf 70' lang='lat' dir='ltr'>Dcmgatiocon-</span> 
     </span>
    </p>
   </div>
   <div class='ocr_carea' id='block_1_3' title="bbox 253 605 370 623">
    <p class='ocr_par' dir='ltr' id='par_1_3' title="bbox 253 605 370 623">
     <span class='ocr_line' id='line_1_3' title="bbox 253 605 370 623; baseline -0.017 0"><span class='ocrx_word' id='word_1_6' title='bbox 253 605 324 623; x_wconf 72' lang='lat' dir='ltr'>trartut</span> <span class='ocrx_word' id='word_1_7' title='bbox 331 608 370 622; x_wconf 80' lang='lat' dir='ltr'>utu.</span> 
     </span>
    </p>
   </div>
   <div class='ocr_carea' id='block_1_4' title="bbox 449 295 1205 2001">
    <p class='ocr_par' dir='ltr' id='par_1_4' title="bbox 449 295 1190 541">
     <span class='ocr_line' id='line_1_4' title="bbox 449 295 1188 341; baseline 0.003 -12"><span class='ocrx_word' id='word_1_8' title='bbox 449 306 600 329; x_wconf 84' lang='lat' dir='ltr'>censuras</span> <span class='ocrx_word' id='word_1_9' title='bbox 618 301 648 329; x_wconf 90' lang='lat' dir='ltr'>et</span> <span class='ocrx_word' id='word_1_10' title='bbox 668 305 787 340; x_wconf 84' lang='lat' dir='ltr'>poenas</span> <span class='ocrx_word' id='word_1_11' title='bbox 800 295 1044 337; x_wconf 77' lang='lat' dir='ltr'>ecclesiasticas,</span> <span class='ocrx_word' id='word_1_12' title='bbox 1062 296 1188 341; x_wconf 85' lang='lat' dir='ltr'>aliaque</span> 
     </span>
     <span class='ocr_line' id='line_1_5' title="bbox 449 348 1189 394; baseline 0.001 -12"><span class='ocrx_word' id='word_1_13' title='bbox 449 355 633 393; x_wconf 81' lang='lat' dir='ltr'>opportuna</span> <span class='ocrx_word' id='word_1_14' title='bbox 653 348 731 382; x_wconf 89' lang='lat' dir='ltr'>iuris</span> <span class='ocrx_word' id='word_1_15' title='bbox 752 353 783 382; x_wconf 82' lang='lat' dir='ltr'>et</span> <span class='ocrx_word' id='word_1_16' title='bbox 802 348 876 382; x_wconf 86' lang='lat' dir='ltr'>facti</span> <span class='ocrx_word' id='word_1_17' title='bbox 894 349 1049 391; x_wconf 85' lang='lat' dir='ltr'>remedia,</span> <span class='ocrx_word' id='word_1_18' title='bbox 1078 351 1189 394; x_wconf 87' lang='lat' dir='ltr'>appel-</span> 
     </span>
     <span class='ocr_line' id='line_1_6' title="bbox 449 402 1189 447; baseline 0.003 -12"><span class='ocrx_word' id='word_1_19' title='bbox 449 402 569 436; x_wconf 87' lang='lat' dir='ltr'>latione</span> <span class='ocrx_word' id='word_1_20' title='bbox 597 402 773 445; x_wconf 72' lang='lat' dir='ltr'>postposita</span> <span class='ocrx_word' id='word_1_21' title='bbox 789 429 796 443; x_wconf 86' lang='lat'>‚</span> <span class='ocrx_word' id='word_1_22' title='bbox 828 404 1077 447; x_wconf 88' lang='lat' dir='ltr'>compescendo,</span> <span class='ocrx_word' id='word_1_23' title='bbox 1101 403 1189 438; x_wconf 88' lang='lat' dir='ltr'>invo-</span> 
     </span>
     <span class='ocr_line' id='line_1_7' title="bbox 451 454 1190 499; baseline 0.003 -11"><span class='ocrx_word' id='word_1_24' title='bbox 451 461 522 488; x_wconf 79' lang='lat' dir='ltr'>cato</span> <span class='ocrx_word' id='word_1_25' title='bbox 543 454 638 488; x_wconf 88' lang='lat' dir='ltr'>etiam</span> <span class='ocrx_word' id='word_1_26' title='bbox 659 455 699 487; x_wconf 91' lang='lat' dir='ltr'>ad</span> <span class='ocrx_word' id='word_1_27' title='bbox 720 454 797 495; x_wconf 87' lang='lat' dir='ltr'>hoc,</span> <span class='ocrx_word' id='word_1_28' title='bbox 829 455 855 488; x_wconf 89' lang='lat' dir='ltr'>si</span> <span class='ocrx_word' id='word_1_29' title='bbox 876 465 957 499; x_wconf 92' lang='lat' dir='ltr'>opus</span> <span class='ocrx_word' id='word_1_30' title='bbox 975 456 1083 498; x_wconf 83' lang='lat' dir='ltr'>suerit,</span> <span class='ocrx_word' id='word_1_31' title='bbox 1101 457 1190 490; x_wconf 83' lang='lat' dir='ltr'>auxi-</span> 
     </span>
     <span class='ocr_line' id='line_1_8' title="bbox 453 506 845 541; baseline 0 -1"><span class='ocrx_word' id='word_1_32' title='bbox 453 508 495 541; x_wconf 91' lang='lat' dir='ltr'>lio</span> <span class='ocrx_word' id='word_1_33' title='bbox 516 506 641 541; x_wconf 85' lang='lat' dir='ltr'>brachii</span> <span class='ocrx_word' id='word_1_34' title='bbox 661 507 845 541; x_wconf 85' lang='lat' dir='ltr'>saecularis.</span> 
     </span>
    </p>

    <p class='ocr_par' dir='ltr' id='par_1_5' title="bbox 453 560 1205 1787">
     <span class='ocr_line' id='line_1_9' title="bbox 497 560 1189 602; baseline 0.006 -10"><span class='ocrx_word' id='word_1_35' title='bbox 497 562 513 602; x_wconf 63' lang='lat' dir='ltr'>g</span> <span class='ocrx_word' id='word_1_36' title='bbox 533 560 561 593; x_wconf 90' lang='lat'>7.</span> <span class='ocrx_word' id='word_1_37' title='bbox 585 560 655 593; x_wconf 90' lang='lat' dir='ltr'>Non</span> <span class='ocrx_word' id='word_1_38' title='bbox 680 560 885 594; x_wconf 76' lang='lat' dir='ltr'>obstantibus</span> <span class='ocrx_word' id='word_1_39' title='bbox 910 561 1009 595; x_wconf 85' lang='lat' dir='ltr'>felicis</span> <span class='ocrx_word' id='word_1_40' title='bbox 1034 563 1189 596; x_wconf 88' lang='lat' dir='ltr'>recorda-</span> 
     </span>
     <span class='ocr_line' id='line_1_10' title="bbox 453 612 1193 659; baseline 0.004 -12"><span class='ocrx_word' id='word_1_41' title='bbox 453 614 547 647; x_wconf 90' lang='lat' dir='ltr'>tionis</span> <span class='ocrx_word' id='word_1_42' title='bbox 567 612 720 647; x_wconf 85' lang='lat' dir='ltr'>Boriifacii</span> <span class='ocrx_word' id='word_1_43' title='bbox 734 614 838 658; x_wconf 87' lang='lat' dir='ltr'>Papae</span> <span class='ocrx_word' id='word_1_44' title='bbox 850 615 915 649; x_wconf 87' lang='lat' dir='ltr'>VIII</span> <span class='ocrx_word' id='word_1_45' title='bbox 935 617 1193 659; x_wconf 80' lang='lat' dir='ltr'>praedecessoris</span> 
     </span>
     <span class='ocr_line' id='line_1_11' title="bbox 453 666 1194 712; baseline 0.005 -13"><span class='ocrx_word' id='word_1_46' title='bbox 453 666 554 699; x_wconf 88' lang='lat' dir='ltr'>nostri</span> <span class='ocrx_word' id='word_1_47' title='bbox 580 667 618 700; x_wconf 89' lang='lat' dir='ltr'>dc</span> <span class='ocrx_word' id='word_1_48' title='bbox 643 670 724 708; x_wconf 75' lang='lat' dir='ltr'>una,</span> <span class='ocrx_word' id='word_1_49' title='bbox 753 672 784 700; x_wconf 82' lang='lat' dir='ltr'>et</span> <span class='ocrx_word' id='word_1_50' title='bbox 809 668 941 702; x_wconf 88' lang='lat' dir='ltr'>Concilii</span> <span class='ocrx_word' id='word_1_51' title='bbox 967 670 1128 712; x_wconf 82' lang='lat' dir='ltr'>generalis</span> <span class='ocrx_word' id='word_1_52' title='bbox 1155 671 1194 704; x_wconf 90' lang='lat' dir='ltr'>dc</span> 
     </span>
     <span class='ocr_line' id='line_1_12' title="bbox 454 720 1195 766; baseline 0.007 -14"><span class='ocrx_word' id='word_1_53' title='bbox 454 720 579 753; x_wconf 86' lang='lat' dir='ltr'>duabus</span> <span class='ocrx_word' id='word_1_54' title='bbox 615 720 728 761; x_wconf 89' lang='lat' dir='ltr'>dietis,</span> <span class='ocrx_word' id='word_1_55' title='bbox 759 721 938 755; x_wconf 90' lang='lat' dir='ltr'>dummodo</span> <span class='ocrx_word' id='word_1_56' title='bbox 974 722 1046 766; x_wconf 92' lang='lat' dir='ltr'>quis</span> <span class='ocrx_word' id='word_1_57' title='bbox 1085 723 1195 766; x_wconf 82' lang='lat' dir='ltr'>vigore</span> 
     </span>
     <span class='ocr_line' id='line_1_13' title="bbox 454 773 1196 817; baseline 0.007 -12"><span class='ocrx_word' id='word_1_58' title='bbox 454 773 672 817; x_wconf 86' lang='lat' dir='ltr'>praesentium</span> <span class='ocrx_word' id='word_1_59' title='bbox 702 775 741 807; x_wconf 86' lang='lat' dir='ltr'>ad</span> <span class='ocrx_word' id='word_1_60' title='bbox 762 774 917 808; x_wconf 91' lang='lat' dir='ltr'>iudicium</span> <span class='ocrx_word' id='word_1_61' title='bbox 936 776 1021 809; x_wconf 86' lang='lat' dir='ltr'>ultra</span> <span class='ocrx_word' id='word_1_62' title='bbox 1046 781 1109 809; x_wconf 88' lang='lat' dir='ltr'>tres</span> <span class='ocrx_word' id='word_1_63' title='bbox 1129 776 1196 810; x_wconf 92' lang='lat' dir='ltr'>die-</span> 
     </span>
     <span class='ocr_line' id='line_1_14' title="bbox 456 827 1196 872; baseline 0.005 -13"><span class='ocrx_word' id='word_1_64' title='bbox 456 832 501 859; x_wconf 85' lang='lat' dir='ltr'>tas</span> <span class='ocrx_word' id='word_1_65' title='bbox 525 837 590 860; x_wconf 89' lang='lat' dir='ltr'>non</span> <span class='ocrx_word' id='word_1_66' title='bbox 612 827 770 869; x_wconf 82' lang='lat' dir='ltr'>trahatur,</span> <span class='ocrx_word' id='word_1_67' title='bbox 803 828 939 872; x_wconf 86' lang='lat' dir='ltr'>aliisque</span> <span class='ocrx_word' id='word_1_68' title='bbox 959 828 1196 863; x_wconf 90' lang='lat' dir='ltr'>constitutioni-</span> 
     </span>
     <span class='ocr_line' id='line_1_15' title="bbox 455 880 1197 926; baseline 0.004 -13"><span class='ocrx_word' id='word_1_69' title='bbox 455 880 514 913; x_wconf 86' lang='lat' dir='ltr'>bus</span> <span class='ocrx_word' id='word_1_70' title='bbox 535 886 565 913; x_wconf 88' lang='lat' dir='ltr'>et</span> <span class='ocrx_word' id='word_1_71' title='bbox 579 880 840 915; x_wconf 81' lang='lat' dir='ltr'>ordinationibus</span> <span class='ocrx_word' id='word_1_72' title='bbox 854 882 1050 926; x_wconf 89' lang='lat' dir='ltr'>apostolicis,</span> <span class='ocrx_word' id='word_1_73' title='bbox 1070 893 1197 916; x_wconf 83' lang='lat' dir='ltr'>necnon</span> 
     </span>
     <span class='ocr_line' id='line_1_16' title="bbox 455 934 1198 978; baseline 0.004 -11"><span class='ocrx_word' id='word_1_74' title='bbox 455 934 630 978; x_wconf 85' lang='lat' dir='ltr'>praedictis</span> <span class='ocrx_word' id='word_1_75' title='bbox 647 940 678 968; x_wconf 91' lang='lat' dir='ltr'>et</span> <span class='ocrx_word' id='word_1_76' title='bbox 697 935 768 968; x_wconf 85' lang='lat' dir='ltr'>aliis</span> <span class='ocrx_word' id='word_1_77' title='bbox 782 935 859 969; x_wconf 89' lang='lat' dir='ltr'>dicti</span> <span class='ocrx_word' id='word_1_78' title='bbox 880 935 1007 969; x_wconf 88' lang='lat' dir='ltr'>Ordinis</span> <span class='ocrx_word' id='word_1_79' title='bbox 1023 936 1149 970; x_wconf 88' lang='lat' dir='ltr'>statutis</span> <span class='ocrx_word' id='word_1_80' title='bbox 1167 942 1198 970; x_wconf 88' lang='lat' dir='ltr'>et</span> 
     </span>
     <span class='ocr_line' id='line_1_17' title="bbox 456 987 1198 1033; baseline 0.003 -12"><span class='ocrx_word' id='word_1_81' title='bbox 456 987 757 1029; x_wconf 87' lang='lat' dir='ltr'>consuetudinibus,</span> <span class='ocrx_word' id='word_1_82' title='bbox 784 988 960 1032; x_wconf 81' lang='lat' dir='ltr'>privilegiis</span> <span class='ocrx_word' id='word_1_83' title='bbox 980 1000 1127 1033; x_wconf 86' lang='lat' dir='ltr'>quoque,</span> <span class='ocrx_word' id='word_1_84' title='bbox 1150 989 1198 1023; x_wconf 93' lang='lat' dir='ltr'>in-</span> 
     </span>
     <span class='ocr_line' id='line_1_18' title="bbox 457 1040 1198 1086; baseline 0.004 -13"><span class='ocrx_word' id='word_1_85' title='bbox 457 1041 555 1074; x_wconf 88' lang='lat' dir='ltr'>dultis</span> <span class='ocrx_word' id='word_1_86' title='bbox 580 1046 612 1074; x_wconf 90' lang='lat' dir='ltr'>et</span> <span class='ocrx_word' id='word_1_87' title='bbox 643 1040 759 1074; x_wconf 88' lang='lat' dir='ltr'>litteris</span> <span class='ocrx_word' id='word_1_88' title='bbox 777 1042 963 1085; x_wconf 88' lang='lat' dir='ltr'>apostolicis</span> <span class='ocrx_word' id='word_1_89' title='bbox 983 1042 1042 1075; x_wconf 89' lang='lat' dir='ltr'>sub</span> <span class='ocrx_word' id='word_1_90' title='bbox 1063 1042 1198 1086; x_wconf 90' lang='lat' dir='ltr'>quibus-</span> 
     </span>
     <span class='ocr_line' id='line_1_19' title="bbox 458 1094 1199 1140; baseline 0 -12"><span class='ocrx_word' id='word_1_91' title='bbox 458 1104 598 1138; x_wconf 88' lang='lat' dir='ltr'>cumque</span> <span class='ocrx_word' id='word_1_92' title='bbox 613 1094 778 1128; x_wconf 87' lang='lat' dir='ltr'>tenoribus</span> <span class='ocrx_word' id='word_1_93' title='bbox 793 1100 824 1128; x_wconf 92' lang='lat' dir='ltr'>et</span> <span class='ocrx_word' id='word_1_94' title='bbox 838 1094 962 1136; x_wconf 88' lang='lat' dir='ltr'>formis,</span> <span class='ocrx_word' id='word_1_95' title='bbox 985 1105 1022 1128; x_wconf 89' lang='lat' dir='ltr'>ac</span> <span class='ocrx_word' id='word_1_96' title='bbox 1036 1106 1107 1128; x_wconf 90' lang='lat' dir='ltr'>cum</span> <span class='ocrx_word' id='word_1_97' title='bbox 1128 1095 1199 1140; x_wconf 89' lang='lat' dir='ltr'>qui-</span> 
     </span>
     <span class='ocr_line' id='line_1_20' title="bbox 458 1148 1199 1192; baseline 0.001 -11"><span class='ocrx_word' id='word_1_98' title='bbox 458 1148 566 1182; x_wconf 90' lang='lat' dir='ltr'>busvis</span> <span class='ocrx_word' id='word_1_99' title='bbox 580 1148 732 1182; x_wconf 82' lang='lat' dir='ltr'>clausulis</span> <span class='ocrx_word' id='word_1_100' title='bbox 746 1154 777 1182; x_wconf 88' lang='lat' dir='ltr'>et</span> <span class='ocrx_word' id='word_1_101' title='bbox 793 1149 941 1189; x_wconf 83' lang='lat' dir='ltr'>decretis,</span> <span class='ocrx_word' id='word_1_102' title='bbox 963 1148 995 1181; x_wconf 92' lang='lat' dir='ltr'>in</span> <span class='ocrx_word' id='word_1_103' title='bbox 1016 1159 1133 1192; x_wconf 83' lang='lat' dir='ltr'>genere</span> <span class='ocrx_word' id='word_1_104' title='bbox 1151 1149 1199 1182; x_wconf 79' lang='lat' dir='ltr'>vel</span> 
     </span>
     <span class='ocr_line' id='line_1_21' title="bbox 459 1202 1201 1247; baseline 0 -11"><span class='ocrx_word' id='word_1_105' title='bbox 459 1203 491 1236; x_wconf 93' lang='lat' dir='ltr'>in</span> <span class='ocrx_word' id='word_1_106' title='bbox 504 1202 621 1247; x_wconf 90' lang='lat' dir='ltr'>specie,</span> <span class='ocrx_word' id='word_1_107' title='bbox 635 1203 884 1246; x_wconf 82' lang='lat' dir='ltr'>quomodolibet</span> <span class='ocrx_word' id='word_1_108' title='bbox 897 1203 1067 1243; x_wconf 77' lang='lat' dir='ltr'>concessis,</span> <span class='ocrx_word' id='word_1_109' title='bbox 1082 1213 1201 1247; x_wconf 89' lang='lat' dir='ltr'>appro-</span> 
     </span>
     <span class='ocr_line' id='line_1_22' title="bbox 459 1256 1201 1301; baseline -0.001 -10"><span class='ocrx_word' id='word_1_110' title='bbox 459 1258 543 1291; x_wconf 84' lang='lat' dir='ltr'>batis</span> <span class='ocrx_word' id='word_1_111' title='bbox 554 1262 585 1290; x_wconf 88' lang='lat' dir='ltr'>et</span> <span class='ocrx_word' id='word_1_112' title='bbox 598 1256 770 1290; x_wconf 87' lang='lat' dir='ltr'>innovatis:</span> <span class='ocrx_word' id='word_1_113' title='bbox 786 1257 903 1301; x_wconf 89' lang='lat' dir='ltr'>quibus</span> <span class='ocrx_word' id='word_1_114' title='bbox 915 1257 1078 1298; x_wconf 88' lang='lat' dir='ltr'>omnibus,</span> <span class='ocrx_word' id='word_1_115' title='bbox 1093 1257 1201 1290; x_wconf 87' lang='lat' dir='ltr'>etiam-</span> 
     </span>
     <span class='ocr_line' id='line_1_23' title="bbox 460 1311 1201 1356; baseline 0.003 -11"><span class='ocrx_word' id='word_1_116' title='bbox 460 1312 485 1345; x_wconf 87' lang='lat' dir='ltr'>si</span> <span class='ocrx_word' id='word_1_117' title='bbox 504 1312 544 1346; x_wconf 87' lang='lat' dir='ltr'>de</span> <span class='ocrx_word' id='word_1_118' title='bbox 559 1311 622 1344; x_wconf 90' lang='lat' dir='ltr'>illis</span> <span class='ocrx_word' id='word_1_119' title='bbox 639 1311 798 1356; x_wconf 83' lang='lat' dir='ltr'>specialis,</span> <span class='ocrx_word' id='word_1_120' title='bbox 819 1311 981 1356; x_wconf 86' lang='lat' dir='ltr'>specifica,</span> <span class='ocrx_word' id='word_1_121' title='bbox 1005 1323 1153 1356; x_wconf 83' lang='lat' dir='ltr'>expressa</span> <span class='ocrx_word' id='word_1_122' title='bbox 1171 1320 1201 1347; x_wconf 91' lang='lat' dir='ltr'>et</span> 
     </span>
     <span class='ocr_line' id='line_1_24' title="bbox 460 1365 1200 1410; baseline 0.004 -12"><span class='ocrx_word' id='word_1_123' title='bbox 460 1365 638 1405; x_wconf 88' lang='lat' dir='ltr'>individua,</span> <span class='ocrx_word' id='word_1_124' title='bbox 666 1375 732 1398; x_wconf 91' lang='lat' dir='ltr'>non</span> <span class='ocrx_word' id='word_1_125' title='bbox 759 1370 865 1398; x_wconf 88' lang='lat' dir='ltr'>autem</span> <span class='ocrx_word' id='word_1_126' title='bbox 887 1376 945 1409; x_wconf 89' lang='lat' dir='ltr'>per</span> <span class='ocrx_word' id='word_1_127' title='bbox 969 1366 1128 1400; x_wconf 82' lang='lat' dir='ltr'>clausulas</span> <span class='ocrx_word' id='word_1_128' title='bbox 1148 1377 1200 1410; x_wconf 80' lang='lat' dir='ltr'>ge-</span> 
     </span>
     <span class='ocr_line' id='line_1_25' title="bbox 461 1419 1201 1463; baseline 0.004 -11"><span class='ocrx_word' id='word_1_129' title='bbox 461 1420 586 1453; x_wconf 84' lang='lat' dir='ltr'>nerales</span> <span class='ocrx_word' id='word_1_130' title='bbox 618 1419 704 1452; x_wconf 90' lang='lat' dir='ltr'>idem</span> <span class='ocrx_word' id='word_1_131' title='bbox 735 1419 968 1463; x_wconf 87' lang='lat' dir='ltr'>importantes,</span> <span class='ocrx_word' id='word_1_132' title='bbox 1000 1421 1121 1454; x_wconf 88' lang='lat' dir='ltr'>mentio</span> <span class='ocrx_word' id='word_1_133' title='bbox 1145 1432 1201 1455; x_wconf 90' lang='lat' dir='ltr'>seu</span> 
     </span>
     <span class='ocr_line' id='line_1_26' title="bbox 462 1473 1202 1518; baseline 0.003 -12"><span class='ocrx_word' id='word_1_134' title='bbox 462 1473 593 1518; x_wconf 75' lang='lat' dir='ltr'>quaevis</span> <span class='ocrx_word' id='word_1_135' title='bbox 618 1473 681 1506; x_wconf 88' lang='lat' dir='ltr'>alia</span> <span class='ocrx_word' id='word_1_136' title='bbox 699 1473 861 1517; x_wconf 83' lang='lat' dir='ltr'>expressio</span> <span class='ocrx_word' id='word_1_137' title='bbox 880 1474 1029 1508; x_wconf 89' lang='lat' dir='ltr'>habenda</span> <span class='ocrx_word' id='word_1_138' title='bbox 1049 1475 1144 1515; x_wconf 86' lang='lat' dir='ltr'>soret,</span> <span class='ocrx_word' id='word_1_139' title='bbox 1165 1476 1202 1508; x_wconf 93' lang='lat' dir='ltr'>il-</span> 
     </span>
     <span class='ocr_line' id='line_1_27' title="bbox 462 1527 1202 1573; baseline 0.004 -13"><span class='ocrx_word' id='word_1_140' title='bbox 462 1528 568 1561; x_wconf 89' lang='lat' dir='ltr'>lorum</span> <span class='ocrx_word' id='word_1_141' title='bbox 584 1532 711 1561; x_wconf 77' lang='lat' dir='ltr'>tenores</span> <span class='ocrx_word' id='word_1_142' title='bbox 731 1527 956 1571; x_wconf 88' lang='lat' dir='ltr'>preesentibus</span> <span class='ocrx_word' id='word_1_143' title='bbox 969 1538 1029 1572; x_wconf 92' lang='lat' dir='ltr'>pro</span> <span class='ocrx_word' id='word_1_144' title='bbox 1047 1529 1202 1573; x_wconf 79' lang='lat' dir='ltr'>expressis</span> 
     </span>
     <span class='ocr_line' id='line_1_28' title="bbox 463 1580 1203 1627; baseline 0.004 -14"><span class='ocrx_word' id='word_1_145' title='bbox 463 1581 629 1621; x_wconf 85' lang='lat' dir='ltr'>habentes,</span> <span class='ocrx_word' id='word_1_146' title='bbox 662 1580 725 1614; x_wconf 89' lang='lat' dir='ltr'>illis</span> <span class='ocrx_word' id='word_1_147' title='bbox 746 1581 823 1614; x_wconf 75' lang='lat' dir='ltr'>alias</span> <span class='ocrx_word' id='word_1_148' title='bbox 844 1581 875 1614; x_wconf 91' lang='lat' dir='ltr'>in</span> <span class='ocrx_word' id='word_1_149' title='bbox 897 1592 955 1615; x_wconf 90' lang='lat' dir='ltr'>suo</span> <span class='ocrx_word' id='word_1_150' title='bbox 983 1583 1101 1616; x_wconf 87' lang='lat' dir='ltr'>robore</span> <span class='ocrx_word' id='word_1_151' title='bbox 1129 1594 1203 1627; x_wconf 88' lang='lat' dir='ltr'>per-</span> 
     </span>
     <span class='ocr_line' id='line_1_29' title="bbox 464 1634 1205 1680; baseline 0.004 -13"><span class='ocrx_word' id='word_1_152' title='bbox 464 1634 636 1675; x_wconf 81' lang='lat' dir='ltr'>mansuris,</span> <span class='ocrx_word' id='word_1_153' title='bbox 660 1634 720 1667; x_wconf 90' lang='lat' dir='ltr'>hac</span> <span class='ocrx_word' id='word_1_154' title='bbox 740 1634 808 1668; x_wconf 82' lang='lat' dir='ltr'>vice</span> <span class='ocrx_word' id='word_1_155' title='bbox 829 1635 994 1669; x_wconf 83' lang='lat' dir='ltr'>dumtaxat</span> <span class='ocrx_word' id='word_1_156' title='bbox 1022 1636 1205 1680; x_wconf 83' lang='lat' dir='ltr'>specialiter</span> 
     </span>
     <span class='ocr_line' id='line_1_30' title="bbox 464 1689 1204 1734; baseline 0.005 -14"><span class='ocrx_word' id='word_1_157' title='bbox 464 1695 495 1721; x_wconf 88' lang='lat' dir='ltr'>et</span> <span class='ocrx_word' id='word_1_158' title='bbox 515 1698 664 1731; x_wconf 78' lang='lat' dir='ltr'>expresse</span> <span class='ocrx_word' id='word_1_159' title='bbox 677 1689 882 1731; x_wconf 78' lang='lat' dir='ltr'>derogamus,</span> <span class='ocrx_word' id='word_1_160' title='bbox 906 1689 1108 1734; x_wconf 84' lang='lat' dir='ltr'>caeterisque</span> <span class='ocrx_word' id='word_1_161' title='bbox 1129 1701 1204 1724; x_wconf 91' lang='lat' dir='ltr'>con-</span> 
     </span>
     <span class='ocr_line' id='line_1_31' title="bbox 466 1742 861 1787; baseline 0.008 -14"><span class='ocrx_word' id='word_1_162' title='bbox 466 1742 571 1775; x_wconf 82' lang='lat' dir='ltr'>trariis</span> <span class='ocrx_word' id='word_1_163' title='bbox 592 1742 861 1787; x_wconf 79' lang='lat' dir='ltr'>quibuscumque.</span> 
     </span>
    </p>

    <p class='ocr_par' dir='ltr' id='par_1_6' title="bbox 466 1796 1204 1945">
     <span class='ocr_line' id='line_1_32' title="bbox 508 1796 1204 1841; baseline 0.006 -13"><span class='ocrx_word' id='word_1_164' title='bbox 508 1796 621 1829; x_wconf 85' lang='lat' dir='ltr'>Datum</span> <span class='ocrx_word' id='word_1_165' title='bbox 651 1796 772 1830; x_wconf 86' lang='lat' dir='ltr'>Romae</span> <span class='ocrx_word' id='word_1_166' title='bbox 797 1797 882 1841; x_wconf 87' lang='lat' dir='ltr'>apud</span> <span class='ocrx_word' id='word_1_167' title='bbox 907 1803 1053 1831; x_wconf 87' lang='lat' dir='ltr'>sanctum</span> <span class='ocrx_word' id='word_1_168' title='bbox 1074 1798 1204 1832; x_wconf 87' lang='lat' dir='ltr'>Petrum</span> 
     </span>
     <span class='ocr_line' id='line_1_33' title="bbox 466 1849 1202 1895; baseline 0.007 -14"><span class='ocrx_word' id='word_1_169' title='bbox 466 1849 523 1881; x_wconf 77' lang='lat' dir='ltr'>sub</span> <span class='ocrx_word' id='word_1_170' title='bbox 542 1859 614 1881; x_wconf 86' lang='lat' dir='ltr'>ann.</span> <span class='ocrx_word' id='word_1_171' title='bbox 632 1849 815 1890; x_wconf 84' lang='lat' dir='ltr'>Piscatoris,</span> <span class='ocrx_word' id='word_1_172' title='bbox 834 1850 885 1884; x_wconf 89' lang='lat' dir='ltr'>die</span> <span class='ocrx_word' id='word_1_173' title='bbox 902 1861 946 1885; x_wconf 91' lang='lat' dir='ltr'>v11</span> <span class='ocrx_word' id='word_1_174' title='bbox 968 1851 1080 1895; x_wconf 88' lang='lat' dir='ltr'>aprilis</span> <span class='ocrx_word' id='word_1_175' title='bbox 1092 1862 1202 1895; x_wconf 57' lang='lat' dir='ltr'>hincm,</span> 
     </span>
     <span class='ocr_line' id='line_1_34' title="bbox 466 1902 992 1945; baseline 0.008 -11"><span class='ocrx_word' id='word_1_176' title='bbox 466 1902 671 1945; x_wconf 84' lang='lat' dir='ltr'>pontificatus</span> <span class='ocrx_word' id='word_1_177' title='bbox 695 1903 797 1936; x_wconf 87' lang='lat' dir='ltr'>nostri</span> <span class='ocrx_word' id='word_1_178' title='bbox 818 1914 903 1938; x_wconf 86' lang='lat' dir='ltr'>anno</span> <span class='ocrx_word' id='word_1_179' title='bbox 922 1914 992 1938; x_wconf 83' lang='lat' dir='ltr'>xm.</span> 
     </span>
    </p>

    <p class='ocr_par' dir='ltr' id='par_1_7' title="bbox 502 1963 1126 2001">
     <span class='ocr_line' id='line_1_35' title="bbox 502 1963 1126 2001; baseline 0.008 -12"><span class='ocrx_word' id='word_1_180' title='bbox 502 1963 562 1990; x_wconf 89' lang='lat' dir='ltr'>Dat.</span> <span class='ocrx_word' id='word_1_181' title='bbox 584 1963 626 1991; x_wconf 83' lang='lat' dir='ltr'>die</span> <span class='ocrx_word' id='word_1_182' title='bbox 648 1965 661 1990; x_wconf 83' lang='lat'>7</span> <span class='ocrx_word' id='word_1_183' title='bbox 682 1964 774 2000; x_wconf 83' lang='lat' dir='ltr'>aprilis</span> <span class='ocrx_word' id='word_1_184' title='bbox 792 1964 872 1997; x_wconf 70' lang='lat'>1604,</span> <span class='ocrx_word' id='word_1_185' title='bbox 893 1966 984 2001; x_wconf 87' lang='lat' dir='ltr'>pontif.</span> <span class='ocrx_word' id='word_1_186' title='bbox 1007 1974 1050 1994; x_wconf 89' lang='lat' dir='ltr'>an.</span> <span class='ocrx_word' id='word_1_187' title='bbox 1071 1973 1126 1994; x_wconf 81' lang='lat' dir='ltr'>xiil.</span> 
     </span>
    </p>
   </div>
   <div class='ocr_carea' id='block_1_5' title="bbox 734 2080 929 2087">
    <p class='ocr_par' dir='ltr' id='par_1_8' title="bbox 734 2080 929 2087">
     <span class='ocr_line' id='line_1_36' title="bbox 734 2080 929 2087; baseline 0 1154"><span class='ocrx_word' id='word_1_188' title='bbox 734 2080 929 2087; x_wconf 95' lang='lat' dir='ltr'> </span> 
     </span>
    </p>
   </div>
   <div class='ocr_carea' id='block_1_6' title="bbox 759 2200 910 2235">
    <p class='ocr_par' dir='ltr' id='par_1_9' title="bbox 759 2200 910 2235">
     <span class='ocr_line' id='line_1_37' title="bbox 759 2200 910 2235; baseline -0.007 0"><span class='ocrx_word' id='word_1_189' title='bbox 759 2201 878 2235; x_wconf 84' lang='lat' dir='ltr'>CCCXL</span> <span class='ocrx_word' id='word_1_190' title='bbox 892 2200 910 2234; x_wconf 87' lang='lat'>¹.</span> 
     </span>
    </p>
   </div>
   <div class='ocr_carea' id='block_1_7' title="bbox 475 2290 1209 2502">
    <p class='ocr_par' dir='ltr' id='par_1_10' title="bbox 475 2290 1209 2502">
     <span class='ocr_line' id='line_1_38' title="bbox 475 2290 1204 2353; baseline 0.004 -12"><span class='ocrx_word' id='word_1_191' title='bbox 475 2309 607 2342; x_wconf 75' lang='lat' dir='ltr'>Terram</span> <span class='ocrx_word' id='word_1_192' title='bbox 634 2309 761 2353; x_wconf 78' lang='lat' dir='ltr'>Cctmpli</span> <span class='ocrx_word' id='word_1_193' title='bbox 785 2311 820 2343; x_wconf 73' lang='lat' dir='ltr'>in</span> <span class='ocrx_word' id='word_1_194' title='bbox 844 2290 1024 2351; x_wconf 53' lang='lat' dir='ltr'>civitatem„</span> <span class='ocrx_word' id='word_1_195' title='bbox 1050 2315 1079 2343; x_wconf 83' lang='lat' dir='ltr'>et</span> <span class='ocrx_word' id='word_1_196' title='bbox 1103 2310 1204 2344; x_wconf 77' lang='lat' dir='ltr'>eccle-</span> 
     </span>
     <span class='ocr_line' id='line_1_39' title="bbox 512 2364 1209 2405; baseline 0.004 -10"><span class='ocrx_word' id='word_1_197' title='bbox 512 2364 595 2396; x_wconf 74' lang='lat' dir='ltr'>siam</span> <span class='ocrx_word' id='word_1_198' title='bbox 625 2364 845 2405; x_wconf 72' lang='lat' dir='ltr'>parochialem</span> <span class='ocrx_word' id='word_1_199' title='bbox 874 2364 986 2397; x_wconf 74' lang='lat' dir='ltr'>beatae</span> <span class='ocrx_word' id='word_1_200' title='bbox 1016 2365 1141 2398; x_wconf 75' lang='lat' dir='ltr'>Mariae</span> <span class='ocrx_word' id='word_1_201' title='bbox 1172 2366 1209 2398; x_wconf 76' lang='lat' dir='ltr'>in</span> 
     </span>
     <span class='ocr_line' id='line_1_40' title="bbox 513 2415 1209 2460; baseline 0.003 -12"><span class='ocrx_word' id='word_1_202' title='bbox 513 2415 732 2449; x_wconf 72' lang='lat' dir='ltr'>cathedralem</span> <span class='ocrx_word' id='word_1_203' title='bbox 763 2417 878 2459; x_wconf 60' lang='lat' dir='ltr'>erigit,</span> <span class='ocrx_word' id='word_1_204' title='bbox 910 2421 938 2449; x_wconf 78' lang='lat' dir='ltr'>et</span> <span class='ocrx_word' id='word_1_205' title='bbox 964 2421 1113 2460; x_wconf 74' lang='lat' dir='ltr'>perpetuo</span> <span class='ocrx_word' id='word_1_206' title='bbox 1137 2428 1209 2452; x_wconf 77' lang='lat' dir='ltr'>cum</span> 
     </span>
     <span class='ocr_line' id='line_1_41' title="bbox 513 2468 796 2502; baseline 0 -1"><span class='ocrx_word' id='word_1_207' title='bbox 513 2468 667 2502; x_wconf 70' lang='lat' dir='ltr'>Hortensi</span> <span class='ocrx_word' id='word_1_208' title='bbox 691 2469 796 2501; x_wconf 42' lang='lat' dir='ltr'>simil?</span> 
     </span>
    </p>
   </div>
   <div class='ocr_carea' id='block_1_8' title="bbox 508 2574 972 2610">
    <p class='ocr_par' dir='ltr' id='par_1_11' title="bbox 508 2574 972 2610">
     <span class='ocr_line' id='line_1_42' title="bbox 508 2574 972 2610; baseline 0.004 -10"><span class='ocrx_word' id='word_1_209' title='bbox 508 2576 518 2601; x_wconf 86' lang='lat' dir='ltr'>t</span> <span class='ocrx_word' id='word_1_210' title='bbox 542 2574 578 2600; x_wconf 82' lang='lat' dir='ltr'>Ex</span> <span class='ocrx_word' id='word_1_211' title='bbox 599 2574 704 2610; x_wconf 70' lang='lat' dir='ltr'>ltegest.</span> <span class='ocrx_word' id='word_1_212' title='bbox 726 2574 751 2601; x_wconf 90' lang='lat' dir='ltr'>in</span> <span class='ocrx_word' id='word_1_213' title='bbox 771 2575 873 2602; x_wconf 87' lang='lat' dir='ltr'>Secret.</span> <span class='ocrx_word' id='word_1_214' title='bbox 895 2575 972 2602; x_wconf 87' lang='lat' dir='ltr'>Brev.</span> 
     </span>
    </p>
   </div>
   <div class='ocr_carea' id='block_1_9' title="bbox 472 2619 1207 2699">
    <p class='ocr_par' dir='ltr' id='par_1_12' title="bbox 472 2619 1207 2699">
     <span class='ocr_line' id='line_1_43' title="bbox 507 2619 1207 2655; baseline 0.003 -10"><span class='ocrx_word' id='word_1_215' title='bbox 507 2619 522 2645; x_wconf 65' lang='grc' dir='ltr'>Ξ</span> <span class='ocrx_word' id='word_1_216' title='bbox 543 2619 651 2654; x_wconf 81' lang='lat' dir='ltr'>Legitur</span> <span class='ocrx_word' id='word_1_217' title='bbox 663 2619 742 2646; x_wconf 84' lang='lat' dir='ltr'>etiam</span> <span class='ocrx_word' id='word_1_218' title='bbox 754 2619 780 2646; x_wconf 86' lang='lat' dir='ltr'>in</span> <span class='ocrx_word' id='word_1_219' title='bbox 792 2619 920 2655; x_wconf 62' lang='lat' dir='ltr'>Ueneni,</span> <span class='ocrx_word' id='word_1_220' title='bbox 932 2620 1021 2649; x_wconf 76' lang='lat' dir='ltr'>ltalia</span> <span class='ocrx_word' id='word_1_221' title='bbox 1031 2620 1131 2655; x_wconf 80' lang='lat' dir='ltr'>Sacra,</span> <span class='ocrx_word' id='word_1_222' title='bbox 1143 2620 1207 2648; x_wconf 86' lang='lat' dir='ltr'>edit.</span> 
     </span>
     <span class='ocr_line' id='line_1_44' title="bbox 472 2664 854 2699; baseline 0.008 -9"><span class='ocrx_word' id='word_1_223' title='bbox 472 2667 572 2699; x_wconf 56' lang='lat' dir='ltr'>venet„</span> <span class='ocrx_word' id='word_1_224' title='bbox 593 2668 656 2692; x_wconf 88' lang='lat' dir='ltr'>tom.</span> <span class='ocrx_word' id='word_1_225' title='bbox 677 2672 714 2698; x_wconf 83' lang='lat' dir='ltr'>vx,</span> <span class='ocrx_word' id='word_1_226' title='bbox 732 2664 776 2692; x_wconf 85' lang='lat' dir='ltr'>fot.</span> <span class='ocrx_word' id='word_1_227' title='bbox 795 2665 854 2693; x_wconf 76' lang='lat'>778.</span> 
     </span>
    </p>
   </div>
   <div class='ocr_carea' id='block_1_10' title="bbox 1022 242 1379 276">
    <p class='ocr_par' dir='ltr' id='par_1_13' title="bbox 1022 242 1379 276">
     <span class='ocr_line' id='line_1_45' title="bbox 1022 242 1379 276; baseline 0.011 -4"><span class='ocrx_word' id='word_1_228' title='bbox 1022 247 1207 274; x_wconf 63' lang='lat' dir='ltr'>nummum</span> <span class='ocrx_word' id='word_1_229' title='bbox 1225 242 1379 276; x_wconf 64' lang='lat' dir='ltr'>uomitum</span> 
     </span>
    </p>
   </div>
   <div class='ocr_carea' id='block_1_11' title="bbox 1400 253 2158 341">
    <p class='ocr_par' dir='ltr' id='par_1_14' title="bbox 1400 253 2158 341">
     <span class='ocr_line' id='line_1_46' title="bbox 1975 253 2158 283; baseline 0.011 -2"><span class='ocrx_word' id='word_1_230' title='bbox 1975 253 2025 281; x_wconf 77' lang='lat' dir='ltr'>An.</span> <span class='ocrx_word' id='word_1_231' title='bbox 2042 253 2071 282; x_wconf 85' lang='lat' dir='ltr'>C.</span> <span class='ocrx_word' id='word_1_232' title='bbox 2092 254 2158 283; x_wconf 62' lang='lat' dir='ltr'>160AE</span> 
     </span>
     <span class='ocr_line' id='line_1_47' title="bbox 1400 298 1776 341; baseline 0.005 -12"><span class='ocrx_word' id='word_1_233' title='bbox 1400 298 1554 330; x_wconf 83' lang='lat' dir='ltr'>Clemens</span> <span class='ocrx_word' id='word_1_234' title='bbox 1581 299 1776 341; x_wconf 77' lang='lat' dir='ltr'>episcopus,</span> 
     </span>
    </p>
   </div>
   <div class='ocr_carea' id='block_1_12' title="bbox 1224 358 2162 1510">
    <p class='ocr_par' dir='ltr' id='par_1_15' title="bbox 1343 358 1840 453">
     <span class='ocr_line' id='line_1_48' title="bbox 1413 358 1770 391; baseline 0 -6"><span class='ocrx_word' id='word_1_235' title='bbox 1413 364 1521 385; x_wconf 79' lang='lat' dir='ltr'>servus</span> <span class='ocrx_word' id='word_1_236' title='bbox 1540 365 1692 386; x_wconf 85' lang='lat' dir='ltr'>servorum</span> <span class='ocrx_word' id='word_1_237' title='bbox 1707 358 1770 391; x_wconf 84' lang='lat' dir='ltr'>Dei,</span> 
     </span>
     <span class='ocr_line' id='line_1_49' title="bbox 1343 401 1840 453; baseline 0.002 -25"><span class='ocrx_word' id='word_1_238' title='bbox 1343 401 1378 428; x_wconf 85' lang='lat' dir='ltr'>ad</span> <span class='ocrx_word' id='word_1_239' title='bbox 1399 404 1572 435; x_wconf 80' lang='lat' dir='ltr'>perpetuam</span> <span class='ocrx_word' id='word_1_240' title='bbox 1586 402 1642 453; x_wconf 53' lang='lat' dir='ltr'>&#39;rei</span> <span class='ocrx_word' id='word_1_241' title='bbox 1662 402 1840 431; x_wconf 81' lang='lat' dir='ltr'>memoriam.</span> 
     </span>
    </p>

    <p class='ocr_par' dir='ltr' id='par_1_16' title="bbox 1224 456 2162 1510">
     <span class='ocr_line' id='line_1_50' title="bbox 1268 456 2162 505; baseline 0.01 -16"><span class='ocrx_word' id='word_1_242' title='bbox 1268 456 1329 490; x_wconf 92' lang='lat' dir='ltr'>Pro</span> <span class='ocrx_word' id='word_1_243' title='bbox 1353 457 1520 491; x_wconf 80' lang='lat' dir='ltr'>excellenti</span> <span class='ocrx_word' id='word_1_244' title='bbox 1537 458 1793 502; x_wconf 72' lang='lat' dir='ltr'>praeeminentia</span> <span class='ocrx_word' id='word_1_245' title='bbox 1809 460 1900 494; x_wconf 88' lang='lat' dir='ltr'>Sedis</span> <span class='ocrx_word' id='word_1_246' title='bbox 1923 461 1963 495; x_wconf 78' lang='lat' dir='ltr'>A·</span> <span class='ocrx_word' id='word_1_247' title='bbox 2002 474 2101 505; x_wconf 66' lang='lat' dir='ltr'>¹unitus</span> <span class='ocrx_word' id='word_1_248' title='bbox 2116 482 2162 498; x_wconf 78' lang='lat' dir='ltr'>m-</span> 
     </span>
     <span class='ocr_line' id='line_1_51' title="bbox 1224 503 2162 555; baseline 0.01 -13"><span class='ocrx_word' id='word_1_249' title='bbox 1224 509 1412 553; x_wconf 87' lang='lat' dir='ltr'>postolicae,</span> <span class='ocrx_word' id='word_1_250' title='bbox 1440 510 1472 544; x_wconf 91' lang='lat' dir='ltr'>in</span> <span class='ocrx_word' id='word_1_251' title='bbox 1497 522 1560 555; x_wconf 86' lang='lat' dir='ltr'>qua</span> <span class='ocrx_word' id='word_1_252' title='bbox 1579 517 1651 555; x_wconf 91' lang='lat' dir='ltr'>post</span> <span class='ocrx_word' id='word_1_253' title='bbox 1673 512 1803 546; x_wconf 87' lang='lat' dir='ltr'>beatum</span> <span class='ocrx_word' id='word_1_254' title='bbox 1832 513 1962 547; x_wconf 86' lang='lat' dir='ltr'>Petrum</span> <span class='ocrx_word' id='word_1_255' title='bbox 1977 503 2071 551; x_wconf 50' lang='grc' dir='ltr'><strong>ἓῖἑῖιῗῗ</strong></span> <span class='ocrx_word' id='word_1_256' title='bbox 2095 503 2162 525; x_wconf 73' lang='lat'>⁸⁰⁰¹⁸&#39;</span> 
     </span>
     <span class='ocr_line' id='line_1_52' title="bbox 1225 563 1965 610; baseline 0.005 -15"><span class='ocrx_word' id='word_1_257' title='bbox 1225 563 1446 606; x_wconf 86' lang='lat' dir='ltr'>apostolorum</span> <span class='ocrx_word' id='word_1_258' title='bbox 1467 565 1661 608; x_wconf 88' lang='lat' dir='ltr'>principem,</span> <span class='ocrx_word' id='word_1_259' title='bbox 1684 575 1880 610; x_wconf 87' lang='lat' dir='ltr'>quamquam</span> <span class='ocrx_word' id='word_1_260' title='bbox 1906 565 1965 599; x_wconf 86' lang='lat' dir='ltr'>im·</span> 
     </span>
     <span class='ocr_line' id='line_1_53' title="bbox 1227 615 1966 661; baseline 0.007 -14"><span class='ocrx_word' id='word_1_261' title='bbox 1227 615 1358 659; x_wconf 88' lang='lat' dir='ltr'>paribus</span> <span class='ocrx_word' id='word_1_262' title='bbox 1383 617 1517 658; x_wconf 85' lang='lat' dir='ltr'>meritis,</span> <span class='ocrx_word' id='word_1_263' title='bbox 1544 618 1615 661; x_wconf 85' lang='lat' dir='ltr'>pari</span> <span class='ocrx_word' id='word_1_264' title='bbox 1643 623 1750 651; x_wconf 86' lang='lat' dir='ltr'>tamen</span> <span class='ocrx_word' id='word_1_265' title='bbox 1775 618 1966 652; x_wconf 86' lang='lat' dir='ltr'>auctoritate</span> 
     </span>
     <span class='ocr_line' id='line_1_54' title="bbox 1228 668 1966 716; baseline 0.007 -15"><span class='ocrx_word' id='word_1_266' title='bbox 1228 668 1391 702; x_wconf 85' lang='lat' dir='ltr'>constituti</span> <span class='ocrx_word' id='word_1_267' title='bbox 1407 680 1529 711; x_wconf 85' lang='lat' dir='ltr'>sumus,</span> <span class='ocrx_word' id='word_1_268' title='bbox 1543 670 1688 714; x_wconf 80' lang='lat' dir='ltr'>dignum,</span> <span class='ocrx_word' id='word_1_269' title='bbox 1702 671 1779 715; x_wconf 88' lang='lat' dir='ltr'>quin</span> <span class='ocrx_word' id='word_1_270' title='bbox 1793 671 1900 716; x_wconf 89' lang='lat' dir='ltr'>potius</span> <span class='ocrx_word' id='word_1_271' title='bbox 1912 672 1966 706; x_wconf 87' lang='lat' dir='ltr'>de-</span> 
     </span>
     <span class='ocr_line' id='line_1_55' title="bbox 1228 722 1967 768; baseline 0.005 -14"><span class='ocrx_word' id='word_1_272' title='bbox 1228 722 1330 755; x_wconf 89' lang='lat' dir='ltr'>bitum</span> <span class='ocrx_word' id='word_1_273' title='bbox 1357 722 1564 765; x_wconf 86' lang='lat' dir='ltr'>arbitramur,</span> <span class='ocrx_word' id='word_1_274' title='bbox 1592 724 1624 757; x_wconf 92' lang='lat' dir='ltr'>in</span> <span class='ocrx_word' id='word_1_275' title='bbox 1645 724 1769 768; x_wconf 84' lang='lat' dir='ltr'>irriguo</span> <span class='ocrx_word' id='word_1_276' title='bbox 1799 724 1967 759; x_wconf 86' lang='lat' dir='ltr'>militantis</span> 
     </span>
     <span class='ocr_line' id='line_1_56' title="bbox 1229 775 1968 822; baseline 0.005 -14"><span class='ocrx_word' id='word_1_277' title='bbox 1229 775 1390 809; x_wconf 87' lang='lat' dir='ltr'>Ecclesiae</span> <span class='ocrx_word' id='word_1_278' title='bbox 1404 785 1481 819; x_wconf 85' lang='lat' dir='ltr'>agro</span> <span class='ocrx_word' id='word_1_279' title='bbox 1493 787 1592 810; x_wconf 87' lang='lat' dir='ltr'>novas</span> <span class='ocrx_word' id='word_1_280' title='bbox 1601 777 1799 822; x_wconf 87' lang='lat' dir='ltr'>episcopales</span> <span class='ocrx_word' id='word_1_281' title='bbox 1812 778 1904 812; x_wconf 88' lang='lat' dir='ltr'>sedes</span> <span class='ocrx_word' id='word_1_282' title='bbox 1917 788 1968 812; x_wconf 84' lang='lat' dir='ltr'>ec-</span> 
     </span>
     <span class='ocr_line' id='line_1_57' title="bbox 1231 828 1969 876; baseline 0.004 -15"><span class='ocrx_word' id='word_1_283' title='bbox 1231 828 1410 872; x_wconf 87' lang='lat' dir='ltr'>clesiasque</span> <span class='ocrx_word' id='word_1_284' title='bbox 1440 830 1606 874; x_wconf 84' lang='lat' dir='ltr'>plantare,</span> <span class='ocrx_word' id='word_1_285' title='bbox 1634 836 1670 864; x_wconf 90' lang='lat' dir='ltr'>ut</span> <span class='ocrx_word' id='word_1_286' title='bbox 1698 842 1757 876; x_wconf 85' lang='lat' dir='ltr'>per</span> <span class='ocrx_word' id='word_1_287' title='bbox 1781 831 1969 866; x_wconf 89' lang='lat' dir='ltr'>huiusmodi</span> 
     </span>
     <span class='ocr_line' id='line_1_58' title="bbox 1231 883 1969 928; baseline 0.007 -14"><span class='ocrx_word' id='word_1_288' title='bbox 1231 892 1329 916; x_wconf 86' lang='lat' dir='ltr'>novas</span> <span class='ocrx_word' id='word_1_289' title='bbox 1359 883 1576 926; x_wconf 82' lang='lat' dir='ltr'>plantationes</span> <span class='ocrx_word' id='word_1_290' title='bbox 1607 885 1803 928; x_wconf 91' lang='lat' dir='ltr'>populorum</span> <span class='ocrx_word' id='word_1_291' title='bbox 1842 885 1969 919; x_wconf 90' lang='lat' dir='ltr'>devotio</span> 
     </span>
     <span class='ocr_line' id='line_1_59' title="bbox 1231 936 1969 979; baseline 0.004 -10"><span class='ocrx_word' id='word_1_292' title='bbox 1231 941 1398 979; x_wconf 85' lang='lat' dir='ltr'>augeatur,</span> <span class='ocrx_word' id='word_1_293' title='bbox 1418 936 1599 970; x_wconf 88' lang='lat' dir='ltr'>animarum</span> <span class='ocrx_word' id='word_1_294' title='bbox 1614 937 1699 971; x_wconf 82' lang='lat' dir='ltr'>salus</span> <span class='ocrx_word' id='word_1_295' title='bbox 1712 938 1844 972; x_wconf 88' lang='lat' dir='ltr'>semotis</span> <span class='ocrx_word' id='word_1_296' title='bbox 1863 938 1969 972; x_wconf 87' lang='lat' dir='ltr'>litium</span> 
     </span>
     <span class='ocr_line' id='line_1_60' title="bbox 1232 990 1972 1035; baseline 0.003 -12"><span class='ocrx_word' id='word_1_297' title='bbox 1232 990 1409 1034; x_wconf 88' lang='lat' dir='ltr'>dispendiis</span> <span class='ocrx_word' id='word_1_298' title='bbox 1433 991 1658 1035; x_wconf 83' lang='lat' dir='ltr'>subsequatur,</span> <span class='ocrx_word' id='word_1_299' title='bbox 1687 996 1717 1025; x_wconf 92' lang='lat' dir='ltr'>et</span> <span class='ocrx_word' id='word_1_300' title='bbox 1741 991 1877 1025; x_wconf 89' lang='lat' dir='ltr'>humilia</span> <span class='ocrx_word' id='word_1_301' title='bbox 1901 992 1972 1026; x_wconf 88' lang='lat' dir='ltr'>loca</span> 
     </span>
     <span class='ocr_line' id='line_1_61' title="bbox 1233 1044 1970 1088; baseline -0.001 -9"><span class='ocrx_word' id='word_1_302' title='bbox 1233 1044 1434 1088; x_wconf 78' lang='lat' dir='ltr'>dignioribus</span> <span class='ocrx_word' id='word_1_303' title='bbox 1449 1044 1548 1077; x_wconf 90' lang='lat' dir='ltr'>titulis</span> <span class='ocrx_word' id='word_1_304' title='bbox 1569 1045 1774 1086; x_wconf 84' lang='lat' dir='ltr'>decorentur,</span> <span class='ocrx_word' id='word_1_305' title='bbox 1791 1055 1828 1078; x_wconf 84' lang='lat' dir='ltr'>ac</span> <span class='ocrx_word' id='word_1_306' title='bbox 1841 1044 1970 1078; x_wconf 87' lang='lat' dir='ltr'>illarum</span> 
     </span>
     <span class='ocr_line' id='line_1_62' title="bbox 1233 1098 1972 1143; baseline 0.001 -11"><span class='ocrx_word' id='word_1_307' title='bbox 1233 1099 1432 1133; x_wconf 82' lang='lat' dir='ltr'>habitatores</span> <span class='ocrx_word' id='word_1_308' title='bbox 1452 1104 1482 1132; x_wconf 88' lang='lat' dir='ltr'>et</span> <span class='ocrx_word' id='word_1_309' title='bbox 1499 1098 1625 1132; x_wconf 87' lang='lat' dir='ltr'>incolae</span> <span class='ocrx_word' id='word_1_310' title='bbox 1645 1098 1797 1132; x_wconf 87' lang='lat' dir='ltr'>honorati</span> <span class='ocrx_word' id='word_1_311' title='bbox 1814 1099 1972 1143; x_wconf 87' lang='lat' dir='ltr'>praesulis</span> 
     </span>
     <span class='ocr_line' id='line_1_63' title="bbox 1233 1152 1973 1195; baseline 0.001 -10"><span class='ocrx_word' id='word_1_312' title='bbox 1233 1152 1412 1186; x_wconf 75' lang='lat' dir='ltr'>assistentia</span> <span class='ocrx_word' id='word_1_313' title='bbox 1434 1158 1465 1185; x_wconf 92' lang='lat' dir='ltr'>et</span> <span class='ocrx_word' id='word_1_314' title='bbox 1485 1152 1643 1195; x_wconf 83' lang='lat' dir='ltr'>regimine</span> <span class='ocrx_word' id='word_1_315' title='bbox 1656 1152 1794 1192; x_wconf 82' lang='lat' dir='ltr'>suffulti,</span> <span class='ocrx_word' id='word_1_316' title='bbox 1812 1152 1924 1186; x_wconf 83' lang='lat' dir='ltr'>votivis</span> <span class='ocrx_word' id='word_1_317' title='bbox 1941 1157 1973 1186; x_wconf 87' lang='lat' dir='ltr'>et</span> 
     </span>
     <span class='ocr_line' id='line_1_64' title="bbox 1232 1205 1973 1250; baseline 0 -11"><span class='ocrx_word' id='word_1_318' title='bbox 1232 1206 1396 1250; x_wconf 87' lang='lat' dir='ltr'>prosperis</span> <span class='ocrx_word' id='word_1_319' title='bbox 1420 1205 1621 1240; x_wconf 69' lang='lat' dir='ltr'>successibus</span> <span class='ocrx_word' id='word_1_320' title='bbox 1647 1205 1862 1248; x_wconf 79' lang='lat' dir='ltr'>gratulentur,</span> <span class='ocrx_word' id='word_1_321' title='bbox 1890 1205 1973 1250; x_wconf 89' lang='lat' dir='ltr'>ipsa-</span> 
     </span>
     <span class='ocr_line' id='line_1_65' title="bbox 1234 1258 1972 1303; baseline 0 -11"><span class='ocrx_word' id='word_1_322' title='bbox 1234 1270 1306 1292; x_wconf 88' lang='lat' dir='ltr'>rum</span> <span class='ocrx_word' id='word_1_323' title='bbox 1337 1269 1468 1303; x_wconf 87' lang='lat' dir='ltr'>quoque</span> <span class='ocrx_word' id='word_1_324' title='bbox 1493 1258 1701 1292; x_wconf 80' lang='lat' dir='ltr'>ecelesiarum</span> <span class='ocrx_word' id='word_1_325' title='bbox 1731 1259 1848 1299; x_wconf 86' lang='lat' dir='ltr'>statui,</span> <span class='ocrx_word' id='word_1_326' title='bbox 1876 1258 1972 1292; x_wconf 89' lang='lat' dir='ltr'>etiam</span> 
     </span>
     <span class='ocr_line' id='line_1_66' title="bbox 1235 1313 1970 1359; baseline 0 -11"><span class='ocrx_word' id='word_1_327' title='bbox 1235 1326 1293 1359; x_wconf 91' lang='lat' dir='ltr'>per</span> <span class='ocrx_word' id='word_1_328' title='bbox 1329 1314 1545 1347; x_wconf 86' lang='lat' dir='ltr'>ministerium</span> <span class='ocrx_word' id='word_1_329' title='bbox 1580 1313 1709 1347; x_wconf 88' lang='lat' dir='ltr'>unionis</span> <span class='ocrx_word' id='word_1_330' title='bbox 1733 1313 1970 1356; x_wconf 83' lang='lat' dir='ltr'>accomodae¹,</span> 
     </span>
     <span class='ocr_line' id='line_1_67' title="bbox 1235 1366 1975 1413; baseline -0.001 -11"><span class='ocrx_word' id='word_1_331' title='bbox 1235 1374 1332 1413; x_wconf 87' lang='lat' dir='ltr'>prout</span> <span class='ocrx_word' id='word_1_332' title='bbox 1363 1368 1492 1402; x_wconf 87' lang='lat' dir='ltr'>illarum</span> <span class='ocrx_word' id='word_1_333' title='bbox 1525 1366 1668 1401; x_wconf 70' lang='lat' dir='ltr'>utilitas²</span> <span class='ocrx_word' id='word_1_334' title='bbox 1695 1378 1731 1401; x_wconf 91' lang='lat' dir='ltr'>ac</span> <span class='ocrx_word' id='word_1_335' title='bbox 1763 1367 1909 1401; x_wconf 87' lang='lat' dir='ltr'>locorum</span> <span class='ocrx_word' id='word_1_336' title='bbox 1943 1372 1975 1402; x_wconf 82' lang='lat' dir='ltr'>et</span> 
     </span>
     <span class='ocr_line' id='line_1_68' title="bbox 1236 1421 1974 1467; baseline 0 -11"><span class='ocrx_word' id='word_1_337' title='bbox 1236 1429 1419 1467; x_wconf 87' lang='lat' dir='ltr'>temporum</span> <span class='ocrx_word' id='word_1_338' title='bbox 1434 1421 1570 1467; x_wconf 86' lang='lat' dir='ltr'>qualitas</span> <span class='ocrx_word' id='word_1_339' title='bbox 1584 1421 1691 1464; x_wconf 82' lang='lat' dir='ltr'>exigit,</span> <span class='ocrx_word' id='word_1_340' title='bbox 1708 1421 1883 1456; x_wconf 83' lang='lat' dir='ltr'>efficaciter</span> <span class='ocrx_word' id='word_1_341' title='bbox 1898 1432 1974 1466; x_wconf 88' lang='lat' dir='ltr'>pro-</span> 
     </span>
     <span class='ocr_line' id='line_1_69' title="bbox 1235 1476 1391 1510; baseline -0.006 0"><span class='ocrx_word' id='word_1_342' title='bbox 1235 1476 1391 1510; x_wconf 87' lang='lat' dir='ltr'>videatur.</span> 
     </span>
    </p>
   </div>
   <div class='ocr_carea' id='block_1_13' title="bbox 1281 1528 2220 1573">
    <p class='ocr_par' dir='ltr' id='par_1_17' title="bbox 1281 1528 2220 1573">
     <span class='ocr_line' id='line_1_70' title="bbox 1281 1528 2220 1573; baseline -0.004 -10"><span class='ocrx_word' id='word_1_343' title='bbox 1281 1533 1297 1573; x_wconf 63' lang='grc' dir='ltr'>ξ</span> <span class='ocrx_word' id='word_1_344' title='bbox 1318 1530 1347 1563; x_wconf 79' lang='lat' dir='ltr'>t.</span> <span class='ocrx_word' id='word_1_345' title='bbox 1369 1530 1462 1569; x_wconf 90' lang='lat' dir='ltr'>Sane,</span> <span class='ocrx_word' id='word_1_346' title='bbox 1487 1539 1559 1562; x_wconf 76' lang='lat' dir='ltr'>cuin</span> <span class='ocrx_word' id='word_1_347' title='bbox 1581 1529 1659 1562; x_wconf 76' lang='lat' dir='ltr'>alias</span> <span class='ocrx_word' id='word_1_348' title='bbox 1679 1529 1763 1563; x_wconf 85' lang='lat' dir='ltr'>inter</span> <span class='ocrx_word' id='word_1_349' title='bbox 1782 1529 1918 1564; x_wconf 86' lang='lat' dir='ltr'>dilectos</span> <span class='ocrx_word' id='word_1_350' title='bbox 1937 1529 1974 1563; x_wconf 82' lang='lat' dir='ltr'>fi·</span> <span class='ocrx_word' id='word_1_351' title='bbox 2003 1528 2173 1561; x_wconf 76' lang='lat' dir='ltr'>Gausaefaoien-</span> <span class='ocrx_word' id='word_1_352' title='bbox 2219 1550 2220 1553; x_wconf 65' lang='lat'>,</span> 
     </span>
    </p>
   </div>
   <div class='ocr_carea' id='block_1_14' title="bbox 1237 1566 2174 1625">
    <p class='ocr_par' dir='ltr' id='par_1_18' title="bbox 1237 1566 2174 1625">
     <span class='ocr_line' id='line_1_71' title="bbox 1237 1566 2174 1625; baseline -0.002 -7"><span class='ocrx_word' id='word_1_353' title='bbox 1237 1585 1307 1625; x_wconf 86' lang='lat' dir='ltr'>lios,</span> <span class='ocrx_word' id='word_1_354' title='bbox 1320 1583 1558 1617; x_wconf 74' lang='lat' dir='ltr'>universitatem</span> <span class='ocrx_word' id='word_1_355' title='bbox 1571 1588 1600 1616; x_wconf 88' lang='lat' dir='ltr'>et</span> <span class='ocrx_word' id='word_1_356' title='bbox 1613 1582 1761 1617; x_wconf 86' lang='lat' dir='ltr'>homines</span> <span class='ocrx_word' id='word_1_357' title='bbox 1776 1589 1880 1616; x_wconf 89' lang='lat' dir='ltr'>terrae</span> <span class='ocrx_word' id='word_1_358' title='bbox 1889 1583 1976 1618; x_wconf 86' lang='lat' dir='ltr'>Cam-</span> <span class='ocrx_word' id='word_1_359' title='bbox 1990 1566 2032 1587; x_wconf 65' lang='lat'>&#39;³³⁶</span> <span class='ocrx_word' id='word_1_360' title='bbox 2050 1568 2174 1589; x_wconf 57' lang='lat' dir='ltr'>‘&#39;mmm’&#39;</span> 
     </span>
    </p>
   </div>
   <div class='ocr_carea' id='block_1_15' title="bbox 1237 1636 1983 2431">
    <p class='ocr_par' dir='ltr' id='par_1_19' title="bbox 1237 1636 1983 2431">
     <span class='ocr_line' id='line_1_72' title="bbox 1237 1636 1976 1683; baseline -0.001 -12"><span class='ocrx_word' id='word_1_361' title='bbox 1237 1639 1281 1683; x_wconf 88' lang='lat' dir='ltr'>pli</span> <span class='ocrx_word' id='word_1_362' title='bbox 1294 1637 1471 1682; x_wconf 79' lang='lat' dir='ltr'>Aprutinae</span> <span class='ocrx_word' id='word_1_363' title='bbox 1483 1642 1514 1670; x_wconf 85' lang='lat' dir='ltr'>et</span> <span class='ocrx_word' id='word_1_364' title='bbox 1526 1636 1718 1670; x_wconf 86' lang='lat' dir='ltr'>Montis-A-lti</span> <span class='ocrx_word' id='word_1_365' title='bbox 1732 1636 1924 1671; x_wconf 87' lang='lat' dir='ltr'>dioeceseon</span> <span class='ocrx_word' id='word_1_366' title='bbox 1939 1647 1976 1683; x_wconf 85' lang='lat' dir='ltr'>ex</span> 
     </span>
     <span class='ocr_line' id='line_1_73' title="bbox 1238 1689 1977 1732; baseline -0.001 -7"><span class='ocrx_word' id='word_1_367' title='bbox 1238 1695 1313 1732; x_wconf 73' lang='lat' dir='ltr'>una,</span> <span class='ocrx_word' id='word_1_368' title='bbox 1344 1701 1471 1724; x_wconf 87' lang='lat' dir='ltr'>necnon</span> <span class='ocrx_word' id='word_1_369' title='bbox 1493 1689 1758 1724; x_wconf 85' lang='lat' dir='ltr'>communitatem</span> <span class='ocrx_word' id='word_1_370' title='bbox 1776 1696 1808 1724; x_wconf 88' lang='lat' dir='ltr'>et</span> <span class='ocrx_word' id='word_1_371' title='bbox 1827 1690 1977 1724; x_wconf 84' lang='lat' dir='ltr'>homines</span> 
     </span>
     <span class='ocr_line' id='line_1_74' title="bbox 1239 1744 1977 1791; baseline 0 -12"><span class='ocrx_word' id='word_1_372' title='bbox 1239 1746 1469 1791; x_wconf 79' lang='lat' dir='ltr'>Aprutinenses</span> <span class='ocrx_word' id='word_1_373' title='bbox 1497 1755 1532 1778; x_wconf 85' lang='lat' dir='ltr'>ex</span> <span class='ocrx_word' id='word_1_374' title='bbox 1553 1745 1655 1778; x_wconf 70' lang='lat' dir='ltr'>altera</span> <span class='ocrx_word' id='word_1_375' title='bbox 1682 1744 1838 1789; x_wconf 86' lang='lat' dir='ltr'>partibus,</span> <span class='ocrx_word' id='word_1_376' title='bbox 1867 1745 1977 1788; x_wconf 87' lang='lat' dir='ltr'>plures</span> 
     </span>
     <span class='ocr_line' id='line_1_75' title="bbox 1240 1797 1979 1843; baseline -0.003 -9"><span class='ocrx_word' id='word_1_377' title='bbox 1240 1800 1449 1843; x_wconf 73' lang='lat' dir='ltr'>diversaeque</span> <span class='ocrx_word' id='word_1_378' title='bbox 1467 1798 1666 1832; x_wconf 79' lang='lat' dir='ltr'>differentiae</span> <span class='ocrx_word' id='word_1_379' title='bbox 1686 1803 1718 1831; x_wconf 89' lang='lat' dir='ltr'>et</span> <span class='ocrx_word' id='word_1_380' title='bbox 1741 1797 1979 1832; x_wconf 84' lang='lat' dir='ltr'>controversiae</span> 
     </span>
     <span class='ocr_line' id='line_1_76' title="bbox 1240 1851 1978 1897; baseline -0.003 -10"><span class='ocrx_word' id='word_1_381' title='bbox 1240 1855 1396 1897; x_wconf 80' lang='lat' dir='ltr'>vigerent,</span> <span class='ocrx_word' id='word_1_382' title='bbox 1424 1863 1461 1886; x_wconf 87' lang='lat' dir='ltr'>ac</span> <span class='ocrx_word' id='word_1_383' title='bbox 1482 1863 1519 1886; x_wconf 84' lang='lat' dir='ltr'>ex</span> <span class='ocrx_word' id='word_1_384' title='bbox 1539 1851 1602 1885; x_wconf 91' lang='lat' dir='ltr'>illis</span> <span class='ocrx_word' id='word_1_385' title='bbox 1623 1851 1725 1884; x_wconf 82' lang='lat' dir='ltr'>multa</span> <span class='ocrx_word' id='word_1_386' title='bbox 1749 1851 1781 1884; x_wconf 92' lang='lat' dir='ltr'>in</span> <span class='ocrx_word' id='word_1_387' title='bbox 1799 1851 1978 1885; x_wconf 90' lang='lat' dir='ltr'>dies-scan-</span> 
     </span>
     <span class='ocr_line' id='line_1_77' title="bbox 1241 1904 1979 1950; baseline -0.004 -8"><span class='ocrx_word' id='word_1_388' title='bbox 1241 1908 1314 1943; x_wconf 85' lang='lat' dir='ltr'>dala</span> <span class='ocrx_word' id='word_1_389' title='bbox 1327 1907 1503 1946; x_wconf 80' lang='lat' dir='ltr'>orirentur3</span> <span class='ocrx_word' id='word_1_390' title='bbox 1524 1905 1649 1950; x_wconf 90' lang='lat' dir='ltr'>ipsique</span> <span class='ocrx_word' id='word_1_391' title='bbox 1665 1904 1853 1938; x_wconf 81' lang='lat' dir='ltr'>universitas</span> <span class='ocrx_word' id='word_1_392' title='bbox 1870 1910 1903 1938; x_wconf 87' lang='lat' dir='ltr'>et</span> <span class='ocrx_word' id='word_1_393' title='bbox 1921 1904 1979 1939; x_wconf 92' lang='lat' dir='ltr'>ho-</span> 
     </span>
     <span class='ocr_line' id='line_1_78' title="bbox 1242 1957 1979 2004; baseline -0.003 -10"><span class='ocrx_word' id='word_1_394' title='bbox 1242 1961 1345 1994; x_wconf 86' lang='lat' dir='ltr'>mines</span> <span class='ocrx_word' id='word_1_395' title='bbox 1369 1959 1574 2004; x_wconf 87' lang='lat' dir='ltr'>Camplenses</span> <span class='ocrx_word' id='word_1_396' title='bbox 1595 1963 1714 1991; x_wconf 86' lang='lat' dir='ltr'>terram</span> <span class='ocrx_word' id='word_1_397' title='bbox 1735 1957 1922 1992; x_wconf 90' lang='lat' dir='ltr'>huiusmodi</span> <span class='ocrx_word' id='word_1_398' title='bbox 1947 1958 1979 1992; x_wconf 90' lang='lat' dir='ltr'>in</span> 
     </span>
     <span class='ocr_line' id='line_1_79' title="bbox 1242 2012 1980 2059; baseline -0.005 -9"><span class='ocrx_word' id='word_1_399' title='bbox 1242 2016 1344 2050; x_wconf 89' lang='lat' dir='ltr'>tribus</span> <span class='ocrx_word' id='word_1_400' title='bbox 1362 2013 1500 2059; x_wconf 87' lang='lat' dir='ltr'>oppidis,</span> <span class='ocrx_word' id='word_1_401' title='bbox 1519 2013 1668 2046; x_wconf 87' lang='lat' dir='ltr'>videlicet</span> <span class='ocrx_word' id='word_1_402' title='bbox 1685 2012 1807 2057; x_wconf 83' lang='lat' dir='ltr'>Campli</span> <span class='ocrx_word' id='word_1_403' title='bbox 1821 2018 1851 2046; x_wconf 88' lang='lat' dir='ltr'>et</span> <span class='ocrx_word' id='word_1_404' title='bbox 1867 2012 1980 2046; x_wconf 85' lang='lat' dir='ltr'>Nueel-</span> 
     </span>
     <span class='ocr_line' id='line_1_80' title="bbox 1242 2065 1980 2111; baseline -0.005 -7"><span class='ocrx_word' id='word_1_405' title='bbox 1242 2071 1302 2111; x_wconf 87' lang='lat' dir='ltr'>lae,</span> <span class='ocrx_word' id='word_1_406' title='bbox 1315 2080 1352 2103; x_wconf 85' lang='lat' dir='ltr'>ac</span> <span class='ocrx_word' id='word_1_407' title='bbox 1368 2067 1469 2102; x_wconf 89' lang='lat' dir='ltr'>Castri</span> <span class='ocrx_word' id='word_1_408' title='bbox 1483 2067 1568 2107; x_wconf 86' lang='lat' dir='ltr'>novi,</span> <span class='ocrx_word' id='word_1_409' title='bbox 1586 2066 1824 2108; x_wconf 86' lang='lat' dir='ltr'>consistentem,</span> <span class='ocrx_word' id='word_1_410' title='bbox 1842 2071 1873 2100; x_wconf 93' lang='lat' dir='ltr'>et</span> <span class='ocrx_word' id='word_1_411' title='bbox 1884 2065 1980 2100; x_wconf 91' lang='lat' dir='ltr'>unico</span> 
     </span>
     <span class='ocr_line' id='line_1_81' title="bbox 1242 2120 1980 2167; baseline -0.005 -10"><span class='ocrx_word' id='word_1_412' title='bbox 1242 2121 1385 2167; x_wconf 83' lang='lat' dir='ltr'>generali</span> <span class='ocrx_word' id='word_1_413' title='bbox 1397 2121 1555 2155; x_wconf 84' lang='lat' dir='ltr'>vocabulo</span> <span class='ocrx_word' id='word_1_414' title='bbox 1568 2120 1736 2164; x_wconf 89' lang='lat' dir='ltr'>Camplum</span> <span class='ocrx_word' id='word_1_415' title='bbox 1761 2126 1980 2165; x_wconf 86' lang='lat' dir='ltr'>nuncupatam</span> 
     </span>
     <span class='ocr_line' id='line_1_82' title="bbox 1243 2172 1977 2221; baseline -0.004 -12"><span class='ocrx_word' id='word_1_416' title='bbox 1243 2178 1350 2221; x_wconf 88' lang='lat' dir='ltr'>(quae,</span> <span class='ocrx_word' id='word_1_417' title='bbox 1384 2174 1469 2208; x_wconf 88' lang='lat' dir='ltr'>inter</span> <span class='ocrx_word' id='word_1_418' title='bbox 1499 2173 1576 2207; x_wconf 83' lang='lat' dir='ltr'>alias</span> <span class='ocrx_word' id='word_1_419' title='bbox 1597 2173 1767 2218; x_wconf 85' lang='lat' dir='ltr'>qualitates</span> <span class='ocrx_word' id='word_1_420' title='bbox 1785 2172 1955 2218; x_wconf 86' lang='lat' dir='ltr'>requisitas</span> <span class='ocrx_word' id='word_1_421' title='bbox 1970 2200 1977 2214; x_wconf 93' lang='lat'>,</span> 
     </span>
     <span class='ocr_line' id='line_1_83' title="bbox 1243 2226 1981 2263; baseline -0.004 0"><span class='ocrx_word' id='word_1_422' title='bbox 1243 2229 1337 2263; x_wconf 87' lang='lat' dir='ltr'>etiam</span> <span class='ocrx_word' id='word_1_423' title='bbox 1364 2227 1545 2262; x_wconf 90' lang='lat' dir='ltr'>districtum</span> <span class='ocrx_word' id='word_1_424' title='bbox 1571 2232 1602 2260; x_wconf 81' lang='lat' dir='ltr'>et</span> <span class='ocrx_word' id='word_1_425' title='bbox 1632 2227 1821 2260; x_wconf 88' lang='lat' dir='ltr'>comitatum</span> <span class='ocrx_word' id='word_1_426' title='bbox 1852 2226 1981 2260; x_wconf 86' lang='lat' dir='ltr'>circiter</span> 
     </span>
     <span class='ocr_line' id='line_1_84' title="bbox 1243 2279 1982 2327; baseline -0.005 -10"><span class='ocrx_word' id='word_1_427' title='bbox 1243 2283 1352 2327; x_wconf 80' lang='lat' dir='ltr'>viginti</span> <span class='ocrx_word' id='word_1_428' title='bbox 1367 2283 1503 2316; x_wconf 88' lang='lat' dir='ltr'>duarum</span> <span class='ocrx_word' id='word_1_429' title='bbox 1519 2281 1679 2322; x_wconf 85' lang='lat' dir='ltr'>villarum,</span> <span class='ocrx_word' id='word_1_430' title='bbox 1690 2291 1727 2314; x_wconf 89' lang='lat' dir='ltr'>ac</span> <span class='ocrx_word' id='word_1_431' title='bbox 1741 2279 1874 2314; x_wconf 87' lang='lat' dir='ltr'>totidem</span> <span class='ocrx_word' id='word_1_432' title='bbox 1887 2290 1982 2324; x_wconf 87' lang='lat' dir='ltr'>paro-</span> 
     </span>
     <span class='ocr_line' id='line_1_85' title="bbox 1243 2332 1982 2379; baseline -0.004 -9"><span class='ocrx_word' id='word_1_433' title='bbox 1243 2337 1330 2371; x_wconf 85' lang='lat' dir='ltr'>chias</span> <span class='ocrx_word' id='word_1_434' title='bbox 1343 2336 1450 2376; x_wconf 88' lang='lat' dir='ltr'>habet,</span> <span class='ocrx_word' id='word_1_435' title='bbox 1468 2340 1499 2368; x_wconf 89' lang='lat' dir='ltr'>et</span> <span class='ocrx_word' id='word_1_436' title='bbox 1512 2335 1544 2368; x_wconf 91' lang='lat' dir='ltr'>in</span> <span class='ocrx_word' id='word_1_437' title='bbox 1558 2344 1622 2379; x_wconf 84' lang='lat' dir='ltr'>qua</span> <span class='ocrx_word' id='word_1_438' title='bbox 1632 2343 1696 2367; x_wconf 88' lang='lat' dir='ltr'>una</span> <span class='ocrx_word' id='word_1_439' title='bbox 1708 2333 1767 2368; x_wconf 88' lang='lat' dir='ltr'>sub</span> <span class='ocrx_word' id='word_1_440' title='bbox 1779 2332 1982 2367; x_wconf 90' lang='lat' dir='ltr'>invocatione</span> 
     </span>
     <span class='ocr_line' id='line_1_86' title="bbox 1241 2379 1983 2431; baseline -0.004 -8"><span class='ocrx_word' id='word_1_441' title='bbox 1241 2379 1356 2423; x_wconf 82' lang='lat' dir='ltr'>beatae</span> <span class='ocrx_word' id='word_1_442' title='bbox 1380 2389 1498 2422; x_wconf 84' lang='lat' dir='ltr'>Mariae</span> <span class='ocrx_word' id='word_1_443' title='bbox 1512 2388 1550 2422; x_wconf 91' lang='lat' dir='ltr'>de</span> <span class='ocrx_word' id='word_1_444' title='bbox 1569 2387 1688 2421; x_wconf 82' lang='lat' dir='ltr'>Platea³</span> <span class='ocrx_word' id='word_1_445' title='bbox 1704 2392 1927 2431; x_wconf 87' lang='lat' dir='ltr'>nuncupatae,</span> <span class='ocrx_word' id='word_1_446' title='bbox 1951 2391 1983 2420; x_wconf 91' lang='lat' dir='ltr'>et</span> 
     </span>
    </p>
   </div>
   <div class='ocr_carea' id='block_1_16' title="bbox 1242 2485 1983 2700">
    <p class='ocr_par' dir='ltr' id='par_1_20' title="bbox 1278 2485 1870 2522">
     <span class='ocr_line' id='line_1_87' title="bbox 1278 2485 1870 2522; baseline -0.005 -8"><span class='ocrx_word' id='word_1_447' title='bbox 1278 2488 1291 2514; x_wconf 80' lang='lat'><strong>1</strong></span> <span class='ocrx_word' id='word_1_448' title='bbox 1314 2487 1385 2514; x_wconf 88' lang='lat' dir='ltr'>Edit.</span> <span class='ocrx_word' id='word_1_449' title='bbox 1404 2486 1508 2522; x_wconf 79' lang='lat' dir='ltr'>Ughelti</span> <span class='ocrx_word' id='word_1_450' title='bbox 1524 2485 1587 2521; x_wconf 76' lang='lat' dir='ltr'>legit</span> <span class='ocrx_word' id='word_1_451' title='bbox 1601 2485 1751 2512; x_wconf 74' lang='lat' dir='ltr'>accomoda</span> <span class='ocrx_word' id='word_1_452' title='bbox 1765 2486 1802 2520; x_wconf 76' lang='lat' dir='ltr'>(n.</span> <span class='ocrx_word' id='word_1_453' title='bbox 1820 2485 1870 2520; x_wconf 84' lang='lat' dir='ltr'>T.).</span> 
     </span>
    </p>

    <p class='ocr_par' dir='ltr' id='par_1_21' title="bbox 1244 2528 1983 2610">
     <span class='ocr_line' id='line_1_88' title="bbox 1278 2528 1983 2565; baseline -0.003 -7"><span class='ocrx_word' id='word_1_454' title='bbox 1278 2532 1295 2558; x_wconf 86' lang='lat'><strong>2</strong></span> <span class='ocrx_word' id='word_1_455' title='bbox 1313 2531 1379 2558; x_wconf 87' lang='lat' dir='ltr'>Tam</span> <span class='ocrx_word' id='word_1_456' title='bbox 1395 2530 1459 2558; x_wconf 91' lang='lat' dir='ltr'>edit.</span> <span class='ocrx_word' id='word_1_457' title='bbox 1476 2530 1554 2557; x_wconf 86' lang='lat' dir='ltr'>Main.</span> <span class='ocrx_word' id='word_1_458' title='bbox 1572 2537 1653 2565; x_wconf 85' lang='lat' dir='ltr'>quam</span> <span class='ocrx_word' id='word_1_459' title='bbox 1673 2528 1778 2564; x_wconf 85' lang='lat' dir='ltr'>Ughelli</span> <span class='ocrx_word' id='word_1_460' title='bbox 1798 2529 1880 2557; x_wconf 84' lang='lat' dir='ltr'>habet</span> <span class='ocrx_word' id='word_1_461' title='bbox 1900 2529 1983 2558; x_wconf 65' lang='lat' dir='ltr'>utili-</span> 
     </span>
     <span class='ocr_line' id='line_1_89' title="bbox 1244 2573 1921 2610; baseline -0.004 -7"><span class='ocrx_word' id='word_1_462' title='bbox 1244 2577 1322 2608; x_wconf 76' lang='lat' dir='ltr'>eatis,</span> <span class='ocrx_word' id='word_1_463' title='bbox 1338 2575 1385 2602; x_wconf 88' lang='lat' dir='ltr'>sed</span> <span class='ocrx_word' id='word_1_464' title='bbox 1400 2575 1512 2602; x_wconf 86' lang='lat' dir='ltr'>fortasse</span> <span class='ocrx_word' id='word_1_465' title='bbox 1528 2573 1671 2609; x_wconf 81' lang='lat' dir='ltr'>legendum</span> <span class='ocrx_word' id='word_1_466' title='bbox 1689 2573 1803 2601; x_wconf 72' lang='lat' dir='ltr'>utilitas</span> <span class='ocrx_word' id='word_1_467' title='bbox 1817 2574 1856 2609; x_wconf 78' lang='lat' dir='ltr'>(n.</span> <span class='ocrx_word' id='word_1_468' title='bbox 1873 2574 1921 2610; x_wconf 92' lang='grc' dir='ltr'>τ.).</span> 
     </span>
    </p>

    <p class='ocr_par' dir='ltr' id='par_1_22' title="bbox 1242 2618 1971 2700">
     <span class='ocr_line' id='line_1_90' title="bbox 1278 2618 1971 2654; baseline -0.001 -7"><span class='ocrx_word' id='word_1_469' title='bbox 1278 2621 1294 2647; x_wconf 88' lang='grc'><strong>3</strong></span> <span class='ocrx_word' id='word_1_470' title='bbox 1319 2620 1391 2648; x_wconf 85' lang='lat' dir='ltr'>Haec</span> <span class='ocrx_word' id='word_1_471' title='bbox 1420 2619 1502 2647; x_wconf 84' lang='lat' dir='ltr'>verba</span> <span class='ocrx_word' id='word_1_472' title='bbox 1529 2619 1563 2646; x_wconf 86' lang='lat' dir='ltr'>de</span> <span class='ocrx_word' id='word_1_473' title='bbox 1591 2619 1693 2646; x_wconf 81' lang='lat' dir='ltr'>Platea</span> <span class='ocrx_word' id='word_1_474' title='bbox 1723 2627 1866 2654; x_wconf 83' lang='lat' dir='ltr'>perperam</span> <span class='ocrx_word' id='word_1_475' title='bbox 1894 2618 1971 2646; x_wconf 88' lang='lat' dir='ltr'>omisi</span> 
     </span>
     <span class='ocr_line' id='line_1_91' title="bbox 1242 2662 1854 2700; baseline 0 -8"><span class='ocrx_word' id='word_1_476' title='bbox 1242 2664 1335 2699; x_wconf 59' lang='lat' dir='ltr'>Mein„</span> <span class='ocrx_word' id='word_1_477' title='bbox 1351 2668 1379 2692; x_wconf 85' lang='lat' dir='ltr'>at</span> <span class='ocrx_word' id='word_1_478' title='bbox 1397 2663 1531 2692; x_wconf 84' lang='lat' dir='ltr'>habentur</span> <span class='ocrx_word' id='word_1_479' title='bbox 1546 2663 1616 2700; x_wconf 88' lang='lat' dir='ltr'>apud</span> <span class='ocrx_word' id='word_1_480' title='bbox 1632 2662 1734 2699; x_wconf 84' lang='lat' dir='ltr'>Ughelli</span> <span class='ocrx_word' id='word_1_481' title='bbox 1753 2664 1788 2699; x_wconf 76' lang='lat' dir='ltr'>(R.</span> <span class='ocrx_word' id='word_1_482' title='bbox 1805 2663 1854 2699; x_wconf 82' lang='grc' dir='ltr'>τ.).</span> 
     </span>
    </p>
   </div>
   <div class='ocr_carea' id='block_1_17' title="bbox 2201 474 2227 1874">
    <p class='ocr_par' dir='ltr' id='par_1_23' title="bbox 2201 474 2227 1874">
     <span class='ocr_line' id='line_1_92' title="bbox 2201 474 2227 1874; baseline 0 0"><span class='ocrx_word' id='word_1_483' title='bbox 2201 474 2227 1874; x_wconf 95' lang='lat' dir='ltr'> </span> 
     </span>
    </p>
   </div>
   <div class='ocr_carea' id='block_1_18' title="bbox 2220 1870 2227 2611">
    <p class='ocr_par' dir='ltr' id='par_1_24' title="bbox 2220 1870 2227 2611">
     <span class='ocr_line' id='line_1_93' title="bbox 2220 1870 2227 2611; baseline 0 0"><span class='ocrx_word' id='word_1_484' title='bbox 2220 1870 2227 2611; x_wconf 95' lang='lat' dir='ltr'> </span> 
     </span>
    </p>
   </div>
  </div>
 </body>
</html>
