2227 3241
270 295 320 322 An.
341 295 369 323 C.
388 295 455 323 1605

270 364 308 378 nus
323 364 335 378 :i
345 363 382 378 sua
398 358 456 378 dior-

271 391 312 405 cesi
321 387 401 405 arceat.

296 1100 393 1122 Monetur
412 1099 456 1120 Dux

270 1132 319 1149 utet
328 1128 454 1154 praestosit.

288 2548 309 2569 ln
320 2548 400 2570 ditione
410 2549 458 2570 Dul-

275 2577 376 2601 cisaquae
387 2576 459 2597 foenus

275 2603 396 2623 exercitum.

500 286 564 320 17⁶2

472 350 543 378 tuae
557 344 669 377 ditioni
691 343 842 376 subiectis
855 344 914 377 sub
928 343 1115 387 episcopatu
1133 344 1210 376 Ven-

470 397 631 429 timiliensi
660 407 774 429 usuras
799 402 909 429 contra
933 407 1098 430 sacrorum
1114 407 1209 430 cano-

469 461 544 482 num
588 449 831 482 constitutiones
866 460 930 483 non
968 450 1035 483 sine
1065 450 1207 483 fidelium

467 504 620 536 scandalo
639 509 669 536 et
690 514 808 546 magno
827 515 900 537 cum
923 504 1118 537 detrimento
1136 515 1210 548 pan-

466 567 580 599 perum
599 557 751 597 exerceri,
780 568 919 601 cumque
945 558 1118 591 venerabili
1141 558 1206 590 sra-

468 610 506 642 tri
527 610 690 653 Stephano
709 610 861 654 episcopo
884 611 1114 644 Ventimiliensi
1137 617 1209 644 ante

467 663 575 696 omnia
602 664 872 702 mandaverimus,
901 670 935 697 ut
955 665 1112 709 populum
1134 664 1207 697 fidei

466 722 496 749 et
516 717 681 750 custodiae
698 728 773 751 suae
792 718 1000 751 commissum
1020 719 1059 751 ab
1081 718 1140 750 isto
1158 718 1210 750 ssa-

466 770 543 811 gitio
564 781 716 804 revocare
733 772 871 811 studeat,
893 783 998 815 neque
1020 772 1049 804 id
1068 771 1136 804 sine
1156 782 1210 803 no-

465 823 596 856 bilitatis
619 829 691 857 tuae
711 824 829 857 auxillo
849 826 953 858 facere
967 824 1078 868 possit;
1095 824 1156 857 hac
1171 824 1209 857 de

468 880 581 917 causa,
606 887 642 909 cx
664 882 735 910 voto
757 877 852 910 ctiam
883 878 1114 911 venerabilium
1142 877 1206 909 sra-

468 934 554 962 trum
574 935 758 963 nostrorum
780 936 908 963 sanctae
926 931 1088 963 Romanae
1108 930 1211 962 Eccle-

469 982 535 1015 siae
553 983 764 1016 cardinalium
782 983 864 1016 sacri
884 983 1014 1017 Concilii
1033 983 1210 1016 Tridentini

470 1036 697 1080 interpretum,
716 1043 744 1070 te
765 1037 934 1070 hortantur
952 1044 981 1071 ct.
1002 1039 1211 1071 obsecramus

471 1089 503 1121 in
524 1089 672 1131 Domino,
693 1096 728 1123 ut
746 1101 805 1134 pro
830 1093 882 1123 tua
909 1091 939 1123 in
960 1092 1058 1124 Deum
1082 1092 1155 1132 lide,
1180 1091 1211 1124 in

471 1142 616 1176 subditos
638 1148 709 1176 tuos
737 1154 858 1183 amore,
880 1149 975 1187 atque
997 1155 1073 1187 erga
1099 1155 1158 1177 nos
1183 1151 1210 1177 et

471 1196 585 1230 Sedem
616 1197 832 1240 Apostolicam
859 1197 1078 1237 observantia,
1107 1198 1210 1231 cidem

471 1249 624 1293 episcopo
644 1250 676 1282 in
693 1250 754 1283 hoc
775 1260 874 1283 unum
898 1250 971 1283 totis
989 1251 1108 1283 viribus
1125 1251 1214 1284 labo-

470 1302 552 1335 ranti
574 1302 727 1335 auxilium
748 1303 915 1346 praehere,
942 1305 1058 1347 linique
1076 1305 1214 1337 auctori-

470 1360 533 1387 tate
546 1354 709 1395 adiuvare,
731 1365 766 1388 ac
785 1355 960 1389 renitentes
980 1356 1072 1389 minis
1090 1358 1215 1400 poenis-

470 1419 533 1452 que
547 1409 586 1442 ad
601 1409 662 1442 hoc
677 1409 843 1452 impellere
856 1409 943 1442 velis.
958 1410 1026 1449 Quo
1041 1411 1212 1444 maximam

471 1461 510 1494 de
523 1464 576 1494 tua
589 1462 708 1506 pietate
720 1463 805 1506 apud
820 1473 932 1496 omnes
944 1463 1212 1497 existimationem

470 1515 680 1548 vehementer
692 1516 817 1549 auxeris
828 1516 986 1560 nobisque
997 1517 1212 1559 gratissimum

472 1566 596 1600 seceris.

514 1620 628 1653 Datum
654 1620 773 1653 Romae
801 1621 886 1664 apud
916 1627 1062 1654 sanctum
1085 1621 1212 1654 Petrum

470 1673 529 1706 sub
557 1674 676 1707 annulo
702 1674 872 1708 Piscatoris
899 1675 950 1707 die
981 1686 1053 1708 xxvi
1078 1675 1213 1709 ianuarii

470 1736 566 1768 MDCV,
586 1727 792 1771 pontificatus
812 1729 911 1761 nostri
933 1739 1017 1761 anno
1039 1739 1106 1762 xm.

507 1790 566 1817 Dat*
589 1790 631 1817 die
652 1794 679 1817 et
699 1799 778 1825 anno,
800 1791 899 1826 quibus
915 1800 1005 1827 supra.

742 1977 944 2012 CCCLXXIII.

486 2101 638 2146 Sequitur
662 2103 705 2136 acl
729 2103 897 2136 dominum
923 2103 1035 2136 Dulcis
1058 2101 1199 2146 Aquae&

501 2209 616 2237 Dilecto
632 2209 715 2244 rino,
732 2210 825 2237 nobili
840 2210 914 2244 viro,
931 2210 1082 2244 Imperiali
1097 2210 1184 2238 Doria

667 2263 769 2291 Dulcis
786 2264 886 2297 Aquae
902 2263 1017 2291 domino

678 2317 810 2344 Clemens
831 2317 910 2351 Papa
930 2318 1008 2344 vm.

650 2388 764 2416 Dilecto
775 2389 834 2423 fili,
846 2389 957 2416 nobilis
973 2389 1020 2416 vir
1029 2411 1036 2423 ,

517 2435 649 2462 satutem
664 2437 695 2462 et.
708 2434 904 2469 apostolicam
918 2434 1168 2462 benedictionem.

518 2533 627 2577 Nuper
640 2533 856 2567 intelleximus
871 2533 901 2565 in
917 2535 969 2566 tua
983 2532 1093 2566 Dulcis
1105 2534 1214 2576 Aquae

475 2585 597 2620 ditione
617 2587 732 2621 foenus
748 2592 860 2620 contra
881 2586 985 2620 omnis
1003 2586 1146 2628 humani,
1167 2586 1215 2621 di-

510 2701 523 2726 1
542 2700 579 2728 Ex
595 2701 701 2737 ltegest.
719 2702 746 2729 in
761 2701 863 2730 Secret.
885 2701 1019 2729 Brevium.

1012 295 1189 320 BULLARIUM
1214 296 1364 320 ROMANUM

1244 344 1372 388 vinique
1394 343 1471 376 iuris
1497 342 1690 386 aequitatem
1718 342 1875 376 exerceri:
1899 353 1982 387 quae

1244 403 1297 430 tua
1312 398 1391 431 ditio
1407 408 1478 430 cum
1494 397 1552 430 sul)
1566 396 1816 429 Ventimiliensis
1829 396 1983 430 ecclesiae

1244 451 1365 484 ditione
1383 451 1486 494 posita
1504 450 1563 491 sit,
1581 456 1677 494 atque
1701 449 1875 483 venerabili
1894 450 1985 483 fratri

1244 504 1406 548 Stephano
1435 504 1586 547 episcopo
1615 503 1718 536 dietae
1749 503 1922 544 ecclesiae,
1949 508 1985 536 ut

1245 568 1302 601 pro
1323 557 1475 601 pastorali
1500 556 1627 597 officio,
1658 567 1722 600 quo
1743 557 1866 590 animas
1886 556 1984 589 lucri-

1244 612 1349 644 facere
1367 616 1462 654 atque
1479 621 1496 644 a
1513 610 1597 643 vitiis
1615 620 1766 643 revocare
1787 615 1923 651 tenetur,
1943 610 1984 642 ad

1243 674 1312 696 eam
1328 663 1549 707 extit-pandam
1571 663 1777 707 funditusque
1807 663 1984 696 tollendam

1244 717 1316 750 totis
1346 717 1444 749 animi
1472 717 1682 760 corporisque
1711 717 1832 750 viribus
1859 717 1984 750 incum-

1244 771 1306 806 bat,
1332 770 1609 811 mandaverimus3
1632 781 1701 810 nos,
1718 781 1778 814 pro
1792 772 1900 803 nostra
1920 780 1980 814 pa-

1243 826 1333 856 terna
1354 835 1431 865 erga
1451 830 1480 857 le
1506 829 1642 867 tuosque
1658 824 1802 857 subditos
1816 823 1983 865 charitate,

1244 888 1279 909 ex
1299 883 1372 910 voto
1394 877 1489 909 etiam
1510 877 1742 910 venerabilium
1765 877 1899 910 fratrum
1923 887 1982 910 no-

1243 936 1383 963 strorum
1405 936 1532 963 sanctae
1553 931 1718 963 Romanae
1735 930 1894 963 Ecclesiae
1908 939 1983 963 ‘car-

1245 984 1400 1017 dinalium
1421 984 1501 1017 sacri
1523 984 1655 1018 Concilii
1679 984 1859 1017 Tridentini
1878 984 1981 1017 inter·

1245 1043 1384 1080 pretum,
1416 1037 1616 1070 nobilitatem
1639 1042 1726 1070 tuam
1759 1037 1929 1070 hortamur
1953 1036 1986 1069 in

1245 1090 1392 1130 Domino,
1416 1097 1451 1124 ut
1471 1102 1555 1131 eum,
1581 1091 1611 1123 in
1632 1091 1693 1124 hoc
1712 1101 1812 1124 unum
1836 1090 1987 1124 laboran-

1248 1151 1322 1184 tem,
1339 1155 1403 1177 non
1420 1146 1523 1177 solum
1545 1147 1597 1177 tua
1616 1144 1806 1178 auctoritate
1820 1143 1913 1185 tueri,
1930 1143 1987 1176 sed

1247 1199 1341 1231 etiam
1361 1198 1479 1231 auxilio
1499 1203 1595 1241 atque
1615 1198 1702 1231 omni
1725 1208 1785 1241 ope
1805 1198 1913 1231 iuvare
1933 1207 1986 1230 ve-

1248 1253 1296 1293 lis,
1320 1258 1355 1285 ut
1378 1253 1541 1285 communi
1564 1263 1721 1285 consensu
1742 1251 1988 1295 coniunctisque

1247 1306 1368 1338 viribus
1392 1306 1502 1338 vitium
1533 1306 1616 1339 istud
1648 1306 1713 1339 Deo
1741 1311 1772 1338 et
1801 1304 1988 1338 hominibus

1249 1369 1395 1392 exorsum
1412 1370 1448 1392 ex
1469 1359 1527 1391 ista
1548 1358 1714 1402 provincia
1734 1358 1885 1402 expellas,
1901 1363 1988 1391 tuos-

1249 1423 1310 1456 que
1324 1412 1469 1445 subditos
1488 1413 1527 1445 ad
1548 1413 1697 1445 virtutem
1713 1418 1743 1445 et
1763 1411 1917 1445 iustitiam
1935 1422 1989 1445 co-

1248 1466 1376 1499 lendam
1399 1466 1537 1506 excites,
1568 1476 1632 1510 quo
1662 1471 1692 1499 et
1715 1475 1874 1509 pauperes
1897 1465 1988 1498 istius

1249 1519 1378 1552 ditionis
1399 1526 1470 1552 tuae
1487 1519 1676 1561 gravissimo
1696 1529 1796 1552 onere
1816 1528 1987 1562 oppressos

1249 1571 1399 1604 liberabis
1414 1600 1421 1611 ,
1454 1578 1481 1605 et
1495 1605 1501 1611 ,
1515 1572 1650 1614 gratiam
1685 1571 1769 1615 apud
1798 1581 1858 1605 nos
1891 1576 1988 1615 atque

1249 1625 1333 1668 apud
1361 1625 1460 1658 Deum
1491 1625 1744 1668 omnipotentem
1770 1624 1826 1658 tibi
1852 1634 1986 1668 compa-

1249 1678 1345 1711 rabis.

1292 1732 1407 1765 Datum
1431 1733 1551 1765 Romae
1571 1733 1657 1776 apud
1678 1738 1822 1766 sanctum
1843 1732 1986 1773 Petrum,

1249 1785 1307 1817 sub
1337 1785 1457 1818 annulo
1481 1785 1650 1818 piscatoris
1674 1786 1726 1819 die
1744 1796 1820 1819 xxvl
1852 1783 1989 1818 ianuarii

1249 1849 1345 1880 mcv,
1368 1839 1575 1883 pontificatus
1592 1840 1703 1882 nostri,
1722 1850 1807 1873 anno
1827 1849 1897 1873 xm.

1284 1902 1345 1928 Dat.
1363 1902 1405 1929 die
1420 1901 1454 1929 ⁶26
1471 1902 1585 1930 ianuarii
1601 1903 1682 1937 1605,
1698 1903 1796 1938 pontif,
1818 1911 1861 1930 an.
1879 1909 1936 1929 xm.

1518 2061 1720 2096 CCCLxxlv.

1248 2159 1444 2193 Monosleria
1480 2160 1591 2192 oimtia
1623 2159 1819 2193 monialium
1856 2158 1988 2193 Ordinis

1292 2213 1397 2245 sancti
1411 2213 1589 2254 Benedicti,
1604 2214 1640 2246 in
1656 2213 1805 2257 partibus
1819 2213 1985 2254 Prussiae,

1294 2265 1450 2299 Polom'ae
1466 2270 1493 2299 et
1510 2267 1686 2300 Lz‘tuam'ae
1701 2267 1881 2307 eccistentia,
1909 2266 1988 2300 loco-

1292 2329 1366 2351 rum
1387 2319 1572 2353 Orclt'nariz's
1589 2319 1820 2359 sufficiuntur,
1837 2329 1910 2352 cum
1923 2319 1990 2362 pri-

1291 2371 1484 2414 vilegyiormn
1503 2383 1540 2405 ac
1561 2371 1844 2415 indulqentiarum
1865 2381 1989 2405 conces-

1293 2426 1382 2458 sione
1396 2424 1414 2458 ¹.

1248 2540 1372 2568 Dilectis
1399 2540 1427 2567 in
1457 2541 1573 2568 Christo
1601 2540 1720 2568 filiabus
1750 2540 1943 2576 magdalenae
1972 2547 1989 2568 a

1284 2593 1422 2628 Mortanq
1447 2594 1619 2622 abbatissae
1644 2596 1675 2622 et
1703 2593 1864 2622 conventui
1887 2599 1989 2623 mona-

1285 2701 1295 2727 t
1319 2699 1356 2727 Ex
1376 2703 1474 2735 regest.
1496 2700 1522 2727 in
1542 2700 1641 2729 Secret.
1664 2700 1740 2728 Brev.

1995 293 2045 322 An.
2066 293 2094 322 G.
2109 288 2198 338 16053]
2224 302 2227 324 i

2188 649 2221 683 ³,ss

2023 781 2069 802 Dux
2081 779 2180 807 episcopo
2195 783 2203 794 ,v

1997 809 2026 829 ad
2050 808 2132 828 taboret
2153 806 2206 834 aiil

1997 834 2048 855 illud
2077 833 2219 861 extirpati-ag·¹

1997 861 2053 882 dum.

2186 895 2204 915 ¹).
2218 877 2219 882 ¹

2150 2532 2194 2594 ΑΔῗ-’μῖ-
2150 2315 2186 2526 σκᾶὶᾞίριᾗὲῃ
2162 2281 2182 2307 ξς
2159 2176 2190 2274 φιτ-’,μα
2137 2116 2187 2165 :3⁸
2160 1981 2193 2109 ''Ph-⁶2¹5*
