2227 3241
29 243 79 271 An.
95 241 123 269 C.
146 239 214 268 1604

63 1156 180 1180 Exordium,

72 1482 166 1506 Nonnulli
181 1483 222 1504 rra-

0 1520 2 1530 ι
42 1511 83 1531 tres
88 1510 114 1531 nd
121 1510 174 1531 laico
178 1515 221 1531 rum

0 1547 4 1560 2
42 1536 152 1558 tribunalia
171 1542 222 1558 con-

42 1563 153 1590 fugiebant.

226 340 433 386 pontificatus
452 340 554 374 nostri
575 350 660 374 anno
680 350 749 374 xm

297 402 357 430 Dat.
379 402 421 430 die
441 403 475 430 ⁶25
490 402 596 430 octobr.
613 402 699 435 1604,
716 410 760 430 an.
778 404 851 438 pont.
869 408 923 429 xm.

530 562 660 598 CCCLX.

229 661 439 705 praescripta
454 659 561 704 forma
584 659 847 704 appellationum
873 661 973 693 inter-

270 713 500 760 ponendarum
519 724 540 747 a
555 714 714 757 fratribus
736 713 872 748 Ordinis
889 714 970 748 Ere-

273 768 434 801 mitarum
453 767 560 800 sancti
574 766 769 811 Auyustini,
782 767 975 811 prohibetur

273 821 452 866 quominus
468 824 640 854 recurrant
653 820 696 853 ad
711 820 896 854 tribunalia
908 831 975 854 sae-

275 874 406 908 cularia
417 873 438 908 ¹.

440 991 575 1019 Clemens
591 991 670 1026 Papa
683 991 760 1024 VIII,

357 1046 393 1074 ad
408 1048 586 1080 perpetuam
601 1044 645 1073 rei
665 1044 846 1073 memoriam.

279 1144 438 1185 Quoniam
457 1148 569 1178 nostro
590 1144 744 1188 pastorali
772 1143 977 1188 potissimum

235 1197 396 1232 incumbit
415 1197 537 1238 officio,
560 1202 596 1231 ut
616 1207 652 1230 ea
673 1207 754 1241 quae
773 1207 832 1241 per
852 1197 979 1240 regula-

235 1262 286 1286 res
305 1261 461 1296 personas
481 1256 593 1285 contra
611 1261 723 1284 eorum
750 1249 911 1293 regularia
929 1250 978 1283 in-

235 1305 347 1340 stituta
358 1311 478 1339 temere
495 1310 702 1345 attentantur,
717 1310 874 1348 quantum
886 1303 979 1337 nobis

236 1369 272 1393 ex
298 1359 363 1393 alto
388 1359 588 1399 conceditur,
613 1357 803 1402 opportunis
829 1357 980 1391 remediis

236 1422 480 1458 compescamus
501 1418 532 1445 et
551 1421 777 1451 amoveamus3

283 1467 299 1509 ἓ
317 1465 348 1499 t.
369 1465 518 1506 Proinde,
543 1464 618 1509 quia
638 1474 752 1509 nuper,
774 1463 892 1497 dilecto
913 1463 979 1496 filio

236 1519 390 1564 magistro
410 1518 582 1564 Hyppolito
607 1517 781 1552 Ravennati
799 1517 907 1562 priore
925 1527 979 1560 ge-

237 1573 340 1608 nerali
360 1573 488 1608 Ordinis
512 1572 726 1607 Eremitarurn
748 1571 850 1605 sancti
869 1573 978 1614 Augu-

238 1627 314 1662 stini
333 1638 400 1661 non
419 1626 489 1661 sine
513 1626 614 1660 animi
638 1625 739 1660 nostri
764 1625 911 1660 molestia
931 1636 980 1659 re-

238 1682 373 1723 ferente,
390 1681 587 1726 accepimus,
603 1680 691 1725 quod
706 1680 884 1714 nonnullae
904 1679 980 1713 dicti

238 1735 376 1776 Ordinis,
393 1735 487 1769 etiam
501 1734 671 1779 utriusque
690 1744 794 1774 sexus,
817 1733 981 1776 regulares

238 1800 407 1835 personae,
427 1789 483 1824 Dei
503 1789 621 1823 timore
641 1787 832 1833 postposito,
856 1792 886 1821 et
905 1798 982 1821 suae

239 1843 448 1890 professionis
479 1842 711 1883 immemores,
739 1847 774 1875 ut
803 1841 835 1875 in
867 1851 980 1875 eorum

240 1897 418 1931 malefactis
432 1902 463 1931 et
476 1896 698 1930 inobedientia
717 1907 750 1930 se
769 1895 889 1929 diutius
907 1906 982 1929 con-

240 1951 378 1993 foveant,
402 1951 442 1984 ab
463 1950 501 1984 iis
521 1960 604 1995 quae
628 1960 686 1994 per
709 1950 872 1995 praelatos
900 1949 983 1983 eius-

242 2004 314 2039 dem
337 2004 466 2040 Ordinis
492 2010 522 2038 et
545 2004 694 2049 priores,
714 2003 927 2048 provinciales
953 2008 984 2036 et

242 2058 322 2093 alios
342 2059 537 2103 superiores,
558 2058 598 2091 ab
621 2058 691 2102 ipso
712 2057 821 2102 priore
841 2057 983 2100 generali

242 2123 302 2158 pro
322 2117 470 2157 tempore
491 2112 681 2156 deputatos,
701 2117 772 2146 acta
791 2117 908 2145 suntet
928 2111 983 2145 de-

243 2172 341 2207 creta,
365 2166 405 2200 ad
423 2166 595 2199 tribunalia
612 2165 790 2199 saecularia
807 2166 982 2210 appellare,

243 2224 275 2254 et
293 2220 334 2254 ad
353 2230 391 2254 ea
411 2224 532 2253 temere
546 2219 720 2262 confugere
735 2224 982 2259 consueverunt,

245 2327 451 2371 superiorum
472 2326 669 2366 laesionem,
697 2331 728 2359 et
750 2326 908 2369 regularis
939 2326 986 2359 in-

245 2380 347 2414 stituti
363 2379 586 2414 alterationem
611 2389 648 2413 ac
671 2379 858 2413 scandalum
879 2379 983 2424 pluri-

245 2443 393 2468 morum:

283 2569 294 2596 ί
308 2568 390 2596 Plura
402 2567 435 2596 de
446 2567 495 2596 isto
507 2567 606 2596 Ordine
617 2567 702 2596 videri
718 2571 830 2604 possunt
845 2566 905 2595 sub.
921 2575 987 2604 pon-

246 2611 287 2640 tif.
304 2612 447 2640 Alexandri
467 2612 496 2639 lv
512 2613 539 2640 in
559 2613 650 2641 Const.
668 2621 728 2641 xxix
739 2613 817 2640 Licet
832 2612 985 2641 Ecclesiae.

247 2656 374 2690 'rom-111,
390 2656 436 2686 fol.
452 2657 504 2686 635
523 2657 563 2693 (h.
580 2665 607 2686 n.
625 2657 712 2692 edit).

845 237 993 263 crannus
1014 238 1071 263 v111
1089 240 1139 263 rr.

226 288 302 322 nulo
327 287 514 328 piscatoris,
539 287 590 321 die
613 297 675 322 xxv
704 285 845 320 octobris
869 291 988 342 noclvl

1656 228 1717 262 135

1048 288 1064 329 ξ
1085 286 1115 321 2.
1137 287 1210 328 Nos,
1234 287 1419 332 praemissis
1440 287 1571 321 obviare
1590 286 1745 327 volentes,

1003 339 1160 374 universis
1174 346 1205 374 et
1224 341 1358 384 singulis
1379 341 1455 375 dieti
1476 340 1604 375 Ordinis
1621 340 1745 374 utiius-

1005 404 1067 438 que
1093 404 1186 427 sexus
1212 395 1414 437 regula1ibus
1446 394 1613 439 personis,
1644 394 1750 428 cuius-

1005 457 1144 491 cumque
1159 448 1332 491 dignitatis,
1343 454 1452 489 status,
1463 449 1581 492 gradus
1596 454 1626 482 et
1640 448 1751 482 condi-

1008 500 1105 534 tionis
1123 501 1342 543 existentibus,
1355 503 1530 547 apostolica
1545 502 1748 544 auctoritate,

1006 561 1117 588 tenore
1134 555 1595 600 praesentium,praecipimus
1612 561 1642 590 et
1659 566 1751 590 man-

1007 609 1142 650 damus,
1172 609 1293 653 eisque,
1322 611 1380 644 sub
1406 610 1752 645 excommunicationis

1006 662 1091 695 latae
1116 662 1307 703 sententiae,
1328 674 1345 696 a
1370 675 1432 707 qua
1457 664 1588 697 nonnisi
1613 675 1630 697 a
1656 664 1750 698 nobis

1007 726 1062 749 seu
1080 716 1225 749 Romano
1251 716 1408 750 Pontifice
1434 728 1492 761 pro
1518 723 1665 762 tempore
1686 717 1752 751 exi-

1008 775 1129 811 stente,
1153 776 1381 815 praeterquam
1407 771 1439 804 in
1466 772 1579 804 mortis
1606 771 1754 813 articulo,

1009 823 1129 856 absolvi
1150 824 1285 867 possint,
1309 835 1436 858 necnon
1461 824 1650 869 privationis
1674 835 1750 869 per-

1009 882 1124 921 petuae
1145 877 1327 910 officiorum
1357 889 1416 921 per
1446 888 1499 911 eos
1525 878 1754 914 obtentorum.

1010 940 1046 963 ac
1064 930 1275 963 inhabilitatis
1289 931 1328 964 ad
1344 931 1397 963 illa
1411 936 1440 964 et
1454 931 1515 964 alia
1530 941 1755 975 quaecumque

1011 983 1090 1017 dicti
1112 983 1240 1017 Ordinis
1261 983 1367 1017 officia
1393 984 1582 1024 exercenda,
1606 994 1643 1017 ac
1668 983 1755 1018 vocis

1011 1043 1075 1070 tam
1100 1037 1221 1071 activae
1246 1047 1344 1081 quam
1366 1037 1521 1082 passivae,
1539 1048 1577 1071 eo
1598 1037 1667 1081 ipso
1682 1037 1754 1070 abs-

1011 1102 1074 1135 que
1095 1091 1156 1125 alia
1174 1090 1394 1125 declaratione
1411 1090 1616 1124 incurrendis
1630 1090 1752 1135 poenis,

1012 1144 1187 1178 districtius
1201 1144 1386 1178 inhibemus
1403 1155 1443 1178 ne
1461 1144 1501 1178 ad
1522 1144 1590 1189 ipsa
1611 1144 1755 1177 tribuna-

1012 1198 1053 1231 lia
1070 1198 1261 1239 saecularia,
1278 1198 1391 1243 quovis
1404 1204 1573 1243 praetextu
1590 1202 1643 1231 aut
1659 1208 1756 1242 quae-

1012 1252 1073 1285 sito
1095 1253 1216 1293 colore,
1238 1252 1420 1296 appellate
1441 1252 1488 1285 vel
1511 1252 1550 1285 ad
1572 1251 1626 1284 illa
1647 1252 1757 1285 confu-

1013 1316 1108 1348 gele,
1137 1311 1191 1339 aut
1223 1317 1260 1339 ea
1291 1311 1465 1350 piopteiea
1501 1316 1633 1350 quoquo
1659 1305 1756 1339 modo

1013 1359 1101 1393 adite
1123 1360 1263 1393 audeant
1280 1360 1328 1393 vel
1346 1365 1566 1404 praesumant,

1058 1415 1074 1455 ξ
1096 1413 1126 1446 3.
1147 1414 1242 1447 Sed
1230 1413 1287 1446 sia
1307 1413 1458 1457 praelatis
1474 1424 1507 1446 sc
1521 1413 1645 1455 gravari
1664 1423 1756 1457 prae-

1013 1467 1162 1508 tendant,
1197 1467 1236 1500 ad
1264 1467 1405 1512 priorem
1443 1467 1626 1510 generalem
1658 1466 1758 1511 ipsius

1014 1521 1151 1562 Ordinis,
1172 1531 1227 1555 seu
1248 1521 1334 1554 illius
1351 1527 1568 1565 protectorem
1595 1526 1649 1554 aut
1674 1520 1758 1554 vice-

1013 1580 1232 1619 protectorem
1267 1575 1299 1608 in
1331 1575 1475 1609 Romana
1508 1575 1620 1616 Curia,
1651 1575 1699 1608 vel
1720 1575 1760 1608 ad

1014 1638 1072 1662 nos
1092 1628 1156 1662 sive
1178 1629 1359 1662 Romanum
1385 1628 1575 1662 Pontificem
1596 1639 1656 1672 pro
1676 1633 1759 1662 tem-

1015 1692 1093 1726 pore
1122 1682 1532 1726 existentem,supremum
1562 1681 1594 1714 in
1620 1681 1760 1716 Ecclesia

1014 1736 1067 1769 Dei
1087 1736 1247 1776 iudicem,
1267 1736 1350 1770 sicut
1369 1736 1547 1780 antiquitus
1567 1746 1697 1780 semper
1716 1735 1760 1769 sa-

1015 1801 1087 1824 cere
1119 1795 1376 1830 consueverunt,
1404 1800 1569 1824 recursum
1596 1789 1757 1828 habeant,

1015 1844 1101 1878 unde
1122 1843 1183 1877 illis
1209 1843 1297 1877 brevi
1328 1854 1426 1877 manu
1451 1843 1569 1877 iustitia
1591 1843 1755 1876 ministra-

1015 1897 1112 1931 bitur.

1061 1953 1077 1995 ἓ
1098 1951 1129 1985 4.
1154 1951 1301 1985 Volentes
1327 1957 1356 1985 et
1384 1951 1427 1985 ita
1452 1951 1652 1985 declarantes
1673 1951 1759 1995 quod

1017 2005 1135 2038 nedum
1155 2005 1230 2038 dicti
1256 2005 1385 2039 Ordinis
1414 2005 1579 2049 regulares
1604 2015 1760 2050 personae

1018 2058 1299 2100 contrafaCIentes,
1316 2069 1426 2092 verum
1447 2059 1541 2092 etiam
1557 2069 1668 2092 eorum
1683 2070 1762 2103 quo-

1019 2112 1198 2146 modolibet.
1218 2112 1338 2146 directe
1361 2113 1408 2145 vel
1438 2112 1595 2147 indirecte
1622 2113 1762 2146 fautores

1019 2172 1050 2200 et
1074 2166 1275 2200 consultores
1312 2166 1440 2200 easdem
1477 2176 1598 2210 poenas
1630 2176 1667 2199 eo
1693 2166 1761 2210 ipso

1020 2220 1154 2254 omnino
1180 2219 1356 2253 incurrant.
1388 2220 1603 2254 Decernentes
1634 2219 1760 2252 irritum

1020 2279 1050 2307 et
1067 2273 1161 2306 inane
1180 2273 1338 2318 quidquid
1360 2284 1452 2306 secus
1473 2284 1570 2317 super
1590 2273 1638 2306 his
1652 2284 1668 2305 a
1682 2283 1762 2316 quo-

1020 2338 1140 2372 quam,
1170 2326 1281 2370 quavis
1306 2327 1519 2367 auctoritate,
1547 2326 1684 2360 scienter
1712 2326 1761 2360 vel

1021 2381 1218 2424 ignoranter,
1240 2380 1411 2423 contigerit
1431 2380 1588 2414 attentari.

1066 2434 1129 2477 {5-
1153 2434 1222 2467 Non
1250 2434 1452 2467 obstantibus
1481 2432 1762 2467 constitutionibus

1022 2493 1053 2521 et
1072 2487 1333 2521 ordinationibus
1359 2487 1553 2531 apostolicis,
1575 2497 1610 2519 ac
1631 2486 1763 2530 quibus·

1021 2541 1077 2582 vis,
1094 2541 1190 2575 etiam
1207 2541 1400 2580 iuramento,
1422 2539 1669 2573 confirmatione
1687 2550 1763 2584 apo-

1021 2595 1145 2635 stolica,
1162 2594 1210 2628 vel
1226 2594 1336 2638 quavis
1348 2593 1499 2626 firmitate
1514 2593 1575 2626 alia
1593 2593 1763 2635 roboratis,

1022 2648 1148 2682 statutis
1182 2653 1212 2682 et
1245 2647 1555 2687 consuctudinibus,
1590 2647 1764 2691 privilegiis

1763 237 1815 264 An.
1831 237 1859 264 C.
1882 236 1950 264 1604

1805 299 1896 320 emetur
1913 299 1951 320 sub

1765 327 1839 356 poenis
1858 327 1893 347 bic
1916 332 1953 346 ex-

1766 360 1814 381 pres
1817 359 1852 374 ss.1

1799 1421 1874 1442 Forma
1888 1427 1957 1442 recur-

1772 1453 1806 1496 ῗιιιιέ
1831 1449 1957 1475 praescribt-

1807 1957 1892 1979 Eisdem
1911 1963 1959 1983 poe-

1776 1991 1808 2005 nis·
1819 1985 1960 2005 subiiciuntur

1777 2012 1876 2033 lautores.

1846 2438 1962 2463 Derogauo

1779 2467 1942 2487 contrariorum.
