2227 3241
268 280 318 308 An.
335 280 363 308 C.
385 279 452 308 1605

315 342 450 367 Pru-uentum

267 368 330 390 Sedis
347 369 361 389 Λ
379 369 450 389 ostoli-

266 400 304 416 rae
324 397 343 415 et
372 394 451 415 'oneum

266 421 382 442 Tridentini
394 427 450 442 circa

264 448 453 477 solutionemquar·

266 477 301 496 tao
316 474 448 495 sunni-alium.

275 872 394 893 nectat-ano
403 877 451 893 con-

268 901 395 924 ffregatnmis
406 903 451 918 car-

267 925 369 946 dinalium
388 925 452 946 inter⁴

267 954 350 978 protum
401 951 452 972 dicti

267 978 353 998 Concilti
396 978 453 999 eirca

266 1004 405 1031 privilegium.

294 1509 400 1530 Pontinos
416 1511 451 1530 de*

267 1537 346 1556 cretum
357 1542 420 1562 super
430 1537 451 1557 ιΙ-

268 1563 307 1582 bus
327 1564 450 1589 exequutio-

267 1595 299 1609 ne.

440 1748 451 1759 ,
466 1723 613 1761 quartam
630 1717 832 1757 funeralium,
850 1727 1028 1761 eorumque
1047 1718 1205 1752 indemni·
1221 1717 1223 1761 j

283 2695 349 2716 iussio
358 2702 399 2717 non
409 2702 451 2717 mo-

499 271 562 304 916
621 309 625 314 ,
1037 280 1217 306 ῃυιιΑῃιυΜ

511 329 526 373 ξ
548 329 576 361 l.
606 329 690 361 Inter
714 338 794 372 quos
819 329 909 362 adest
933 328 1018 362 Ordo
1040 329 1153 363 beatae
1178 335 1208 363 et

467 381 626 424 gloriosae
651 391 843 424 semperque
871 381 1008 424 Virginis
1027 383 1143 416 Mariae
1168 383 1206 417 dc

467 434 572 467 Monte
592 433 751 473 Carmelo‚
773 434 822 467 cui
849 433 931 468 inter
956 434 1028 475 alia,
1051 435 1132 469 sicut
1153 446 1206 470 ac-

468 486 622 531 cepimus,
643 486 759 520 diversi
778 487 914 520 Romani
933 488 1104 522 Pontifices
1125 499 1203 523 con-

468 547 633 574 cesserunt
662 541 746 575 illius
776 542 890 575 domos
921 553 977 576 seu
1008 543 1206 578 monasteria

467 600 540 628 ante
554 605 656 628 annos
669 596 882 638 quadraginta
899 596 1066 631 aedificata
1082 608 1146 631 non
1161 603 1206 631 te-

467 647 536 681 neri
557 648 597 681 ad
617 648 812 682 solutionem
834 656 967 693 quartae
990 651 1202 693 funeralium,

467 700 564 744 idque
574 701 668 734 etiam
685 712 701 734 a
715 702 856 736 Concilio
866 703 1054 738 Tridentino
1063 704 1101 737 de
1116 715 1206 748 prae-

467 753 552 787 dicto
578 759 607 787 et
632 754 702 788 aliis
722 755 820 788 sacris
846 754 1018 790 Ordinibus
1040 757 1204 791 decretum

468 806 536 840 suit.

512 863 528 904 g
549 860 587 894 02:
601 861 677 896 Cum
692 867 798 895 autem
813 869 1025 906 quaereretur
1042 874 1081 896 an
1094 864 1205 897 eadem

469 922 580 960 postea
600 926 618 948 a
632 916 845 959 quadraginta
862 916 954 950 annis
972 916 1140 951 aedificata
1158 917 1208 951 de-

468 968 582 1002 berent
602 968 719 1002 dictam
745 975 892 1013 quartam
918 970 1055 1011 solvere,
1076 981 1206 1005 venera·
1223 981 1225 993 t

467 1022 548 1056 biles
573 1022 688 1056 fratres
712 1023 812 1056 nostri
838 1024 868 1056 S.
892 1024 927 1057 R.
952 1024 985 1057 E.
1014 1024 1202 1064 cardinales,
1223 1035 1225 1062 1

468 1076 671 1110 decretorum
684 1076 759 1110 dicti
774 1077 902 1111 concilii
916 1077 1117 1122 interpretes,
1134 1088 1206 1111 cen-

467 1135 602 1163 suerunt
619 1130 814 1164 monasteria
835 1130 1002 1168 aedificata
1023 1142 1040 1164 a
1061 1131 1202 1175 quadra-

467 1183 555 1225 ginta
569 1183 661 1217 annis
670 1183 749 1217 citra
761 1194 824 1217 non
839 1184 940 1217 teneri
959 1185 997 1217 ad
1011 1185 1204 1218 solutionem

467 1241 601 1281 quartae
621 1237 815 1270 suneralium
841 1237 1039 1278 huiusmodi,
1063 1237 1087 1271 si
1109 1238 1205 1272 modo
1223 1265 1224 1268 ,

466 1289 529 1323 sint
546 1289 613 1323 eius
635 1290 812 1332 religionis,
830 1290 879 1323 cui
899 1301 916 1323 a
934 1290 1015 1323 dicta
1038 1291 1118 1325 Sede
1132 1297 1206 1325 ante

467 1343 680 1386 quadraginta
698 1353 798 1376 annos
820 1344 978 1377 indultum
997 1345 1047 1384 sit,
1069 1350 1103 1377 ut
1120 1356 1205 1379 eam-

468 1396 540 1428 dem
561 1401 709 1439 quartam
728 1406 792 1429 non
816 1402 984 1430 teneantur
997 1399 1123 1432 soluere
1138 1399 1204 1443 epi-

467 1459 575 1493 scopo.

512 1505 528 1545 S
549 1502 579 1536 3.
603 1502 717 1544 Quare,
738 1513 778 1536 ne
798 1503 872 1536 dicti
900 1504 1026 1537 Ordinis
1053 1505 1223 1538 Carmeli-¹

467 1557 532 1589 tani
564 1556 759 1590 monasteria
788 1567 843 1589 seu
873 1557 988 1590 domus
1017 1557 1048 1590 in
1074 1558 1223 1598 diversis,

467 1610 579 1644 mundi
596 1610 742 1654 partibus
755 1621 772 1644 a
786 1611 998 1654 quadraginta
1012 1612 1103 1645 annis
1117 1613 1203 1646 aedi·

466 1663 560 1697 ficata
590 1663 730 1697 indebite
761 1670 918 1705 cogamur
944 1665 1065 1699 solvere
1087 1666 1223 1714 dictaml

467 1771 521 1804 tati
541 1771 728 1815 prospicere
749 1770 925 1814 cupientes,
952 1782 987 1804 ac
1009 1777 1135 1805 tenores
1156 1772 1206 1806 lit-

467 1830 607 1858 terarum
630 1824 874 1858 concessionum
894 1825 1079 1858 huiusmodi
1098 1826 1204 1860 forsan

466 1879 684 1912 confectarum
710 1878 932 1922 praesentibus
963 1889 1022 1923 pro
1051 1880 1205 1924 expressis

464 1932 630 1971 habentes,
655 1931 761 1965 dilecti
788 1932 844 1964 lilii
866 1932 1086 1975 procuratoris
1104 1943 1202 1975 genc-

466 1985 540 2018 ralis
561 1985 637 2018 dicti
659 1984 787 2018 Ordinis
808 1985 1012 2019 Carmelitani
1039 1985 1122 2018 illius
1149 1996 1206 2019 no-

465 2039 549 2072 mine
568 2038 659 2071 nobis
672 2038 844 2081 prorrectis
854 2038 1142 2082 supplicationibus
1152 2040 1205 2072 ad·
1223 2064 1224 2068 ,

465 2093 563 2134 ducti,
583 2093 742 2132 volumus,
769 2093 975 2131 mandamus,
1001 2093 1205 2127 decernimus

465 2153 495 2179 et
509 2146 712 2180 declaramus
733 2145 840 2179 omnia
855 2151 882 2179 et
902 2146 1027 2188 singula
1041 2147 1136 2180 buius
1149 2147 1206 2181 Or·
1222 2161 1224 2194 ‘4

465 2200 548 2234 dinis
573 2200 684 2233 beatae
710 2199 826 2232 Mariae
852 2200 890 2233 (le
922 2200 1026 2233 Monte
1058 2200 1204 2234 Carmelo

466 2253 660 2287 monasteria
681 2263 735 2285 seu
757 2253 881 2292 domos,
901 2253 930 2285 in
946 2253 1204 2298 ‹pribuscumque
1222 2242 1224 2292 ἓ

467 2306 577 2340 mundi
598 2306 741 2350 partibus
755 2316 772 2338 a
786 2306 996 2349 quadraginta
1011 2307 1102 2340 annis
1120 2307 1206 2341 aedi—

468 2361 578 2399 ficata,
608 2359 801 2402 illorumque
831 2365 1006 2393 conventus
1035 2366 1066 2392 et
1094 2361 1223 2394 fratres*

467 2414 556 2447 nullo
576 2413 683 2452 modo,
699 2412 825 2445 nullave
845 2412 967 2446 ratione
980 2413 1079 2446 teneri
1098 2414 1137 2447 ad
1155 2425 1204 2447 so-

466 2467 621 2500 lutionem
636 2465 738 2500 dictae
752 2470 884 2510 quartae
898 2467 1100 2508 t'uneralium,
1118 2474 1148 2501 et
1163 2468 1203 2501 ob

466 2531 529 2554 non
551 2519 744 2553 solutionem
770 2519 955 2553 huiusmodi
983 2520 1106 2564 aliquas
1126 2532 1200 2555 sen-
1220 2553 1221 2559 ,

469 2573 600 2613 tentias,
635 2583 786 2605 censuras
820 2578 846 2606 et
886 2583 1006 2616 poenas
1038 2573 1202 2608 incurrere
1220 2565 1222 2591 ἶ

468 2636 571 2669 posse.

513 2680 528 2721 ξ
547 2678 576 2711 4.
598 2678 781 2713 lnbibentes
799 2678 829 2712 in
850 2679 965 2713 virtute
987 2684 1113 2714 sanctae
1132 2681 1204 2715 obe-

1241 268 1393 307 nominum

1240 383 1500 427 archiepiscopis,
1522 383 1681 428 episcopis
1697 390 1728 418 et
1739 386 1973 429 parochialium

1241 436 1447 470 ecclesiarum
1472 438 1669 479 rectoribus,
1694 449 1731 472 ac
1755 439 1824 473 aliis
1844 450 1924 484 quos
1944 441 1975 474 id

1241 489 1416 530 concernit,
1440 499 1480 523 ne
1501 490 1539 522 ab
1554 490 1631 534 ipsis
1649 491 1800 525 fratribus
1818 499 1977 528 monaste·

1242 541 1363 574 riorum
1383 552 1438 575 seu
1457 542 1628 576 domorum
1651 553 1668 576 a
1688 544 1903 587 quadraginta
1920 556 1977 579 an-

1240 594 1288 627 nis
1299 594 1544 628 aedificatorum
1555 596 1630 629 dicti
1638 596 1764 630 Ordinis
1773 597 1978 633 Carmelitani

1240 653 1387 691 quartam
1413 648 1606 681 funeralium
1633 649 1819 684 huiusmodi
1847 662 1978 696 quoquo

1241 701 1337 734 modo
1359 702 1495 744 exigere,
1517 707 1639 735 auteos
1657 702 1795 746 desuper
1808 705 1979 739 molestare

1240 754 1379 788 audeant
1409 765 1465 788 seu
1493 761 1710 799 praesumant.
1734 757 1826 796 Quod
1854 757 1879 791 si
1908 758 1980 802 quis

1240 807 1463 842 contradicere
1487 809 1754 854 praesumpserit,
1778 810 1976 855 indignatio-

1239 871 1313 894 nem
1332 861 1562 906 omnipotentis
1578 863 1632 896 Dei
1653 873 1690 896 ac
1708 863 1876 897 beatorum
1894 865 1979 898 Petri

1241 920 1272 948 et
1291 914 1380 947 Pauli
1401 915 1630 960 Apostolorum
1646 916 1713 950 eius
1734 917 1858 951 noverit
1878 928 1911 952 se
1929 918 1977 952 in-

1241 979 1420 1002 cursurum.

1285 1023 1301 1064 g
1322 1021 1352 1055 5.
1377 1022 1492 1066 Sicque
1504 1033 1562 1067 per
1576 1033 1798 1068 quoscumque
1816 1025 1937 1060 iudices
1948 1032 1979 1060 et

1241 1075 1480 1109 commissarios
1500 1076 1611 1120 quavis
1631 1077 1822 1111 auctoritate
1843 1079 1978 1122 fungen-

1242 1133 1308 1169 tes,
1337 1129 1433 1162 etiam
1466 1139 1635 1163 causarum
1662 1130 1773 1164 Palatii
1802 1132 1978 1175 Apostolici

1240 1182 1414 1223 auditores,
1436 1193 1471 1216 ae
1491 1183 1520 1216 S.
1542 1184 1577 1216 R.
1598 1183 1631 1217 Ε.
1650 1184 1828 1219 cardinales
1841 1185 1980 1230 <sublata

1241 1235 1285 1268 eis
1307 1241 1334 1268 et
1354 1246 1468 1269 eorum
1491 1236 1622 1270 cuilibet
1646 1237 1758 1281 quavis
1784 1237 1878 1271 aliter
1897 1238 1980 1273 iudi-

1241 1288 1334 1322 candi
1353 1295 1382 1322 et
1400 1289 1632 1333 interpretandi
1651 1290 1800 1324 facultate
1821 1297 1852 1324 et
1871 1297 1981 1326 aucto-

1241 1341 1347 1386 ritate)
1362 1342 1483 1386 ubique
1497 1342 1632 1375 iudicari
1651 1353 1687 1376 ac
1708 1343 1833 1377 definiri
1852 1344 1981 1387 dehere,

1223 1415 1224 1420 ,
1240 1405 1366 1428 necnon
1384 1395 1511 1428 irritum
1530 1401 1560 1428 et
1574 1395 1667 1429 inane
1677 1396 1702 1430 si
1716 1407 1808 1430 secus
1825 1397 1981 1442 superbis

1223 1444 1257 1481 ³a
1278 1459 1453 1492 quoquam,
1477 1449 1588 1493 quavis
1612 1449 1814 1492 auctoritate,
1842 1451 1980 1486 scienter

1239 1502 1287 1534 vel
1306 1502 1501 1544 ignoranter,
1523 1503 1692 1545 contigerit
1709 1503 1869 1537 attentari.

1284 1556 1300 1596 ξ
1322 1554 1351 1587 (j.
1380 1555 1538 1594 Quocirca
1567 1556 1691 1590 dilectis
1715 1556 1789 1591 filiis
1809 1567 1978 1592 causarum

1240 1608 1347 1641 curiae
1368 1608 1517 1642 Gamerae
1543 1609 1744 1653 Apostolicae
1761 1611 1903 1653 generali
1924 1622 1980 1645 au-

1240 1662 1348 1701 ditori,
1374 1668 1401 1695 et
1428 1672 1513 1695 nunc
1539 1668 1569 1695 et
1593 1672 1653 1706 pro
1674 1668 1819 1707 tempore
1841 1664 1980 1698 existen-

1242 1715 1325 1748 tibus
1354 1715 1453 1748 nostri
1481 1726 1517 1748 ac
1548 1715 1652 1749 dictae
1683 1716 1774 1750 Sedis
1798 1717 1924 1752 nunciis
1948 1718 1980 1752 in

1240 1768 1347 1811 regnis
1368 1779 1422 1802 seu
1441 1768 1519 1802 locis
1533 1775 1587 1802 aut
1609 1770 1712 1810 terris,
1728 1770 1782 1803 ubi
1804 1771 1907 1805 dictae
1925 1772 1981 1805 do-

1241 1831 1311 1854 mus
1324 1822 1510 1860 aedificatae
1525 1823 1652 1864 suerint,
1670 1823 1878 1858 existentibus
1892 1835 1982 1859 man-

1241 1876 1364 1918 damus,
1385 1882 1541 1920 quatenus
1562 1877 1632 1921 ipsi,
1658 1878 1703 1911 vel
1730 1878 1804 1919 duo,
1825 1884 1880 1912 aut
1898 1890 1980 1914 unus

1222 1942 1223 1956 1
1241 1941 1352 1963 eorum
1372 1942 1430 1974 per
1449 1941 1492 1973 se,
1515 1932 1560 1965 vel
1578 1931 1688 1973 alium,
1706 1942 1762 1965 seu
1780 1932 1870 1974 alios,
1886 1944 1981 1978 prae-

1222 1990 1344 2018 ssentes
1369 1985 1491 2018 litteras
1517 1991 1544 2018 et
1571 1985 1600 2018 in
1632 1985 1676 2019 eis
1706 1992 1856 2020 contenta
1883 1998 1981 2032 quae-

1241 2048 1390 2082 cumque,
1411 2038 1466 2071 ubi
1488 2045 1517 2071 et
1539 2039 1669 2082 quando
1690 2049 1772 2084 opus
1792 2040 1899 2082 suerit,
1923 2051 1977 2075 so-

1241 2091 1390 2125 lemniter
1415 2092 1626 2136 publicantes,
1655 2104 1691 2126 ac
1717 2094 1869 2128 fratribus
1888 2104 1981 2138 prae-

1241 2145 1332 2178 dictis
1359 2146 1390 2178 iu
1416 2146 1599 2189 praemissis
1625 2146 1761 2180 efficacis
1786 2147 1981 2182 defensionis

1240 2199 1402 2243 praesidio
1431 2200 1625 2242 assistentes,
1658 2201 1775 2234 saciant
1805 2202 1981 2245 praemissa

1240 2253 1349 2286 omnia
1367 2253 1543 2294 observari,
1568 2264 1626 2287 nec
1646 2254 1835 2298 permittant
1855 2265 1909 2288 eos
1926 2255 1980 2289 de-

1240 2317 1336 2350 super
1349 2316 1365 2340 a
1383 2317 1546 2350 quoquam
1568 2307 1743 2348 molestari,
1767 2308 1980 2342 contradicto-

1240 2371 1290 2394 res
1308 2361 1467 2404 quoslibet
1480 2366 1509 2394 et
1523 2361 1668 2401 rebelles,
1680 2367 1707 2395 et
1722 2362 1906 2405 praemissis
1916 2372 1980 2396 non

1238 2419 1399 2458 parentes,
1417 2424 1474 2458 per
1495 2415 1678 2455 sententias,
1696 2426 1846 2449 censuras
1860 2421 1890 2449 et
1903 2426 1980 2460 poe-

1220 2495 1222 2500 ,
1238 2477 1295 2500 nas
1306 2468 1547 2509 ecclesiasticas,
1565 2467 1691 2512 aliaque
1703 2474 1884 2512 opportuna
1903 2469 1980 2503 iuris

1239 2525 1268 2554 et
1290 2521 1362 2555 sacti
1382 2521 1538 2561 remedia,
1555 2521 1770 2565 appellatione
1789 2522 1976 2566 postposita,

1238 2575 1490 2618 compescendo,
1511 2573 1656 2608 invocato
1675 2573 1771 2607 etiam
1793 2575 1831 2608 ad
1853 2575 1932 2615 hoc,
1953 2575 1978 2608 si

1220 2641 1221 2649 ¹
1238 2638 1318 2672 opus
1340 2628 1444 2669 suerit,
1465 2627 1583 2661 auxilio
1603 2619 1727 2661 brachii
1748 2628 1930 2662 saecularis.

1282 2682 1298 2723 ἓ
1321 2680 1349 2714 7.
1367 2681 1436 2714 Non
1457 2680 1658 2714 obstantibus
1675 2680 1839 2725 quibusvis
1859 2681 1978 2715 consti-

1987 285 2036 312 An.
2053 284 2080 313 C.
2103 283 2170 314 1·Ιζ

1241 330 1378 364 dientiae
1399 330 1550 364 omnibus
1570 336 1601 364 et
1620 331 1752 374 singulis
1772 333 1974 377 patriarchis,
1989 347 2173 401 {fesffigltmqffi

1990 400 2137 427 exequutione.

2017 1043 2092 1069 ltaque
2105 1043 2126 1063 et
2135 1048 2157 1064 n
2167 1050 2175 1059 v

1991 1069 2054 1091 aliter
2063 1068 2174 1090 iudicari*

2006 1582 2120 1608 neputauo
2130 1587 2154 1604 οι
2200 1588 2201 1595 ¹

1994 1611 2114 1635 quutorum.

2060 2671 2115 2702 Det-o
2121 2680 2129 2694 :¹
2142 2661 2162 2695 ⁴22

1994 2700 2119 2720 centurion
2147 2720 2149 2722 .
