2227 3241
0 674 11 1435 maem-=u
3 655 5 659 ἡ
0 625 6 645 ω

63 257 118 283 An.
133 255 161 282 C.
184 253 252 282 1604

266 299 435 344 religiosos
466 300 644 335 monachos
676 300 763 334 hisce
799 300 1008 344 qualitatibus

266 355 442 400 praeditos,
454 355 509 399 qui
521 354 709 389 huiusmodi
722 365 857 388 munera
870 354 1010 387 fideliter

266 414 444 453 praestent:
462 414 624 443 caeterum
640 409 783 442 revocari
797 418 862 441 non
875 407 1007 452 possint,

265 462 327 496 nisi
347 462 380 496 in
401 463 541 507 capitulo
562 462 704 505 generali
723 461 850 504 singulo
870 460 1008 494 triennio

266 516 472 557 celebrando,
490 521 520 550 et
540 527 606 549 non
624 515 656 548 in
675 526 713 548 eo
731 515 818 558 quod
832 514 1008 558 aliquando

265 569 351 603 intra
371 569 545 603 triennium
571 569 612 602 ob
637 568 736 602 officii
765 567 924 610 generalis
949 578 1004 600 va-

265 623 426 657 cationem
440 622 620 664 intercedit,
638 622 699 656 nisi
713 621 845 666 aliquod
863 621 1007 655 osticium

265 682 342 710 tunc
361 676 516 720 temporis
541 681 641 717 vacet,
669 686 734 720 quo
759 686 834 708 casu
860 674 939 708 illnd
968 675 1007 708 ad

263 730 364 764 alium
386 729 581 763 monachum
604 740 664 773 per
684 729 861 773 capitulum
885 728 1006 771 eligen-

264 782 342 816 dum
359 783 522 817 transferri
535 783 637 827 possit
654 782 709 816 illo
724 782 863 816 triennio
882 786 1006 815 tantum

265 837 458 871 duraturum
473 842 504 871 et
520 847 586 870 non
607 837 702 877 ultra,
728 835 928 879 istorumque
945 835 1008 868 010-

264 890 327 925 ctio
341 890 398 924 fiat
412 896 557 935 tempore
578 895 695 924 statuto
717 890 750 923 in
764 889 1007 923 definitionibus

263 943 409 978 Ordinis:

306 997 323 1042 g
341 997 393 1031 11.
414 996 612 1031 visitationis
629 996 757 1030 muneri
771 996 792 1029 ii
813 996 1005 1040 praefician-

263 1057 316 1085 tur
336 1050 498 1092 monaehi,
526 1051 582 1095 qui
606 1061 672 1084 non
697 1051 802 1084 solum
829 1050 909 1084 vitae
929 1059 1005 1094 pro-

263 1105 362 1139 bitate
383 1110 415 1139 et
434 1104 601 1139 doctrinae
617 1104 824 1149 praestantia,
841 1104 896 1137 sed
909 1103 1005 1136 etiam

262 1158 421 1202 regularis
441 1158 664 1192 observantiae
686 1163 717 1191 et
733 1157 923 1202 disciplinae
937 1167 1006 1190 rno-

261 1211 405 1246 nasticae
441 1212 549 1246 studio
581 1218 612 1246 et
639 1211 836 1255 experientia
872 1210 1005 1244 caeteris

262 1266 478 1311 praecellant,
501 1272 531 1299 et
555 1265 610 1309 qui
631 1265 663 1298 in
684 1264 888 1298 monasteriis
909 1264 1005 1298 totius

262 1318 391 1354 Ordinis
405 1319 566 1362 regularia
580 1325 610 1352 et
630 1318 785 1352 canonica
799 1318 944 1351 instituta
958 1318 1004 1350 in-

262 1374 458 1408 violabiliter
470 1373 634 1407 observari
655 1373 784 1414 saciant,
799 1383 858 1406 1100
873 1372 1004 1416 aliquod

259 1428 405 1463 officium
424 1426 680 1471 incompatibile,
699 1432 729 1460 et
748 1426 885 1459 maxime
907 1426 1005 1459 abba-

261 1485 324 1518 tiae
341 1483 628 1529 praesidenfiaeve,
651 1482 803 1523 habeant,
827 1487 862 1515 ut
887 1492 1004 1514 munus

259 1537 452 1572 visitationis
472 1543 540 1571 toto
561 1537 616 1570 illo
636 1536 775 1570 triennio
793 1537 892 1570 semel
914 1536 1004 1570 obire

260 1593 399 1634 valeant,
415 1603 452 1626 ac
468 1592 544 1626 item
558 1591 696 1636 saepius,
712 1591 737 1625 si
751 1591 934 1632 necessitas,
951 1596 1005 1624 aut

263 1647 467 1681 decretorum
489 1645 660 1690 exequutio
680 1645 767 1678 illam
790 1646 978 1690 expostulet.

307 1702 322 1746 g
347 1700 398 1734 12.
434 1699 583 1734 Monachi
610 1709 722 1733 omnes
746 1699 939 1733 conveniant
965 1700 1005 1733 ad

263 1756 412 1796 chorum,
426 1765 486 1788 nec
498 1754 570 1799 quis
583 1759 750 1798 praetextu
768 1754 923 1798 cuiusque
940 1754 1005 1798 pri-

262 1808 369 1852 vilegii
390 1808 438 1842 vel
457 1807 714 1852 superioritatis,
739 1807 835 1841 etiam
864 1818 1002 1850 genera-

123 1009 248 1031 visitatores

67 1037 156 1064 eligendi
175 1037 248 1063 quates

67 1069 113 1086 &so
125 1063 222 1085 debeant.

92 1724 122 1747 ne
136 1725 208 1747 choro.

262 1864 356 1904 latus,
373 1873 391 1895 a
403 1862 533 1896 servitio
547 1861 639 1895 chori
653 1867 824 1895 censeatur
837 1861 1002 1903 immunis,
1022 1883 1024 1892 .

262 1916 323 1951 nisi
342 1927 402 1961 pro
423 1921 579 1960 tempore,
593 1926 657 1959 quo
672 1914 743 1959 quis
764 1915 796 1948 in
814 1915 947 1959 proprio
962 1915 1006 1949 os-

263 1970 329 2005 sicii
350 1980 484 2004 munere
509 1975 581 2003 actu
607 1969 703 2002 suerit
723 1974 913 2013 occupatus:

308 2025 324 2067 ἓ
342 2023 395 2057 13.
412 2023 491 2058 Cum
512 2023 699 2064 lectoribus,
723 2028 778 2056 aut
797 2023 893 2056 etiam
914 2034 1007 2066 prae-

265 2077 480 2117 dicatoribus,
514 2076 551 2110 iis
577 2082 702 2110 tantum
732 2077 864 2117 diebus,
889 2076 1007 2120 quilius

263 2132 372 2174 legere
397 2136 429 2164 et
454 2130 643 2174 praedicare
669 2131 792 2171 solent,
822 2130 1007 2174 dispensare

264 2184 405 2229 possint;
434 2183 520 2217 idem
541 2194 672 2228 quoque
692 2189 857 2228 praestare
882 2183 1007 2216 valeant

266 2248 340 2272 cum
357 2237 496 2280 aegrotis
510 2242 540 2270 et
559 2237 739 2270 studiorum
754 2238 848 2270 caus-31
867 2236 1008 2280 legitime

265 2290 445 2335 impeditis:

311 2345 326 2389 ᾖ
344 2344 396 2378 14.
413 2344 444 2378 Si
458 2349 564 2377 tamen
580 2343 658 2377 alias
675 2343 894 2377 necessarium
907 2343 1007 2377 visum

267 2397 364 2432 suerit
393 2397 580 2442 dispensare
601 2408 674 2430 011111
697 2397 805 2441 aliqno
832 2397 862 2429 in
890 2397 1005 2438 choro,

268 2451 316 2485 vel
338 2451 407 2485 aliis
434 2450 646 2485 observantiis
667 2450 815 2491 Ordinis,
846 2451 1010 2494 praedicta

268 2504 464 2549 dispensatio
484 2514 550 2538 non
570 2504 669 2548 possit
692 2503 762 2537 sieri
781 2503 820 2536 ab
841 2503 1010 2537 abbatibus

268 2557 302 2592 in
320 2558 386 2592 suis
406 2558 628 2599 monasteriis,
658 2557 759 2591 immo
787 2567 846 2591 nec
874 2557 912 2590 ab
939 2558 1009 2602 ipso

267 2611 410 2655 generali
435 2612 657 2653 reformatore‚
685 2611 741 2645 sed
766 2610 827 2645 hoc
851 2611 1009 2655 pertineat

267 2665 308 2700 ad
334 2671 442 2710 patres
469 2665 658 2700 definitores
686 2665 819 2710 capituli
850 2665 1009 2709 generalis

351 2726 433 2756 Buce.
452 2727 537 2757 Rom.
558 2743 592 2749 —
609 2727 669 2756 Vol.
685 2727 737 2756 XI.
918 2727 951 2754 19

67 2045 249 2102 uintngqugopgi:

68 2104 169 2126 sponsari.

118 2365 251 2390 Dispensaiio

70 2393 138 2412 antem
152 2398 164 2412 a
179 2391 250 2412 ‹letini-

70 2418 124 2438 torio
160 2418 252 2444 capitulo

83 2444 160 2465 onerati
175 2450 253 2465 coneo-

85 2471 146 2492 enda.

870 252 1014 277 CLEMENS
1037 254 1091 277 vui
1115 255 1164 278 ΡΡ.

1690 241 1754 275 145
1800 253 1848 279 An.
1865 252 1893 280 c.
1919 249 1984 279 1604

1043 302 1090 335 vel
1119 303 1158 336 ad
1183 302 1360 347 capitulum
1386 303 1474 347 quod
1504 302 1587 335 intra
1609 301 1782 335 triennium

1043 355 1239 388 celebratur:

1088 410 1103 449 ξ
1123 408 1170 441 15.
1188 410 1227 442 Ut
1240 409 1417 443 Tridentini
1429 409 1562 444 Concilii
1579 409 1720 450 decreta,
1737 407 1781 442 et¹
1843 421 1908 441 xemo
1923 421 1983 447 qum-

1043 464 1241 506 paupertatis
1265 470 1374 497 votum
1398 463 1630 505 custodiendo,
1656 463 1783 497 fidelius
1798 450 1984 502 ἓῗζῖἕὲὲἶῗῗῗιῗῖ

1042 515 1265 557 observentur,
1290 527 1355 549 non
1381 517 1473 550 liceat
1495 517 1590 551 alicui
1609 528 1644 550 ex
1666 527 1781 550 mona-
1799 505 1856 523 '¹⁰³²'

1042 567 1120 609 chis,
1145 568 1269 602 etiamsi
1287 570 1435 613 superior
1451 570 1501 611 sit,
1521 570 1606 603 bona
1626 569 1734 614 aliqua
1754 580 1785 603 e—

1044 621 1120 654 tiam
1142 622 1286 664 mobilia,
1314 629 1366 656 aut
1388 624 1573 667 pecuniam,
1597 629 1782 668 proventus,

1042 685 1167 716 0011505,
1188 676 1438 721 eleemosynam,
1467 677 1531 710 sive
1553 687 1589 710 ex
1616 676 1783 710 concioni-

1042 728 1111 769 bus,
1140 728 1204 762 sive
1224 739 1259 762 ex
1280 730 1486 771 lectionibus,
1509 736 1564 763 aut
1582 729 1698 770 missis,
1722 735 1785 763 tam

1042 781 1074 814 in
1086 781 1219 825 propria
1233 783 1367 816 eeclesia
1382 793 1478 827 quam
1493 783 1569 816 alibi
1588 782 1786 827 ubicumque

1042 834 1255 876 celebrandis,
1284 835 1386 869 aliove
1407 836 1550 880 ipsorum
1572 836 1654 869 iusto
1674 835 1786 870 labore

1042 892 1073 920 et
1097 889 1203 929 causa,
1233 893 1264 921 et
1288 899 1495 933 quocumque
1520 889 1652 923 nomine
1669 889 1781 933 acqui-

1041 941 1116 982 sita,
1145 941 1270 975 etiamsi
1292 942 1436 975 subsidia
1453 942 1781 985 consanguineorum,

1040 1000 1095 1028 aut
1114 995 1243 1039 piorum
1264 996 1464 1039 largitiones,
1486 997 1590 1040 legata
1611 1002 1664 1029 aut
1686 996 1784 1029 dona-

1043 1048 1145 1082 tiones
1166 1049 1297 1091 suerint,
1326 1055 1490 1094 tamquam
1512 1048 1656 1094 propria,
1680 1054 1735 1082 aut
1754 1060 1785 1082 e-

1041 1101 1116 1135 tiam
1130 1102 1262 1136 nomine
1283 1108 1458 1137 conventus
1474 1103 1656 1147 possidere,
1672 1102 1728 1135 sed
1749 1112 1786 1136 ea

1040 1156 1150 1190 omnia
1163 1156 1270 1190 statim
1285 1157 1444 1201 superiori
1459 1157 1586 1190 tradere
1601 1161 1782 1197 teneantur,

1040 1214 1071 1242 et
1092 1211 1262 1244 conventui
1278 1210 1538 1255 incorporentur,
1554 1215 1590 1243 ut
1603 1209 1784 1243 communis

1040 1263 1114 1296 inde
1135 1263 1236 1296 victus
1254 1269 1285 1297 et
1305 1264 1436 1297 vestitus
1457 1263 1609 1298 omnibus
1629 1262 1782 1307 suppedi-

1041 1317 1100 1350 tari
1124 1317 1240 1361 possit:

1084 1373 1100 1414 5
1133 1372 1185 1405 16.
1218 1372 1449 1406 Monachorum
1485 1372 1561 1406 item
1593 1372 1724 1406 vestitus
1752 1377 1783 1406 et

1038 1426 1181 1470 supellex
1206 1427 1361 1460 cellarum
1389 1438 1425 1460 ex
1450 1425 1618 1460 communi
1643 1425 1782 1470 pecnnia

1039 1485 1257 1524 comparetur,
1275 1486 1304 1513 et
1319 1481 1452 1514 0111111110
1466 1479 1642 1513 conformis
1662 1480 1701 1513 sit
1719 1490 1783 1513 1110-

1038 1534 1216 1568 nacliorum
1228 1539 1260 1568 et
1271 1544 1554 1578 quorumcumque
1565 1533 1783 1577 superiorum,

1038 1589 1133 1623 statui
1154 1587 1406 1634 paupertatenff,
1427 1598 1524 1632 quain
1541 1587 1675 1632 professi
1695 1592 1780 1629 sunt,

1039 1644 1248 1688 praeseferat,
1272 1643 1315 1676 ita
1334 1648 1369 1675 ut
1385 1642 1465 1675 nihil
1487 1640 1644 1686 superflui
1665 1640 1782 1674 admit-

1040 1703 1135 1738 tatur,
1163 1697 1243 1730 nibil
1265 1696 1360 1729 etiam
1383 1696 1471 1740 quod
1498 1696 1537 1729 sit
1564 1695 1781 1729 necessarium

1040 1751 1136 1785 alicui
1173 1751 1361 1794 denegetur.
1395 1750 1626 1783 Monachorum
1657 1755 1759 1783 vestes
1772 1778 1779 1790 ,

1041 1816 1123 1850 quae
1140 1806 1253 1839 laneae
1267 1805 1362 1839 0113111
1378 1815 1445 1838 0550
1459 1805 1588 1846 debent,
1613 1804 1782 1848 omnisque

1041 1860 1102 1893 alia
1122 1860 1276 1903 supellex,
1301 1859 1333 1892 in
1354 1859 1495 1903 aliquem
1514 1858 1722 1891 commodum
1737 1858 1783 1891 lo-

1041 1925 1114 1947 cum
1135 1914 1332 1954 deferantur,
1356 1912 1467 1957 ibique
1487 1912 1526 1945 ab
1544 1922 1609 1945 uno
1627 1912 1673 1944 vel
1696 1912 1780 1944 duo-

1041 1968 1100 2002 bus
1129 1967 1298 2001 monachis
1318 1967 1393 2000 huic
1415 1966 1541 2000 muneri
1570 1977 1588 1999 a
1616 1965 1783 2009 superiore

1042 2021 1202 2066 deputatis
1216 2020 1389 2064 diligenter
1403 2019 1638 2059 custodiantur,
1651 2024 1682 2051 ut
1699 2018 1783 2059 inde,

1041 2075 1219 2119 superioris
1240 2074 1386 2115 arbitrio,
1403 2079 1501 2118 prout
1514 2073 1688 2117 unicuique
1703 2083 1783 2116 opus

1042 2129 1149 2170 suerit,
1175 2129 1257 2162 tradi
1283 2134 1313 2162 01
1333 2127 1573 2162 subministrari
1599 2132 1782 2172 opportune

1042 2183 1180 2227 possint:

1087 2238 1103 2279 ξ
1122 2236 1174 2269 17.
1192 2235 1338 2270 Monachi
1357 2241 1464 2270 autem
1480 2245 1604 2276 omnes,
1619 2233 1714 2268 etiam
1732 2245 1784 2267 su-

1043 2290 1198 2334 periores,
1215 2290 1415 2334 quicumque
1429 2289 1503 2331 sint,
1520 2289 1615 2323 etiam
1632 2289 1784 2322 reforma-

1044 2350 1104 2384 tor,
1122 2344 1236 2377 eodem
1257 2354 1352 2387 pane,
1370 2344 1484 2377 eodem
1499 2343 1583 2383 rino,
1605 2342 1784 2385 eodemque

1044 2397 1193 2438 obsonio,
1218 2397 1283 2431 sive
1311 2397 1424 2431 eadem
1452 2397 1500 2440 (ut
1523 2396 1625 2439 310111)
1651 2394 1785 2440 pitantia

1045 2451 1076 2484 in
1097 2451 1264 2485 communi
1293 2453 1402 2484 mens-31
1423 2450 1528 2494 prima
1552 2450 1600 2483 vel
1630 2449 1782 2489 secunda,

1044 2504 1104 2538 nisi
1127 2502 1323 2538 infirmitatis
1345 2505 1439 2538 causa
1466 2503 1612 2547 impediti
1640 2502 1780 2543 suerint,

1853 1380 1946 1401 Vestitus
1964 1382 1983 1401 et

1798 1407 1938 1433 supellectilia
1957 1407 1983 1427 de

1798 1434 1902 1454 communi
1919 1439 1983 1459 pecu·

1797 1461 1833 1509 gia
1857 1466 1982 1487 comparau-

1800 1496 1801 1499 ¹
1813 1494 1833 1509 a.

1809 2243 1872 2263 Ciluns
1881 2245 1985 2269 potusque

1799 2270 1896 2301 omni-hus
1929 2275 1984 2290 cmu-

1800 2303 1875 2318 munis.

1081 2586 1091 2612 1
1116 2584 1213 2612 Partic.
1231 2588 1256 2612 ec
1272 2583 1425 2611 redundare
1441 2583 1549 2610 videtur
1563 2584 1601 2617 (R.
1618 2583 1666 2617 T.).

1079 2629 1094 2655 ⁶2
1115 2629 1153 2656 lta
1172 2629 1223 2656 sert
1240 2628 1302 2656 edit.
1321 2628 1408 2660 Mam-3
1429 2631 1455 2654 at
1474 2626 1618 2662 legendum
1638 2626 1728 2663 potius
1749 2626 1785 2654 vi-

1044 2673 1122 2702 detur
1141 2677 1231 2703 status
1246 2675 1449 2709 paupertatem
1469 2675 1505 2707 (n.
1523 2672 1570 2706 T.).
