2227 3241
251 277 299 302 An,
322 276 349 302 Cr
371 276 434 303 1607

277 498 371 519 Clemens
388 497 433 517 Vttt

250 527 352 545 concessit
362 524 418 543 bibli.
429 533 435 537 -

249 551 345 572 *becario
353 550 403 571 Sil.
412 550 435 570 E.

251 580 401 598 monasterium
413 577 434 597 S.

251 604 331 624 Mariae
343 604 368 623 dc
382 603 436 623 Ven-

250 633 326 651 titano.

481 267 544 299 4:³77.

693 324 802 350 Paulus
821 324 898 358 Papa
914 324 946 356 V,
1202 328 1206 353 t

580 387 615 413 ad
636 389 812 420 perpetuam
827 386 870 414 rei
886 386 1062 414 memoriam.

495 486 510 526 ξ
535 484 562 516 l.
580 484 664 517 Alias
683 483 783 516 felicis
802 483 1033 517 recordationis
1046 483 1190 517 Clemens

451 538 535 581 Papa
550 537 623 571 Vlll,
635 537 862 580 praedecessor
875 542 993 579 noster,
1005 537 1111 571 officio
1124 547 1192 571 san-

453 597 521 624 ctae
545 591 709 624 Romanae
741 591 901 625 Ecclesiae
930 591 1188 631 bibliothecarii,

453 644 540 688 quod
562 644 665 677 bonae
691 644 868 677 memoriae
889 645 1003 678 Caesar
1020 645 1101 678 tituli
1122 652 1211 678 san-t

453 703 576 730 ctorum
607 697 700 731 Nerei
720 703 750 730 et
770 697 903 731 Achillei
934 698 1100 742 presbyter
1125 701 1211 733 carvl

452 750 568 783 dinalis
588 750 744 784 Baronius
763 756 966 794 nuncupatus
983 750 1012 784 S.
1030 751 1065 783 R.
1090 751 1122 784 E.
1147 750 1194 783 bi-

454 803 706 845 bliothecarius,
736 810 811 837 tunc
837 804 869 836 in
899 803 1048 837 humanis
1073 813 1191 846 agens,

453 857 630 899 obtinebat,
646 857 685 890 de
706 857 814 901 aliquo
832 856 1056 891 subventionis
1077 857 1213 890 auxilio<

452 910 623 953 providere
635 911 755 951 volens,
777 915 867 943 motu
882 909 950 943 eius
966 910 1111 954 proprio,
1131 920 1213 943 mo·-

452 963 638 1007 nasterium,
653 964 813 997 abbatiam
825 969 1057 1007 nuncupatum,
1068 968 1195 996 sanctae

452 1016 569 1050 Mariae
588 1017 626 1050 de
649 1017 823 1050 Venticano
842 1016 942 1050 saneti
963 1015 1126 1049 Benedicti
1149 1016 1194 1049 rel

454 1070 587 1103 alterius
607 1067 734 1104 Ordinis
758 1070 1002 1103 Beneventanae
1028 1069 1194 1110 dioecesis,

454 1122 605 1167 illiusque
639 1123 832 1157 commenda
870 1128 945 1156 tune
980 1133 1038 1166 per
1072 1122 1196 1155 obitum

454 1175 617 1219 quondam
628 1175 738 1209 Jacobi
753 1176 792 1209 de
809 1176 871 1209 Leo
885 1175 1027 1209 defuncti
1041 1180 1194 1216 cessante,

455 1228 561 1262 adhuc
586 1239 634 1270 eo,
657 1239 720 1273 quo
746 1235 819 1262 ante
844 1228 1068 1262 commendam
1096 1228 1197 1272 ipsam

455 1282 600 1323 vacabat,
625 1283 722 1316 modo
740 1293 864 1323 vacans,
886 1292 957 1315 cum
973 1281 1102 1315 annexis
1121 1281 1198 1315 iuri-

455 1338 516 1371 bus
538 1344 567 1370 et
586 1336 786 1381 pertinentiis
805 1336 881 1377 suis,
902 1336 1070 1380 praedicto
1092 1335 1197 1369 officio

456 1391 515 1435 (ita
535 1391 621 1435 quod
643 1390 754 1423 liceret
780 1389 866 1423 dicto
891 1390 1016 1424 Caesari
1042 1389 1197 1423 cardinali

457 1450 488 1478 et
503 1455 563 1489 pro
583 1451 728 1489 tempore
746 1445 892 1478 existenti
911 1444 940 1478 S.
966 1445 1000 1478 R.
1021 1445 1054 1478 E.
1076 1444 1195 1478 biblio—

458 1499 600 1533 thecario
625 1510 684 1543 pro
702 1499 770 1532 eius
788 1498 1003 1532 commodiori
1024 1505 1195 1532 manuten-

459 1553 556 1594 tione‚
574 1564 609 1587 ac
638 1563 773 1586 onerum
800 1553 874 1586 dieti
901 1552 997 1586 officii
1022 1558 1200 1597 supporta—

459 1607 563 1647 tione,
592 1608 815 1651 corporalem,
840 1607 960 1640 realem
986 1613 1016 1640 et
1040 1608 1198 1640 actualem

459 1660 695 1704 possessionem
723 1660 908 1693 monasterii
930 1666 958 1693 et
985 1671 1197 1700 annexorum,

460 1714 644 1757 iuriumque
670 1719 697 1746 et
725 1713 993 1757 pertinentiarum
1018 1714 1200 1758 praedicto-

459 1777 542 1807 rum,
563 1777 620 1810 per
633 1777 677 1807 se,
696 1767 743 1800 vel
758 1766 868 1807 alium,
890 1777 946 1800 seu
964 1767 1054 1808 alios,
1072 1767 1139 1800 eius
1164 1778 1200 1800 ac

460 1822 563 1854 dictae
577 1820 791 1854 bibliothecae
805 1821 1131 1865 nominibuspropria
1145 1832 1201 1854 au-

459 1874 605 1908 ctoritate
626 1874 726 1906 libere
751 1874 1007 1918 apprehendere,
1032 1880 1062 1908 et
1086 1884 1201 1918 appre-

459 1929 590 1962 hensam
606 1933 760 1972 perpetuo
779 1928 929 1969 retinere,
946 1938 1072 1962 necnon
1090 1938 1201 1961 mona-

459 1982 546 2015 sterii
569 1988 600 2015 et
624 1992 823 2015 annexorum
851 1981 1036 2015 huiusmodi
1061 1982 1198 2022 fructus,

460 2036 604 2069 redditus
622 2041 652 2069 ct
669 2035 1018 2083 proventus„›iuraque,
1035 2035 1201 2069 obventio-

460 2100 516 2123 nes
538 2096 564 2122 et
587 2090 807 2123 emolumenta
828 2089 1006 2133 percipere,
1025 2099 1061 2122 ac
1083 2089 1112 2121 in
1127 2099 1201 2122 suos

462 2149 492 2176 et
512 2143 615 2176 dictae
636 2142 850 2175 bibliothecae
869 2153 955 2182 usus,
977 2142 1145 2175 utilitatem
1172 2149 1202 2176 et

461 2196 666 2230 necessitates
687 2201 884 2235 conrertere,
909 2195 1048 2229 cuiusvis
1073 2196 1201 2230 licentia

462 2251 601 2294 desuper
616 2249 747 2282 minime
766 2249 943 2293 requisita),
958 2250 1132 2293 apostolica
1147 2261 1202 2294 ειη-

463 2304 610 2337 ctoritate
624 2313 780 2347 perpetuo
804 2303 914 2344 univit,
939 2303 1090 2337 annexuit
1109 2309 1139 2336 et
1156 2303 1203 2337 in-

463 2357 661 2401 corporavit,
690 2362 786 2401 prout
816 2356 846 2389 in
875 2356 988 2390 litteris
1020 2356 1203 2400 apostolicis

464 2411 602 2454 desuper
616 2409 780 2450 consectis,
797 2420 933 2454 quarum
948 2415 1095 2443 tenorem
1114 2420 1204 2454 prae-

463 2464 606 2497 sentibus
631 2474 689 2507 pro
715 2473 862 2507 expresso
888 2462 999 2496 haberi
1032 2463 1199 2504 volumus,

464 2518 590 2561 plenius
611 2515 824 2551 continetur¹.

502 2644 510 2668 1
536 2642 708 2669 Praedictam
735 2640 880 2669 Clementis
891 2640 955 2675 ,vttt
973 2641 1203 2669 Constitutionem

464 2688 490 2715 in
507 2687 639 2715 Bulla-rio
655 2696 714 2715 esse
730 2695 783 2714 non
798 2691 863 2722 puto
877 2685 914 2721 (n.
930 2690 978 2720 iu).

994 276 1090 300 mmet
1096 275 1170 300 mum
1197 275 1347 300 ROMANUM

1267 322 1330 365 52.
1349 322 1426 356 Cum
1457 327 1565 356 autem
1593 322 1733 356 osticium
1760 323 1959 367 praedictum

1222 386 1280 420 per
1297 375 1421 409 obitum
1443 375 1518 409 dicti
1539 375 1679 409 Caesaris
1699 376 1882 417 cardinalis,
1907 389 1959 421 qm

1224 428 1319 462 hodic
1333 439 1389 462 seu
1401 439 1505 472 nuper
1521 429 1607 472 apud
1621 429 1736 462 Sedem
1746 429 1960 475 Apostolicam

1225 481 1367 516 debitum
1394 487 1529 515 naturae
1553 482 1727 526 persolvit,
1753 483 1911 516 vacaverit
1935 490 1965 516 et.

1227 541 1314 569 vacet
1333 536 1372 568 ad
1389 545 1560 580 praesens;
1583 545 1642 569 nos
1658 535 1840 580 sumptibus
1862 542 1891 569 et
1911 548 1964 570 ex-

1227 588 1343 632 pensis,
1360 589 1414 632 qui
1436 588 1579 633 quotidie
1606 589 1637 622 in
1666 589 1749 623 dieta
1773 589 1967 624 bibliotheca

1227 642 1297 675 lieri
1317 642 1432 684 solent,
1449 641 1556 686 aliqua
1581 642 1706 676 ratione
1726 643 1894 676 consulere
1915 654 1968 676 cu-

1229 697 1374 741 pientes,
1403 707 1439 730 ac
1465 697 1540 730 dicti
1567 697 1753 732 monasterii
1779 698 1941 732 fructuum
1959 725 1966 739 ,

1230 751 1415 784 reddituum
1429 756 1459 784 et
1473 757 1687 794 proventuum
1702 761 1810 785 verum
1826 761 1968 784 annuum

1229 804 1382 844 valorem,
1406 804 1582 837 secundum
1605 814 1775 838 commune
1789 804 1970 838 maestima-

1231 856 1361 899 tionem,
1383 857 1586 902 aliarumque
1610 857 1769 891 unionum
1796 857 1899 892 dictae
1923 858 1970 891 bi-

1229 909 1410 943 bliotheeae
1428 910 1537 943 forsan
1561 910 1717 944 haetenus
1737 911 1892 944 factarum
1918 916 1966 944 te—

1229 974 1324 997 nores
1361 964 1584 1008 praesentibus
1610 964 1703 998 etiam
1730 975 1789 1009 pro
1814 965 1970 1009 expressis

1231 1016 1395 1058 habentes,
1414 1023 1502 1050 motu
1517 1017 1625 1059 simili,
1643 1028 1677 1051 ac
1693 1028 1729 1052 ex
1740 1020 1825 1052 certa
1837 1017 1971 1052 scientia

1231 1071 1350 1110 nostra,
1365 1070 1469 1113 deque
1500 1070 1696 1114 apostolicae
1720 1070 1886 1114 potestatis
1905 1071 1972 1115 ple-

1232 1122 1389 1163 nitudine,
1411 1123 1520 1157 omnia
1545 1128 1576 1157 et
1593 1123 1718 1167 singula
1736 1124 1922 1158 monasterii
1943 1129 1974 1157 et

1232 1185 1430 1210 annexorum
1456 1176 1644 1210 huiusmodi
1665 1177 1797 1219 fructus,
1815 1177 1970 1217 redditus,

1231 1235 1416 1274 proventus,
1441 1230 1523 1271 iura,
1551 1230 1760 1264 obventiones
1786 1236 1817 1264 et
1843 1231 1971 1265 emolu-

1234 1289 1339 1317 menta
1367 1283 1399 1316 in
1419 1283 1585 1328 quibusvis
1606 1284 1702 1318 rebus
1721 1285 1925 1318 consistentia
1945 1290 1975 1318 et

1232 1337 1460 1381 undecumque
1484 1337 1706 1381 provenientia
1731 1338 1872 1382 (praevia
1898 1338 1971 1373 illo-

1232 1401 1302 1424 rum
1337 1390 1541 1435 separatione
1573 1397 1604 1425 et
1637 1391 1924 1426 dismembratione
1955 1404 1974 1427 a

1233 1444 1317 1477 dicto
1348 1444 1475 1488 officio)
1500 1445 1662 1488 praefatae
1691 1445 1905 1479 bibliothecae
1937 1456 1973 1479 ac

1234 1498 1317 1532 illius
1337 1498 1457 1539 usibus,
1478 1498 1659 1542 sumptibus
1680 1503 1710 1532 et
1731 1499 1876 1544 expensis
1894 1500 1972 1544 (non

1232 1558 1337 1585 autem
1364 1552 1449 1585 illius
1473 1552 1732 1595 bibliothecario)
1758 1553 1916 1586 destinata
1942 1559 1973 1587 et

1233 1606 1391 1650 applicata
1416 1616 1482 1640 esse
1508 1612 1538 1639 et
1561 1605 1683 1639 censeri
1709 1606 1913 1640 decernimus
1943 1612 1974 1640 et

1233 1660 1456 1699 declaramus,
1480 1665 1597 1703 prout,
1617 1665 1777 1703 quatenus
1801 1669 1882 1704 opus
1907 1659 1970 1700 sit,

1234 1718 1323 1746 motu
1342 1717 1371 1746 et
1389 1712 1581 1746 auctoritate
1601 1712 1733 1756 paribus
1758 1723 1794 1746 ex
1820 1722 1906 1746 nunc
1930 1719 1975 1746 te-

1234 1777 1313 1800 nore
1333 1767 1550 1810 praesentium
1572 1766 1773 1810 applicamus
1798 1772 1830 1800 et
1854 1776 1972 1811 appro-

1234 1820 1393 1864 priamus:
1415 1819 1457 1853 ita
1477 1820 1564 1863 quod
1585 1819 1684 1853 futuri
1701 1819 1731 1854 S.
1753 1820 1787 1853 R.
1805 1820 1838 1853 E.
1860 1819 1976 1853 biblio-

1234 1874 1378 1915 thecarii,
1396 1874 1426 1906 in
1448 1873 1657 1917 perceptione
1678 1874 1854 1914 fructuum,
1874 1873 1977 1907 reddi-

1236 1933 1324 1960 tuum
1341 1954 1348 1968 ,
1377 1933 1591 1971 proventuum
1622 1933 1653 1960 et
1681 1927 1975 1960 emolumentorum

1235 1980 1434 2021 huiusmodi,
1454 1980 1513 2013 nisi
1534 1981 1575 2013 ad
1600 1981 1808 2013 commodum
1831 1985 1862 2013 et
1883 1976 1981 2013 utitiS

1236 2039 1332 2068 tatem
1358 2034 1574 2067 bibliothecae
1604 2044 1639 2066 ac
1665 2043 1878 2077 expensarum
1909 2033 1972 2067 hu-

1235 2088 1374 2121 iusmodi
1395 2097 1464 2121 sese
1481 2097 1613 2131 quoquo
1632 2087 1728 2120 modo
1749 2086 1896 2129 ingerere
1911 2096 1976 2120 non

1235 2141 1357 2185 possint
1377 2151 1436 2174 nec
1451 2141 1584 2181 valeant,
1606 2140 1661 2173 sed
1674 2139 1734 2183 ipsi
1753 2140 1977 2173 tantummodo

1235 2194 1312 2227 nudi
1345 2193 1622 2227 administratores
1648 2193 1810 2226 fructuum
1827 2220 1835 2234 ‚
1863 2193 1974 2227 reddi-

1237 2254 1338 2289 tuum,
1355 2252 1568 2293 proventuum
1585 2252 1615 2280 et
1629 2246 1922 2280 emolumentorum
1941 2256 1978 2280 ac

1235 2301 1372 2335 ali-orum
1394 2301 1554 2334 bonorum
1573 2299 1648 2334 dicti
1669 2299 1853 2334 monasterii
1871 2299 1932 2333 sint
1947 2304 1978 2332 et

1237 2365 1305 2389 esse
1327 2360 1531 2388 censeantur.

1281 2411 1296 2451 ξ
1313 2408 1342 2442 3.
1366 2409 1578 2441 Decernentes
1596 2412 1780 2451 praesentes
1805 2405 1926 2440 litteras
1944 2417 1976 2440 e-

1238 2463 1312 2497 tiam
1331 2473 1366 2496 ex
1385 2462 1520 2505 eoquod
1537 2461 1657 2495 dictum
1672 2460 1815 2494 officium
1834 2460 1976 2503 legitime

1238 2521 1343 2550 careat
1360 2515 1538 2555 defensore,
1559 2519 1589 2547 et
1609 2513 1806 2558 quicumque
1827 2513 1859 2546 in
1883 2523 1976 2557 prae-

1238 2570 1340 2603 missis
1357 2569 1510 2603 interesse
1526 2568 1679 2601 habentes
1693 2568 1741 2600 vel
1755 2567 1874 2600 habere
1888 2577 1977 2611 prae-

1239 2624 1404 2657 tendentes
1424 2621 1486 2655 illis
1503 2631 1568 2654 non
1585 2619 1819 2661 consenserint,
1836 2626 1866 2654 et
1883 2621 1923 2654 ad
1940 2630 1978 2654 ea

1238 2676 1351 2718 vocati,
1368 2681 1398 2710 et
1409 2684 1534 2716 causae,
1547 2679 1680 2719 propter
1693 2684 1772 2719 quas
1784 2672 1974 2715 emanarint,

1978 274 2027 302 An.
2049 274 2077 301 c.
2092 272 2189 317 {¹635

2019 337 2096 358 Paulus
2112 337 2132 358 ill
2152 348 2153 353 =
2181 338 2183 341 ’

1954 377 1958 382 .
1977 366 2022 384 nnn
2049 363 2190 393 biblioth-z]

1978 396 2017 411 raa
2040 390 2156 411 vatican
2169 395 2182 415 ‘a

2019 2410 2137 2432 Clausulas.

2141 2240 2175 2414 summm..
2159 2205 2177 2218 z
2170 1838 2174 1843 Α
2160 1759 2175 1770 .«
2170 1723 2173 1728 ⁴
2164 1683 2176 1695 ,
2174 1651 2175 1654 „
2170 1544 2179 1554 ,.

2148 2548 2159 2567 ‘⁴
2151 2498 2168 2518 -J‘
2143 2426 2165 2458 ὁ(

2159 2407 2170 2424 0⁴
