2227 3241
238 305 286 331 An.
304 302 331 330 ρ,
355 302 421 331 ¹604
474 293 533 325 114
1012 299 1195 323 nontamen
1221 299 1372 324 nonanun
1964 301 2012 328 An.
2031 301 2059 330 c.
2082 303 2149 332 1504
2187 284 2195 288 ,
2223 299 2227 319 ¹

296 1913 432 1932 Canem-‚crat

251 1940 352 1960 Clemens.

438 351 553 391 ctibus,
571 348 748 383 redditibus
767 352 797 381 et
813 347 1024 391 proventibus
1045 358 1082 381 ac
1102 347 1180 380 iuri-

437 405 507 446 bus,
517 401 763 437 obventionibus
775 406 805 434 et
818 401 1045 435 emolumentis
1057 401 1181 434 univer-

438 458 479 491 sis
509 466 693 490 mensarum
722 454 957 497 magistralium
990 454 1179 490 militiarum

438 510 538 544 sancti
563 508 669 543 Iacobi
694 509 733 542 de
757 508 897 552 Spatha,
925 507 1057 543 Ordinis
1081 509 1181 543 sancti

440 563 620 606 Augustini,
641 573 699 596 nec
717 573 782 596 non
800 562 839 596 de
853 562 1025 596 Alcantara
1045 568 1075 597 et
1095 563 1182 597 Cala-

441 623 537 657 trava,
560 615 688 649 Ordinis
705 615 921 649 Cisterciensis
942 616 1038 660 (quae
1055 616 1182 650 coronis

440 680 614 712 regnorum
628 669 782 703 Castellae
804 674 834 702 ct
854 669 1003 712 Legionis
1021 669 1086 703 sive
1103 670 1182 703 alio-

442 733 511 756 rum
537 732 713 765 regnorum
744 722 973 767 Hispaniarum
1005 723 1182 767 apostolica

441 776 631 809 auctoritate
651 782 812 820 perpetuo
832 776 922 810 unita
942 782 1042 820 erant,
1057 783 1087 810 et
1105 788 1183 821 qua—

441 841 512 863 rum
527 830 716 864 militiarum
734 830 802 874 ipse
819 830 997 875 Philippus,
1018 836 1181 875 tamquam

442 884 603 918 dictorum
620 894 796 926 regnorum
811 895 876 925 rex,
893 890 1066 929 perpetuus
1084 884 1183 918 admi-

442 938 595 972 nistrator
608 938 720 972 eadem
735 938 926 972 auctoritate
940 939 1115 982 apostolica
1131 939 1184 972 de-

441 998 571 1038 putatus
583 992 763 1034 existebat),
781 997 845 1025 tam
860 992 923 1025 vita
935 992 1020 1026 illius
1034 993 1181 1034 durante,

443 1056 539 1090 quam
553 1052 626 1090 post
639 1045 763 1079 obitum
777 1046 860 1079 illius
879 1046 1099 1087 decurrendis,
1117 1056 1185 1079 om-

443 1099 475 1132 ni
493 1101 561 1140 via,
586 1099 684 1132 modo
712 1104 742 1132 et
763 1099 831 1132 iure
847 1126 854 1140 ‚
876 1099 993 1143 quihus
1022 1099 1136 1133 melius
1156 1106 1184 1133 et

444 1152 605 1186 efficacius
625 1151 793 1196 potuisset,
817 1151 1008 1196 disponere,
1032 1163 1091 1185 nec
1110 1163 1187 1194 non,

443 1216 503 1250 pro
525 1206 668 1239 eiusdem
694 1205 777 1238 aeris
802 1205 898 1238 alieni
927 1205 1077 1248 integrali
1102 1207 1187 1239 solu-

446 1260 544 1301 tione,
561 1265 590 1293 et
604 1260 784 1302 legatorum
810 1262 907 1303 atque
925 1270 1059 1293 onerum
1083 1260 1186 1293 omni-

446 1313 540 1346 moda
570 1312 786 1346 satisfactione
822 1318 918 1357 atque
950 1313 1187 1357 exequutione,

447 1377 559 1400 eorum
581 1366 703 1411 pariter
728 1366 866 1407 fructus,
889 1366 1034 1400 redditus
1059 1372 1089 1400 et
1112 1378 1188 1411 pro—

446 1426 573 1461 ventus,
601 1430 638 1454 ac
663 1420 732 1453 iura
747 1447 754 1461 ,
778 1419 985 1453 obventiones
1006 1426 1036 1453 et
1065 1422 1188 1454 emolu-

448 1479 557 1507 menta
585 1473 736 1506 universa
755 1473 914 1506 dictarum
943 1484 1138 1515 mensarum,
1155 1482 1190 1508 ut

447 1528 646 1572 praefertur,
671 1527 892 1560 decurrendos
913 1532 944 1560 et
971 1527 1190 1567 decurrenda,

448 1580 631 1625 specialiter
645 1586 675 1614 et
688 1590 835 1624 expresse
858 1580 1032 1624 applicare,
1047 1581 1189 1624 obligare

449 1640 479 1667 et
491 1633 707 1678 hypothecare
721 1633 950 1675 desiderabat⁴3
964 1646 999 1667 ac
1017 1640 1190 1679 propterea

448 1688 541 1721 nohis
559 1688 701 1721 ciusdem
716 1688 856 1731 Philippi
877 1690 960 1731 regis
979 1689 1108 1722 nomine
1129 1689 1189 1722 hu-

451 1741 570 1775 militer
594 1741 796 1786 supplicato,
824 1747 857 1774 ut
883 1751 980 1785 super
1007 1742 1190 1786 praemissis

450 1801 666 1839 opportunam
687 1795 869 1828 facultatem
893 1794 937 1827 illi
952 1795 1129 1829 concedere
1151 1796 1189 1829 (le

448 1848 646 1891 benignitate
663 1848 838 1892 apostolica
856 1848 1078 1891 dignaremur:

495 1904 510 1943 ξ
532 1901 563 1936 02.
586 1902 666 1943 Nos,
692 1902 780 1935 illum
813 1901 1006 1946 specialibus
1030 1903 1190 1936 favoribus

451 1961 481 1989 et
500 1955 610 1998 gratiis
630 1955 783 2000 prosequi
805 1956 962 1996 volentes,
986 1956 1089 1989 eidem
1119 1957 1190 1989 Phi-

450 2009 538 2053 lippo
559 2009 637 2052 regi,
658 2014 707 2050 ut,
729 2010 1000 2053 quandocumque
1023 2010 1067 2042 illi
1089 2010 1189 2043 visum

451 2063 559 2096 fuisset
581 2068 611 2096 et
630 2063 814 2107 placuisset,
835 2063 987 2107 perviam
1011 2063 1192 2096 cuiuscum-

450 2127 514 2160 que
532 2117 762 2161 dispositionis,
787 2123 849 2149 tam
874 2117 955 2150 inter
973 2117 1069 2158 vivos,
1093 2128 1189 2161 quam

451 2181 486 2203 ex
501 2173 595 2204 causa
610 2171 733 2211 mortis,
747 2181 801 2204 seu
818 2170 949 2204 alterius
961 2170 1193 2215 cuiuscumque

452 2223 561 2267 (etiam
585 2224 616 2256 in
642 2224 755 2258 mortis
776 2224 911 2257 articulo
937 2225 1193 2268 quomodocum-

452 2288 514 2321 que
536 2277 712 2321 faciendae)
732 2278 968 2319 declarationis,
986 2278 1025 2311 de
1043 2278 1193 2312 omnibus

453 2338 483 2365 et
503 2332 638 2375 singulis
663 2332 838 2373 fructibus,
864 2332 1043 2366 redditibus
1068 2338 1096 2366 et
1119 2343 1194 2376 pro—

487 2449 503 2475 2
526 2448 618 2475 Stante
642 2447 773 2484 particula
792 2456 922 2483 cumque,
943 2447 976 2475 de
1002 2456 1055 2484 qua
1079 2448 1104 2475 in
1131 2449 1191 2476 nota

454 2492 637 2529 praecedenti,
657 2500 724 2528 opus
738 2492 829 2519 forsan
846 2495 917 2519 essct
932 2492 1023 2526 legere
1043 2493 1193 2520 desidera-

454 2541 516 2569 ret;
543 2541 570 2564 at
601 2545 664 2564 vero
698 2540 839 2564 contextus
868 2536 1016 2563 defectivus
1050 2537 1193 2569 evaderet,

455 2590 515 2608 nam
536 2581 688 2609 coniunctio
709 2582 791 2617 quod,
807 2581 841 2608 ab
857 2581 932 2608 initio
947 2581 1027 2608 huius
1042 2581 1055 2615 ἓ
1070 2584 1078 2608 1
1098 2581 1192 2616 posita,

456 2635 504 2652 suo
516 2626 666 2653 necessario
677 2625 783 2653 obiecto
794 2629 914 2658 careret,
926 2625 1042 2661 ideoque
1053 2626 1195 2652 retinenda

457 2670 609 2697 emendatio
634 2679 715 2706 quam
742 2670 768 2696 in
798 2674 859 2698 nota
881 2669 1037 2705 precedenti
1059 2670 1195 2698 innuimus

457 2719 493 2748 (n.
508 2715 557 2750 τ.).

1212 348 1368 394 ventibus,
1391 347 1525 388 iuribus,
1545 347 1794 382 obventionibus
1815 354 1846 382 et
1864 359 1953 384 emo-

1213 402 1366 435 lumentis
1379 401 1639 446 quihuscumque
1653 412 1838 436 mensarum
1853 404 1954 447 magi-

1214 454 1359 488 stralium
1382 455 1477 487 trium
1498 454 1684 489 militiarum
1702 455 1951 499 praedictarum,

1215 509 1309 543 etiam
1335 514 1408 553 post
1435 509 1560 542 obitum
1585 509 1686 553 ipsius
1710 509 1849 554 Philippi
1870 510 1954 553 regis

1216 563 1448 606 decurrendis,
1468 573 1529 607 pro
1558 563 1720 597 solutione
1747 563 1830 598 aeris
1859 563 1955 598 alieni

1215 616 1383 661 praedicti,
1407 622 1438 650 et
1457 627 1559 660 usque
1579 617 1619 650 ad
1641 617 1771 650 totalem
1793 616 1878 651 illius
1898 627 1952 651 so-

1216 670 1371 703 lutionem
1391 675 1422 703 et
1438 669 1594 712 integram
1613 669 1853 714 praedictorum
1870 670 1957 713 lega-

1219 729 1322 757 torum
1337 723 1584 756 satisfactionem
1602 723 1701 766 (circa
1718 723 1809 757 cuius
1825 723 1956 768 quidem

1217 777 1299 810 aeris
1323 777 1418 811 alieni
1447 775 1701 810 verificationem
1722 781 1752 810 et
1771 776 1957 821 liquidatio-

1217 841 1303 871 nem,
1327 830 1593 874 creditorumque
1619 830 1884 872 graduationem‚
1901 841 1958 864 seu

1218 883 1430 927 prioritatem,
1452 883 1510 916 soli
1528 883 1627 916 verbo
1644 888 1675 916 et
1694 883 1831 928 simplici
1853 883 1959 917 decla-

1218 937 1335 971 rationi
1356 948 1414 982 per
1434 937 1538 982 ipsum
1566 937 1749 982 Philippum
1777 947 1886 980 regem
1901 965 1909 979 ,
1932 938 1958 972 si

1220 991 1286 1035 ipse
1306 991 1394 1024 vivus
1415 991 1447 1024 id
1467 991 1707 1033 declaravisset,
1727 991 1777 1025 vel
1801 1002 1860 1035 per
1883 1001 1955 1034 eos,

1219 1045 1335 1089 quibus
1356 1045 1424 1088 ipse
1443 1044 1611 1089 Philippus
1625 1055 1679 1078 rex
1692 1045 1814 1088 pariter
1827 1045 1860 1078 in
1873 1055 1959 1079 mor-

1221 1099 1258 1131 tis
1279 1098 1374 1131 etiam
1393 1098 1528 1131 articulo
1550 1098 1580 1131 id
1600 1098 1825 1139 mandavisset,
1852 1099 1901 1131 vel
1919 1099 1959 1132 ad

1220 1163 1300 1196 quos
1315 1152 1384 1185 iura
1404 1158 1434 1186 et
1454 1152 1689 1186 administratio
1706 1152 1960 1196 praemissorum

1222 1206 1363 1249 legitime
1384 1206 1488 1240 delata
1518 1206 1647 1247 suisset,
1671 1206 1719 1239 vel
1746 1205 1801 1250 qui
1823 1205 1900 1239 alias
1921 1206 1961 1240 ad

1222 1270 1291 1293 eam
1313 1270 1370 1303 per
1395 1259 1535 1293 iudicem
1554 1260 1787 1304 deputarentur
1807 1270 1962 1304 quocum-

1222 1325 1284 1357 que
1299 1314 1395 1347 modo
1409 1313 1573 1347 faciendae
1585 1314 1734 1347 standum
1747 1312 1863 1356 esset¹),
1874 1313 1962 1347 omni

1225 1366 1349 1400 meliori
1379 1372 1408 1400 et
1435 1366 1608 1400 efficaciori
1630 1367 1727 1400 modo
1754 1366 1925 1411 disponere
1937 1367 1959 1409 ²,

1223 1420 1420 1463 eosdemque
1431 1420 1562 1460 fruetus,
1576 1419 1722 1453 redditus
1734 1425 1763 1453 et
1775 1425 1961 1464 proventus,

1224 1485 1259 1507 ae
1281 1474 1360 1514 iura,
1377 1473 1586 1507 obventiones
1607 1479 1638 1507 et
1658 1473 1878 1507 emolumenta
1889 1474 1962 1508 uni-

1224 1539 1311 1562 versa
1332 1538 1391 1572 pro
1420 1527 1566 1571 integrali
1595 1527 1737 1561 eiusdem
1759 1528 1842 1562 aeris
1867 1528 1963 1562 alieni

1223 1583 1383 1616 solutione
1400 1588 1430 1615 et
1446 1582 1642 1615 creditorum
1661 1582 1877 1616 satisfactione
1890 1593 1963 1627 per-

1223 1642 1320 1680 petuo
1333 1636 1504 1680 applicare,
1516 1635 1682 1678 obbligare
1693 1641 1724 1669 et
1734 1635 1962 1680 hypothecam,

1224 1690 1328 1723 adheo
1348 1695 1383 1723 ut
1410 1689 1578 1733 dispositio
1605 1689 1790 1723 huiusmodi
1818 1690 1964 1724 eiusdem

1224 1743 1360 1787 Philippi
1381 1743 1411 1776 in
1431 1742 1524 1776 dictis
1542 1742 1768 1786 Hispaniarum
1784 1743 1892 1786 regnis
1905 1744 1964 1777 rni-

1225 1797 1430 1840 litiarumque
1448 1796 1779 1830 administrationibus
1801 1807 1965 1831 successo-

1224 1862 1272 1886 res
1293 1852 1333 1884 ita
1354 1855 1490 1884 arctaret
1508 1854 1538 1885 et
1558 1851 1716 1893 afficeret,
1739 1857 1774 1884 ut
1792 1861 1967 1895 quaecum-

1224 1916 1285 1950 que
1306 1915 1365 1949 pro
1386 1904 1460 1938 dicti
1486 1904 1568 1938 aeris
1594 1904 1689 1938 alieni
1721 1904 1881 1938 solutione
1909 1915 1967 1949 per

1226 1960 1328 2003 ipsum
1343 1958 1525 2002 Philippum
1538 1968 1646 2000 regem
1659 1957 1812 2002 disposita
1824 1957 1966 2000 fuissent,

1226 2023 1260 2046 ea
1282 2012 1393 2056 exequi
1415 2017 1446 2045 et
1465 2011 1662 2055 adimplere,
1686 2017 1717 2045 et
1743 2011 1964 2055 applicationi,

1226 2065 1414 2108 obligationi
1433 2071 1463 2098 et
1483 2065 1682 2109 hypothecae
1696 2065 1868 2109 praedictis
1884 2069 1968 2098 stare

1227 2118 1360 2152 omnino
1383 2124 1551 2152 teneantur
1565 2146 1572 2160 ‚
1604 2128 1730 2153 necnon
1755 2118 1931 2163 praemissa
1943 2118 1967 2160 ³,¹

1262 2271 1273 2296 1
1300 2270 1370 2296 Edit.
1387 2269 1466 2297 ltlain.
1484 2267 1969 2304 habetquocumquefacieudmsed

1227 2318 1300 2341 certo
1317 2314 1418 2350 aliquid
1434 2314 1528 2347 deest,
1544 2317 1634 2340 utrum
1650 2316 1723 2340 recte
1734 2311 1969 2339 emendaverimus

1227 2359 1327 2386 iudicet
1343 2358 1460 2394 prudens
1475 2358 1561 2385 lector
1573 2358 1612 2393 (n.
1629 2358 1678 2392 τ.).

1261 2404 1277 2430 ⁶2
1298 2403 1477 2438 Subintellige
1498 2403 1585 2430 libere
1600 2405 1626 2430 el
1644 2394 1834 2437 licite‘posset
1850 2404 1876 2428 et
1894 2402 1968 2430 vatc-

1227 2452 1280 2481 ret,
1295 2449 1461 2483 facultatem
1479 2447 1678 2481 concessimus,
1692 2450 1771 2482 prout
1787 2446 1856 2473 infra
1871 2446 1970 2482 legitur

1227 2494 1253 2520 in
1276 2494 1327 2520 fine.
1349 2493 1362 2529 ἓ
1379 2501 1449 2528 seq„
1470 2500 1531 2519 nam
1547 2500 1578 2519 eo
1594 2499 1679 2527 usque
1699 2491 1784 2519 oratio
1804 2494 1894 2519 manet
1907 2499 1968 2519 sus-

1229 2546 1311 2573 pensa
1329 2538 1366 2572 (a.
1384 2537 1431 2569 12).

1263 2583 1279 2609 3
1298 2582 1385 2609 Locus
1400 2581 1545 2609 mendosus
1560 2584 1610 2611 est,
1631 2580 1678 2607 sed
1699 2588 1752 2607 non
1772 2579 1859 2607 facilis
1879 2581 1914 2608 de
1929 2580 1969 2607 fa-

1228 2627 1322 2653 cienda
1342 2626 1531 2654 emendatione
1551 2625 1715 2659 coniectura3
1741 2625 1854 2652 fortasse
1875 2625 1969 2660 legen-

1228 2671 1290 2698 dum
1308 2673 1483 2705 tenerentur,
1499 2673 1525 2699 el
1541 2678 1598 2697 non
1612 2672 1711 2698 contra
1730 2670 1893 2705 praemissa
1911 2690 1917 2697 .
1937 2691 1943 2697 .
1961 2691 1966 2697 .

1228 2715 1266 2750 (a.
1282 2714 1330 2749 τ.).

2172 1182 2174 1184 ¹
2186 1149 2201 1172 r

2183 1187 2203 1240 2}-

2175 1243 2205 1282 ὅ

2179 1285 2205 1351 ἐξ.

2177 1551 2198 1583 ἲν
2209 1550 2210 1591 t

2176 1581 2199 1669 Ξ

2171 1673 2194 1702 ¹2.
2208 1677 2210 1683 ,

2180 1714 2189 1731 ἢ
2208 1713 2209 1718 ,
