2227 3241
71 225 120 252 An.
141 223 250 251 &1607

103 1297 224 1319 Facultates
234 1297 261 1318 :nt

76 1324 116 1345 hoc
130 1327 262 1347 necessarias
466 1344 471 1349 .
501 1344 506 1349 .
938 1344 943 1348 ·
963 1344 967 1348 -

76 1351 261 1402 icgsrgtgylabuffleniff
277 1354 361 1388 quae
385 1354 507 1378 nemini
534 1344 573 1377 ad
588 1354 620 1377 se
634 1350 706 1388 post
727 1350 833 1377 errata
854 1344 1021 1376 humiliter

77 1405 132 1426 tifex.

908 220 1030 244 PAULUs
1055 220 1073 243 V
1093 221 1137 243 Ν).

273 271 332 305 1105
353 271 478 305 nobiles
502 271 587 304 viros
612 270 816 304 Franciscum
843 269 881 302 de
907 268 1017 303 Castro

273 325 416 359 eiusdem
437 324 575 368 Philippi
596 324 680 366 regis
697 323 782 368 apud
798 322 914 355 dictam
933 332 1018 355 rem-

273 378 435 421 publicam
451 377 741 411 extraordinarium
760 381 787 409 et
804 375 925 408 lnicum
941 373 1017 408 Car-

273 431 372 465 denas
386 431 586 465 ordinarium
605 437 762 468 oratores,
780 429 911 462 nomine
929 439 964 461 ac
979 428 1017 461 de

273 486 388 519 ordine
417 492 447 520 et
487 486 526 518 ad
563 484 807 528 requisitionem
838 483 1018 526 virtuteque

273 539 510 573 commissionis
535 538 678 571 eiusdem
704 537 920 582 reipublicae,
944 547 1019 580 sup-

272 592 501 637 plicationibus
527 591 621 625 nobis
648 602 747 636 super
770 591 831 624 1100
852 590 1019 623 humiliter

272 645 451 690 porrectis,
483 645 569 689 apud
601 655 660 678 nos
691 644 953 685 intercesserint,
983 649 1018 677 ut

273 699 455 743 (quoniam,
476 698 559 732 sicut
576 698 635 742 ipsi
654 703 811 739 oratores,
828 708 865 731 ae
886 697 1016 731 demum

273 752 369 785 etiam
391 751 573 786 fraternitas
599 757 653 785 tua
677 751 804 795 scriptis
822 751 915 784 nobis
933 750 1019 784 affir-

274 807 390 847 masti,
424 806 483 850 ipsi
515 806 702 839 Leonardus
731 805 793 838 dux
823 815 859 838 ac
890 810 1019 838 senatus

272 860 430 904 praedicti
451 859 536 893 circa
556 865 707 893 contenta
729 859 760 892 in
787 859 880 892 dictis
905 858 1019 892 litteris

273 913 391 947 nostris
412 913 475 946 iam
496 913 604 957 aliqua
624 923 660 946 ex
673 918 765 957 parte
784 912 1019 947 satisfecerunt.

273 973 304 1001 et
324 966 450 1011 plenius
471 967 652 1000 satisfacere
679 966 863 1009 intendunt)
888 966 1017 999 eosdem

273 1027 305 1055 et
324 1021 403 1055 alios
422 1021 606 1066 praedictos
631 1032 648 1055 a
673 1021 758 1055 dicta
784 1021 943 1054 sententia
968 1031 1016 1054 ex-

274 1075 580 1109 communicationis
601 1081 713 1108 contra
735 1084 790 1108 eos
810 1085 828 1107 a
846 1074 938 1107 nobis
957 1073 1019 1107 lata

274 1135 305 1163 et
324 1129 530 1173 promulgata
555 1129 723 1162 absolvere
749 1134 777 1162 et
802 1128 950 1169 liberare,
972 1127 1020 1160 in-

276 1183 516 1227 terdictumque
537 1193 687 1217 amovere
708 1184 748 1216 de
771 1182 966 1225 benignitate
988 1192 1018 1215 a-

275 1237 431 1280 postolica
452 1237 678 1279 dignaremur,

322 1292 338 1333 ξ
352 1290 382 1323 3.
392 1291 480 1324 Hanc
490 1290 623 1331 obrem,
641 1300 699 1323 nos
710 1300 833 1323 morem
848 1289 1020 1330 Ecclesiae,

276 1397 423 1431 redeunti
444 1397 564 1431 claudit
589 1397 761 1440 gremium,
790 1407 861 1430 cum
890 1396 1018 1430 miscri-

276 1450 387 1484 cordia
406 1461 534 1484 servare
552 1450 652 1493 (facti,
676 1451 823 1494 exemplo
849 1450 1017 1494 Apostoli,

274 1503 394 1537 infirmi
409 1509 442 1537 ut
452 1504 598 1538 infirmos
612 1504 877 1547 lucrifaciamus),
887 1516 922 1536 111·
932 1514 1023 1548 prae-

274 1558 434 1592 dictorum
455 1569 566 1601 regum
589 1558 785 1603 praemissis,
800 1568 925 1591 net-non
947 1558 1023 1590 alio-

275 1622 345 1645 rum
372 1612 622 1646 christianorum
654 1612 854 1656 principum,
881 1611 936 1656 qui
962 1622 1021 1655 pro

276 1665 389 1700 iisdem
411 1666 597 1699 Leordardo
616 1666 697 1699 duce
718 1671 749 1699 et
769 1671 880 1699 senatu
895 1665 1022 1709 praedi-

276 1719 335 1753 ctis
362 1719 482 1763 pariter
510 1719 666 1753 instanter
693 1719 908 1764 supplicando
936 1719 1041 1764 apud'

276 1783 335 1807 nos
355 1773 607 1807 intercesserunt
624 1784 679 1807 5011
692 1773 848 1807 intercedi
863 1774 1018 1815 fecerunt,

276 1827 430 1871 precibus
447 1827 605 1861 honorem
629 1828 759 1869 habere,
784 1838 821 1861 ac
839 1828 1021 1872 praedicto-

277 1891 349 1914 rum
368 1881 525 1915 Leonardi
546 1881 636 1915 ducis
651 1887 821 1915 etsenatus
835 1888 865 1915 et
884 1881 1021 1915 aliorum

278 1935 519 1980 praedictorum
557 1935 650 1969 saluti
689 1936 860 1969 consulere
889 1939 1023 1980 paterna

278 1989 433 2023 charitate
453 1990 616 2030 volentes,
642 1989 834 2024 fraternitati
864 1996 954 2031 tuae,
985 1991 1023 2024 de

279 2043 370 2077 cuius
388 2043 462 2085 fide,
481 2044 666 2087 integritate
684 2050 715 2078 et
734 2045 906 2088 prudentia
923 2045 1024 2089 pluri-

280 2108 367 2131 mum
404 2097 434 2130 in
467 2098 605 2131 Domino
634 2098 850 2139 confidimus,
877 2099 1025 2135 ,Venetias

280 2150 509 2195 proficiscenti,
535 2157 646 2185 tenore
672 2152 890 2196 praesentium
906 2180 913 2192 ‚
938 2163 1025 2185 eom-

280 2205 438 2239 mittimus
458 2211 490 2239 et
514 2206 719 2247 mandamus,
744 2212 915 2250 quatenus,
944 2206 968 2239 si
995 2212 1025 2240 ct

280 2259 410 2303 quando
436 2258 534 2293 iidem
555 2259 740 2293 Leonardus
763 2259 824 2292 (lux
847 2265 877 2293 et
894 2266 1025 2293 senatus

281 2312 400 2356 aliique
420 2312 575 2357 praedicti
597 2312 629 2345 in
648 2312 696 2354 iis,
721 2324 804 2357 quae
827 2312 881 2346 tibi
899 2313 1023 2356 signifi-

281 2365 434 2407 cavimus,
457 2366 706 2399 satisfactionem
728 2366 956 2410 praestiterint,
974 2377 1026 2400 ea-

281 2429 344 2463 que
357 2419 487 2453 realiter
504 2425 620 2453 etcum
635 2419 751 2453 effectu
765 2420 1022 2464 adimpleverint,

281 2478 312 2506 et
335 2483 401 2506 non
426 2473 504 2506 alias
520 2500 527 2514 ‚
552 2473 656 2517 ipsum
678 2473 882 2507 Leonardum
909 2474 1024 2507 ducein

282 2535 321 2559 ac
351 2533 497 2559 senatum
527 2526 746 2566 Venetorum,
778 2527 966 2560 statutarios
996 2533 1025 2560 et

283 2589 393 2612 eorum
415 2580 626 2621 consultores,
643 2580 783 2613 fautores
800 2580 1024 2613 01011111ιο1·οη-

283 2638 328 2666 tes
344 2633 534 2677 praedictos,
547 2634 586 2667 ab
600 2634 943 2669 exconmiunicationis
956 2645 1024 2669 sen·

1053 268 1150 301 tentia
1170 278 1187 300 a
1208 267 1300 300 nobis
1319 267 1349 299 in
1372 266 1482 300 dictis¹
1497 272 1527 300 et
1547 266 1617 299 aliis
1638 265 1795 310 quibusli-

1052 321 1128 354 111101
1159 321 1275 354 litteris
1307 320 1425 354 nostris
1458 326 1569 354 contra
1596 330 1650 354 eos
1676 320 1739 353 lata
1765 325 1795 352 et

1052 375 1270 417 promulgata,
1298 374 1328 407 in
1354 381 1494 418 utroque
1519 374 1588 407 foro
1613 373 1741 418 penitus
1766 379 1797 406 01

1052 428 1186 461 0111111110
1223 428 1414 461 auctoritate
1446 428 1621 472 apostolica
1651 427 1796 460 absolvas

1053 486 1083 514 et
1103 481 1231 521 liberes,
1255 491 1381 514 necnon
1403 481 1654 514 ecclesiasticum
1670 480 1798 513 interdi-

1053 539 1138 567 ctum
1159 534 1360 578 praedictum
1380 534 1545 575 remittas,
1574 534 1666 568 tollas
1693 539 1723 567 et
1740 544 1794 567 re-

1053 588 1159 629 laxes,
1189 598 1225 622 ac
1250 588 1367 622 sanctis
1397 589 1555 623 Ecclesiae
1587 588 1797 622 sacramentis

1053 643 1183 675 eosdem
1205 643 1365 683 restituas,
1390 642 1541 686 imposita
1560 643 1604 676 eis
1625 642 1796 687 poeniten-

1054 696 1106 737 tia,
1121 706 1202 740 quae
1214 696 1269 729 tibi
1284 695 1453 737 videbitur,
1468 696 1611 730 salutari:
1630 707 1688 730 nos
1700 695 1798 737 enim,

1052 750 1211 783 stantibus
1229 749 1425 794 praemissis,
1450 761 1509 794 pro
1530 751 1704 795 praedictis
1729 760 1797 783 om-

1053 804 1148 837 nibus
1166 809 1197 837 et
1213 804 1347 846 singulis
1369 804 1524 838 faciendis
1542 811 1569 838 et
1586 804 1794 848 exequendis,

1053 857 1158 890 eidem
1182 857 1372 891 fraternitati
1394 863 1487 899 tuae,
1510 863 1619 892 tenore
1640 867 1794 902 praesen-

1056 912 1145 952 tium,
1163 912 1276 944 eadem
1290 911 1482 945 auctoritate
1496 912 1685 956 apostolica,
1703 912 1798 945 facul-

1056 970 1149 998 tatem
1173 963 1345 998 tribuimus
1366 971 1395 998 et
1417 965 1632 1009 impertimur.

1098 1021 1115 1062 g
1140 1019 1171 1052 4.
1203 1019 1271 1053 Non
1302 1019 1505 1053 obstantibus
1530 1019 1736 1063 praemissis,
1761 1030 1796 1052 ac

1053 1073 1327 1118 supranominatis
1354 1080 1384 1107 et
1409 1073 1478 1107 aliis
1508 1073 1621 1107 litteris
1655 1073 1793 1113 nostris,

1054 1127 1253 1171 caeterisque
1271 1127 1440 1160 contrariis
1454 1127 1724 1171 quilmscumque.
1742 1127 1799 1159 Vo-

1055 1181 1160 1213 lumus
1181 1186 1287 1213 autem
1317 1180 1404 1224 quod
1431 1190 1488 1224 per
1511 1187 1697 1224 praesentes
1724 1190 1797 1213 nos-

1056 1241 1128 1273 tras,
1153 1245 1189 1267 ac
1208 1245 1267 1278 per
1287 1234 1431 1278 quemvis
1445 1240 1550 1267 actum
1567 1245 1583 1267 a
1598 1234 1797 1267 fraternitate

1056 1291 1108 1322 tua
1123 1316 1131 1330 ,
1153 1288 1305 1321 mandato
1334 1294 1364 1322 et
1385 1289 1577 1322 auctoritate
1599 1289 1716 1322 nostris
1736 1288 1797 1321 1111-

1055 1342 1193 1376 iusmodi
1222 1352 1258 1375 ac
1280 1342 1394 1375 virtute
1415 1343 1645 1386 praesentium,
1660 1353 1798 1387 quomo-

1055 1397 1175 1430 dolibet
1203 1397 1398 1437 faciendum,
1427 1397 1578 1434 libertati,
1603 1397 1798 1430 immunitati

1056 1441 1289 1484 ecclesiasticae
1326 1461 1451 1483 necnon
1492 1449 1614 1484 iuribus
1646 1450 1736 1484 Sedis
1769 1456 1798 1483 et

1055 1504 1209 1538 Gamerae
1234 1504 1436 1548 Apostolicae
1464 1504 1746 1548 quibuscumque,
1771 1510 1801 1537 et

1055 1558 1220 1600 signanter
1236 1558 1510 1591 declarationibus
1527 1557 1681 1590 nullitatis
1703 1564 1732 1590 et
1754 1557 1801 1589 in-

1057 1611 1226 1645 validitatis
1258 1611 1498 1655 praedictarum
1532 1612 1637 1654 legum
1666 1610 1800 1644 anobis

1057 1665 1086 1697 in
1106 1665 1412 1709 praedictislitteris
1427 1665 1516 1698 factis
1530 1671 1558 1698 et
1578 1664 1800 1708 promulgatis,

1057 1729 1182 1752 necnon
1204 1719 1353 1763 capitulis
1374 1725 1404 1752 et.
1433 1718 1701 1752 conventionibus
1727 1729 1799 1751 cum

1058 1773 1157 1806 felicis
1175 1773 1409 1806 recordationis
1423 1772 1502 1806 111110
1516 1773 1539 1806 11
1554 1773 1801 1817 praedecessore

1056 1833 1167 1860 nostro
1199 1838 1234 1860 ac
1259 1827 1426 1871 praedicta
1455 1826 1621 1871 republica
1654 1837 1709 1859 5011
1732 1825 1801 1859 01115

1057 1881 1208 1924 legitimis
1228 1880 1495 1925 procuratoribus
1516 1880 1604 1913 initis
1628 1885 1657 1913 et
1689 1879 1802 1913 iuratis

1057 1935 1109 1968 die
1130 1945 1205 1969 xxlv
1225 1934 1378 1968 februarii
1399 1934 1474 1968 anni
1489 1933 1588 1975 unx2,
1605 1933 1802 1967 etomnibus

1058 1994 1089 2022 01
1108 1989 1242 2032 singulis
1264 1988 1295 2021 in
1321 1988 1366 2022 eis
1395 1987 1564 2028 contentis,
1584 1987 1710 2020 nullum
1731 1997 1801 2020 om-

1057 2043 1134 2077 nino
1155 2042 1393 2087 praeiudicium
1419 2041 1665 2086 quomodolibet
1685 2040 1803 2074 infera-

1060 2102 1128 2130 tur:
1144 2096 1291 2141 quinimo
1313 2107 1329 2129 a
1345 2095 1437 2129 dictis
1451 2094 1734 2135 declarationibus,
1752 2104 1803 2127 ca-

1059 2150 1169 2194 pitulis
1189 2156 1220 2184 et
1240 2149 1518 2189 conventionibus,
1540 2148 1756 2191 omnibusque
1771 2147 1801 2180 in

1060 2204 1097 2238 iis
1115 2204 1274 2237 contentis
1291 2204 1382 2237 nullo
1404 2203 1502 2237 modo
1523 2203 1675 2236 recedere
1697 2202 1801 2234 inten-

1059 2257 1184 2299 dimus,
1205 2263 1261 2291 aut
1280 2257 1325 2291 eis
1346 2257 1377 2290 in
1407 2257 1517 2301 aliquo
1539 2256 1718 2299 derogare,
1747 2255 1803 2288 sed

1059 2311 1144 2344 salva
1161 2321 1289 2355 semper
1302 2321 1371 2345 csse
1383 2317 1413 2344 et
1428 2311 1505 2352 fore,
1522 2319 1626 2353 neque
1640 2309 1717 2342 alias
1730 2318 1803 2352 poc-

1059 2374 1127 2405 nas,
1151 2364 1320 2398 occasione
1348 2363 1603 2408 praemissorum
1626 2362 1665 2395 ab
1686 2361 1732 2395 eis
1753 2361 1802 2394 in-

1060 2428 1187 2460 cursas,
1216 2418 1393 2459 remittere,
1418 2423 1447 2451 et
1476 2417 1519 2450 ita
1547 2416 1752 2451 decernimus
1773 2422 1801 2449 et

1060 2472 1272 2505 declaramus.

1096 2554 1105 2579 1
1130 2552 1277 2588 Pei-peram
1293 2552 1358 2580 edit.
1376 2551 1454 2579 Main.
1478 2551 1542 2586 legit
1561 2550 1682 2578 indictis
1695 2550 1734 2585 (a.
1751 2550 1801 2584 τ.).

1094 2597 1110 2624 2
1130 2597 1195 2624 Acta
1214 2597 1422 2624 conventionum
1440 2595 1592 2623 huiusmodi
1610 2595 1635 2621 in
1654 2595 1730 2622 Rutt.
1749 2602 1801 2621 11011

1058 2643 1236 2677 Ι511111(11.τ.).

1693 207 1757 241 380
1806 216 1855 242 An.
1872 216 1899 243 c.
1926 217 1990 243 1607

1839 1035 1950 1056 Contraria
1960 1036 1997 1056 tol-

1811 1063 1887 1085 tuntur.
