2227 3241
211 263 259 290 An,
273 262 300 289 «3.
327 263 391 290 1607
439 252 502 286 4⁴26

408 310 539 353 antiquo
555 310 627 342 data
648 308 741 341 fuerit
764 307 907 348 refectio,
925 318 994 340 eam
1013 307 1144 351 quidem

408 374 471 396 non
498 361 693 395 intendimus
717 371 774 405 per
802 360 864 394 hoc
894 366 1047 394 statutum
1073 361 1143 395 adi-

409 427 506 456 mere,
528 415 583 448 sed
605 414 647 447 ita
666 413 827 447 moderari
846 414 1008 454 volumus,
1029 419 1064 448 ut
1088 425 1147 459 pro

408 468 541 511 singulis
570 467 727 509 religiosis
755 467 845 501 istius
872 467 1057 501 monasterii
1082 478 1146 501 non

408 522 546 566 amplius
555 532 650 565 quam
667 521 819 555 dimidius
834 521 975 555 ssorenus
985 521 1148 555 Colonien-

408 577 449 609 sis
467 576 531 609 sive
546 575 715 609 duodecim
735 576 797 608 albi
827 575 858 608 in
880 582 1044 620 sumptum
1066 576 1148 609 eius-

410 629 496 662 modi
518 629 700 663 relectionis
721 640 737 662 a
757 622 945 673 parentibus
963 635 1016 662 aut
1037 629 1148 663 amicis

409 683 605 717 monasterio
626 689 858 723 numerentur,

497 737 612 771 Sacrae
640 736 800 779 Religioni
834 735 1031 770 investienda
1060 735 1149 779 virgo

410 790 553 834 posthac,
578 790 699 834 absque
716 789 803 823 omni
825 791 943 833 pompa
963 796 992 823 et
1009 789 1150 834 superbo

410 844 533 885 vestitu,
562 844 682 887 absque
708 843 774 877 ullo
800 842 953 876 comitatu
979 849 1168 891 parentum¹

410 898 455 930 vel
478 897 669 938 amicorum,
694 906 870 940 puerorum
892 896 939 929 vel
959 896 1150 940 puellarum,

410 963 446 985 ex
472 951 546 996 ipsis
571 951 789 995 penetralibus
815 951 1000 984 monasterii
1027 962 1065 984 eo
1089 951 1148 984 ha-

410 1006 489 1045 bitu,
510 1016 574 1049 quo
593 1005 623 1038 in
643 1005 750 1038 schola
770 1004 955 1038 monasterii
982 1004 1152 1038 constituta

412 1059 457 1092 vel
479 1059 556 1092 alias
574 1065 666 1093 antea
688 1058 801 1091 diebus
819 1057 1069 1091 solemnioribus
1087 1068 1154 1091 sue-

412 1117 499 1146 verat
513 1113 551 1146 ad
565 1123 688 1146 sacram
703 1111 969 1145 Communionem
989 1111 1153 1151 accedere,

412 1166 444 1198 in
469 1165 634 1210 publicum
661 1165 823 1198 vestienda
853 1165 1018 1208 procedat;

499 1219 583 1253 Nulli
610 1219 723 1261 virgini
750 1219 901 1261 religioso
926 1218 1036 1252 habitu
1063 1218 1150 1252 inre-

412 1274 567 1314 suendae,
583 1272 882 1316 autprofessionem
904 1272 1058 1313 facturae,
1078 1284 1155 1316 pue-

413 1328 475 1361 ruli
491 1328 558 1361 Iesu
577 1326 778 1370 praeferatur
796 1331 910 1366 statua,
928 1326 981 1359 sed
1000 1326 1067 1359 eius
1084 1326 1154 1359 loco

413 1385 590 1424 exponatur
615 1385 645 1412 et
670 1379 702 1412 in
727 1389 854 1412 summo
879 1379 972 1412 altari
998 1379 1029 1412 in
1056 1390 1152 1413 vene—

414 1434 507 1467 rabili
521 1436 729 1467 Sacramento
744 1433 812 1477 ipse
830 1433 989 1476 virginum
1009 1434 1153 1467 omnium

414 1498 548 1532 sponsus
573 1487 714 1522 Christus
739 1487 910 1527 Dominus,

503 1541 558 1575 Die
577 1551 686 1575 sacrae
707 1540 914 1585 professionis
943 1551 1006 1574 non
1035 1541 1087 1574 alii
1110 1541 1155 1574 in—

416 1596 555 1630 vitentur
572 1596 611 1628 ad
630 1594 823 1635 convivium,
840 1604 937 1638 quam
956 1594 1009 1638 qui
1029 1596 1075 1628 vel
1090 1606 1157 1629 san-

415 1650 522 1693 guine,
536 1649 583 1682 vel
600 1659 727 1682 summo
746 1648 808 1681 alio
828 1647 1072 1682 necessitudinis
1091 1649 1157 1682 vin-

416 1704 500 1744 culo,
529 1702 763 1747 professionem
791 1701 918 1735 edituro
945 1702 991 1734 vel
1012 1701 1156 1736 editurae

417 1757 578 1791 coniuncti
605 1762 688 1797 sunt,
717 1756 772 1800 qui
797 1755 865 1789 sine
891 1757 1000 1800 aperta
1026 1757 1157 1799 ingrati-

419 1811 535 1844 tudinis
561 1813 634 1844 nota
660 1816 690 1844 et
714 1809 801 1852 gravi
826 1809 1004 1843 offensione
1025 1820 1089 1844 non
1111 1810 1157 1843 in-

416 1864 509 1898 vitari
526 1875 590 1897 non
605 1869 754 1907 possunt:
774 1863 834 1896 hac
853 1868 959 1896 tamen
974 1863 1158 1897 conditione

417 1925 452 1951 ut
490 1918 598 1962 plures
634 1927 698 1950 non
737 1916 950 1950 admittantur
983 1916 1133 1950 convivae
1148 1944 1155 1957 ‚

418 1982 514 2016 quam
540 1970 723 2014 duodecim.
749 1970 864 2003 Procul
889 1969 965 2003 hinc
989 1975 1159 2004 arceantur

418 2025 592 2070 exquisitae
618 2024 730 2068 dapes,
759 2024 863 2057 absint
887 2030 1038 2067 argentea
1063 2030 1159 2068 atque

418 2089 514 2112 aurea
538 2089 612 2111 vasa
637 2083 667 2111 et
698 2077 832 2122 pocula:
861 2077 949 2110 nulla
974 2077 1160 2111 admittatur

418 2131 669 2166 instrumentalis
687 2136 741 2164 aut
758 2131 875 2164 vocalis
894 2130 1028 2164 musica:
1053 2131 1159 2164 nullae

419 2187 578 2220 ducantur
602 2185 740 2219 choreae
765 2195 869 2229 neque
883 2185 951 2226 ulli,
967 2184 1157 2219 convinctis¹

419 2240 580 2280 manibus,
601 2239 633 2272 in
651 2239 763 2273 orbem
790 2238 877 2273 ducti
903 2238 1074 2272 circuitus:
1104 2239 1158 2272 sed

419 2294 481 2328 sint
505 2293 642 2336 frugalia
667 2292 794 2333 omnia,
823 2293 863 2326 sit
892 2292 1068 2336 spiritualis
1093 2292 1158 2326 lae-

420 2347 499 2387 titia,
524 2354 554 2381 et
578 2346 610 2379 in
634 2346 699 2380 Deo
724 2345 904 2389 divinisque
921 2345 1092 2389 colloquiis
1109 2356 1177 2382 re-,

420 2401 554 2441 creatio,
576 2405 673 2444 atque
697 2404 770 2433 ante
795 2410 952 2443 vesperaS,
976 2410 1058 2444 quae
1076 2400 1177 2433 ultra<

420 2455 532 2488 horam
559 2454 683 2488 tertiam
711 2458 896 2487 consuetam
922 2463 988 2486 non
1009 2453 1159 2489 differan-

421 2515 483 2550 tur,
508 2507 671 2548 finienda,

508 2561 656 2595 Secundo
682 2565 788 2594 autem
814 2559 882 2601 die,
912 2559 1079 2604 multoque
1104 2559 1160 2592 mi-

458 2635 467 2658 1
493 2631 590 2660 Gattia
607 2632 711 2660 Christ.
737 2632 790 2659 loe.
818 2631 863 2658 cit.
891 2630 974 2658 habet
1004 2630 1162 2658 coniunctis

421 2676 459 2713 (ni
479 2676 527 2713 T.).

991 260 1172 285 BULLMUUM
1195 260 1347 284 [tonanti

1180 319 1238 341 nus
1260 307 1354 341 tertio
1380 313 1434 341 aut
1458 308 1678 352 sequentibus,
1703 308 1808 342 nullus
1833 307 1915 341 ami·

1181 372 1310 402 corum,
1336 361 1524 395 convivandi
1550 363 1666 404 causa,
1692 362 1731 394 ad
1760 367 1920 395 monaste-

1182 414 1264 448 rium
1301 414 1357 448 fiat
1391 425 1559 455 accessus;
1594 425 1653 448 nee
1687 414 1718 447 in
1752 414 1921 449 esculentis

1182 474 1234 502 aut
1252 467 1432 512 poculentis
1452 467 1526 501 novi
1545 467 1644 512 aliqui
1669 468 1701 500 in
1720 468 1922 501 monasteriis

1181 528 1327 565 sumptus
1353 521 1439 562 tiant,
1461 521 1564 554 ullave
1589 520 1732 565 repotia¹
1759 526 1810 554 aut
1830 520 1921 554 anni-

1183 577 1321 608 versaria
1345 574 1554 619 professionis
1574 574 1728 615 convivia3

1272 627 1482 661 prohibemus
1516 627 1611 661 etiam
1645 627 1754 661 omnia
1780 626 1924 661 convivia

1184 681 1303 724 regalia
1328 688 1357 715 et
1382 680 1549 724 reginalia,
1571 691 1629 714 nec
1651 691 1715 714 non
1737 680 1874 725 prandia
1894 686 1924 713 et

1183 740 1329 778 sumptus
1354 734 1408 778 qui
1433 740 1566 778 propter
1599 735 1719 768 similes
1746 745 1922 778 quascum-

1184 799 1246 832 que
1271 798 1383 821 causas
1404 787 1473 820 fieri
1500 794 1530 821 et
1551 787 1673 821 institui
1698 788 1821 827 solent;

1273 840 1303 874 Si
1329 841 1438 884 plures
1463 840 1494 873 in
1521 851 1585 874 uno
1605 846 1700 884 atque
1726 840 1839 874 eodem
1859 850 1925 873 mo-

1185 894 1324 928 nasterio
1355 893 1498 928 eiusdem
1525 906 1636 927 cursus
1671 893 1790 928 fuerint
1814 893 1924 927 novitii

1186 954 1239 982 aut
1264 948 1417 989 novitiae,
1452 947 1490 988 ii,
1525 958 1591 981 non
1616 947 1773 981 distinctis
1799 946 1923 988 diebus,

1186 1003 1240 1036 scd
1261 1013 1323 1035 uno
1341 1008 1436 1046 atque
1451 1002 1563 1036 eodem
1583 1008 1727 1046 tempore
1744 1001 1838 1035 simul
1857 1011 1928 1046 pro-

1188 1056 1355 1090 fessionem
1382 1055 1497 1089 faciant
1514 1084 1521 1097 ,
1550 1061 1579 1089 et
1606 1058 1668 1089 una
1693 1061 1789 1100 atque
1815 1055 1926 1088 eadem

1188 1111 1284 1154 opera
1303 1120 1431 1153 unoque
1453 1114 1581 1153 sumptu
1601 1115 1737 1154 tempus,
1763 1107 1928 1143 molestiae

1189 1169 1218 1197 et
1242 1168 1388 1207 sumptus
1409 1163 1629 1203 redimantur,

1276 1217 1402 1250 Nemini
1428 1216 1628 1259 Religionem
1654 1226 1710 1249 seu
1736 1215 1832 1249 vitam
1859 1226 1928 1249 mo-

1190 1271 1341 1304 nasticam
1379 1271 1520 1315 professo
1554 1276 1607 1304 aut
1642 1270 1804 1314 professae
1836 1269 1930 1303 liceat

1191 1331 1414 1360 testamentum
1447 1325 1607 1366 condere,
1637 1324 1799 1368 peculium
1833 1323 1926 1357 colli-

1190 1391 1275 1424 gere,
1304 1379 1525 1424 superioribus
1551 1379 1597 1412 vel
1625 1378 1695 1411 aliis
1720 1377 1929 1422 quibuscum-

1190 1445 1252 1478 que
1271 1439 1390 1466 certam
1409 1432 1564 1477 pecuniae
1582 1442 1740 1465 summam
1760 1436 1831 1476 post
1850 1442 1931 1465 mor-

1192 1495 1252 1521 tem
1280 1487 1473 1531 relinquere,
1498 1487 1544 1520 vel
1566 1496 1625 1530 pro
1642 1485 1840 1520 solemnibus
1860 1497 1930 1520 exe-

1191 1541 1273 1586 quiis
1291 1547 1345 1574 aut
1362 1551 1420 1585 pro
1434 1539 1550 1573 annuis
1567 1539 1674 1573 obitus
1687 1539 1734 1573 sui
1755 1539 1931 1581 memoriis,

1192 1596 1236 1629 vel
1259 1605 1318 1639 pro
1335 1593 1493 1627 similibus
1511 1593 1625 1634 causis,
1640 1593 1817 1638 quidquam
1832 1593 1931 1638 depu-

1192 1654 1257 1682 tare
1282 1648 1328 1681 vel
1354 1647 1528 1691 assignare.

1279 1701 1318 1736 Ut
1343 1711 1418 1734 vero
1443 1700 1522 1734 haec
1542 1700 1741 1734 sanctissime
1759 1699 1932 1734 constituta

1192 1760 1336 1800 optatum
1353 1754 1528 1788 sortiantur
1545 1753 1706 1794 effectum,
1723 1759 1754 1787 et
1771 1764 1930 1798 nusquam

1193 1807 1278 1840 hisce
1291 1805 1521 1846 sanctionibus,
1538 1805 1685 1849 adeoque
1704 1804 1836 1849 Spiritui
1853 1805 1931 1838 San-

1192 1866 1255 1901 cto,
1283 1859 1490 1904 pertinaciter
1514 1858 1680 1892 resistatur
1710 1859 1860 1902 (praeter
1879 1868 1932 1892 ex-

1193 1912 1522 1948 communicationem
1555 1912 1706 1945 serendae
1730 1911 1907 1946 sententiae
1922 1939 1929 1953 ‚

1193 1978 1289 2013 quam
1311 1972 1425 2001 contra
1443 1966 1669 2010 delinquentes
1686 1965 1835 2007 abbates,
1850 1975 1934 1999 com-

1195 2022 1373 2062 missarios,
1402 2021 1600 2062 visitatores,
1628 2020 1799 2065 praefatos,
1828 2025 1932 2054 recto-

1194 2087 1264 2117 res,
1293 2075 1506 2109 confessarios
1537 2080 1568 2108 et
1600 2073 1679 2108 alios
1711 2084 1933 2119 quoscumque

1194 2129 1403 2163 investitionis
1424 2132 1528 2162 actum
1551 2128 1713 2169 facientes,
1742 2129 1788 2162 vel
1813 2128 1934 2172 profes-

1193 2184 1316 2216 sionem
1343 2182 1547 2227 excipientes,
1575 2181 1721 2216 similiter
1741 2186 1853 2215 contra
1876 2181 1932 2215 ab·

1194 2237 1326 2271 batissas
1340 2264 1347 2278 ,
1376 2236 1543 2279 magistras
1558 2263 1578 2277 ,A
1597 2235 1768 2280 priorissas
1783 2263 1790 2277 ,
1816 2240 1934 2269 matres

1194 2291 1336 2335 aliasque
1353 2289 1646 2324 sanctimonialium
1665 2289 1816 2323 rectrices
1842 2298 1934 2333 prae-

1232 2407 1240 2432 l
1264 2416 1275 2430 ι(
1291 2405 1428 2440 Repotia,
1444 2413 1493 2432 vox
1509 2404 1612 2431 Latinis
1627 2407 1701 2435 nota,
1718 2411 1799 2438 quem
1821 2403 1934 2439 quidam

1194 2459 1208 2477 a
1228 2449 1429 2477 recentioribus
1450 2449 1649 2476 transtulerunt
1669 2448 1701 2475 ad
1718 2448 1840 2474 convivia
1862 2456 1935 2483 quae

1195 2496 1219 2522 in
1249 2494 1391 2521 nonnullis
1419 2493 1554 2527 religiosis
1581 2492 1733 2520 Ordinibus
1759 2492 1935 2519 celebrantur

1195 2543 1354 2566 recurrente
1380 2537 1561 2573 professionis
1590 2537 1644 2572 die,
1671 2544 1744 2564 anno
1771 2536 1934 2571 praesertim

1194 2583 1436 2620 quinquagesimo,
1452 2591 1533 2618 quem
1549 2581 1700 2610 lubilaeum
1729 2585 1825 2608 vocant
1837 2590 1864 2608 n.
1894 2581 1935 2608 Ita

1195 2630 1341 2663 Ducange‚
1362 2627 1409 2663 qui
1429 2627 1529 2654 deinde
1548 2626 1612 2653 citat
1631 2625 1665 2652 ad
1685 2625 1840 2662 exemplum
1860 2625 1935 2653 hunc

1195 2673 1287 2709 ipsum
1301 2673 1393 2701 locum
1412 2670 1611 2708 archiepiscopi
1630 2669 1799 2698 Coloniensis
1814 2670 1854 2708 (n.
1870 2668 1918 2706 τι).

1937 259 1986 286 An.
1997 257 2026 286 C.
2050 257 2116 287 1607
