2227 3241
262 269 308 295 An.
327 268 357 295 C.
376 268 443 297 1603

305 2377 423 2398 timi-dnum.

295 2685 376 2707 Causae
388 2686 466 2707 sacien-

489 259 530 293 58

1027 271 1204 298 BULLARIUM
1228 273 1380 300 ROMANUM

1985 278 2033 307 An.
2050 278 2081 307 C.
2101 278 2168 307 1603

462 317 615 352 nantulae
635 317 828 363 illarumque
847 317 1018 351 comitatus
1033 323 1063 352 ct
1076 318 1201 354 distric-
1238 321 1332 356 totius
1345 322 1465 365 ltaliae,
1486 324 1684 369 caeterisque
1698 325 1906 361 cismontanis
1919 338 1967 362 re·
1983 341 2024 370 aaa
2049 340 2168 363 transtatio-

462 376 511 404 tus
527 370 703 410 existentia,
727 369 819 403 salvis
840 370 1037 414 praemissis,
1058 372 1201 406 declara-

463 434 544 464 mus,
564 428 750 467 praesentes
763 423 885 457 litteras
905 424 1014 458 inillis
1035 425 1202 461 dumtaxat

462 476 566 516 bonis,
597 481 684 509 extra
710 476 780 509 loca
800 476 966 520 praedicta
993 478 1202 515 existentibus

463 530 569 562 locum
583 528 714 569 habere,
731 536 763 562 et
779 530 886 573 quoad
901 530 955 564 illa
974 534 1202 575 tantummodo

464 582 597 622 civibus,
628 581 743 615 incolis
771 587 801 615 et
830 583 981 627 personis
1008 585 1203 629 supradictis

463 635 632 677 suffragari
646 635 775 677 debere,
792 647 875 680 quae
893 637 1046 671 nimirum
1061 649 1121 683 per
1134 650 1200 681 eOS,

464 693 609 731 tempore
624 688 778 722 initorum
794 690 1010 734 capitulorum
1025 698 1055 725 et
1067 702 1204 727 conven—

463 740 587 774 tionum
608 741 691 774 inter
710 742 841 775 Petrum
863 744 1060 778 cardinalem
1080 751 1110 779 et
1130 746 1205 780 Cae-

463 803 568 827 sarem
583 793 699 828 ducem
712 795 909 838 praedictos,
922 798 1081 841 acquisita
1095 804 1125 832 et
1136 810 1206 844 pos-

463 856 549 880 sessa
568 847 828 891 reperiebantur,
856 855 911 883 aut
935 850 1031 884 etiam
1059 858 1132 896 post
1155 863 1206 886 ca-

463 899 692 943 pitulationem
712 901 827 945 ipsam,
850 903 906 937 seb
930 904 969 937 ab
995 904 1064 938 aliis
1085 905 1206 940 civibus

464 952 580 987 incolis
605 959 636 987 et
654 955 802 998 personis
826 956 962 991 civitatis
986 958 1124 993 Mutinae
1143 965 1206 992 ter-

464 1015 585 1050 raeque
593 1006 795 1042 Nonantulae
807 1020 986 1055 eorumque
997 1012 1206 1046 comitatuum

466 1065 497 1093 et
516 1059 718 1095 districtuum
739 1074 812 1096 cum
834 1064 949 1098 effectu
969 1066 1125 1110 acquisita
1142 1068 1208 1101 fue-

465 1115 545 1149 rint:
577 1126 641 1160 quo
670 1127 746 1150 vero
767 1117 807 1150 ad
827 1117 881 1151 illa
900 1118 998 1160 bona,
1029 1126 1117 1154 extra
1137 1121 1208 1155 loca

465 1170 632 1214 praedicta
643 1170 820 1212 existentia,
831 1182 913 1216 quae
924 1184 983 1218 per
997 1174 1098 1208 dictos
1112 1174 1204 1217 cives,

466 1224 587 1259 incolas
608 1231 639 1258 et
665 1236 819 1269 personas
843 1233 916 1270 post
944 1229 1207 1272 capitulationem

466 1278 665 1322 praedictam
686 1280 725 1312 ab
747 1280 863 1313 exteris
887 1281 1044 1324 acquisita
1064 1283 1205 1325 fuerunt,

467 1333 551 1376 ipsas
568 1339 754 1377 praesentes
768 1334 891 1368 litteras
905 1336 1054 1369 effectum
1067 1337 1208 1372 ‚minime

467 1386 576 1420 sortiri
597 1387 714 1421 debere
736 1388 951 1423 decernimus.

512 1440 627 1473 Datum
654 1441 774 1475 Romae
799 1444 884 1487 apud
909 1451 1054 1479 sanctum
1079 1446 1208 1480 Petrum

470 1494 590 1528 annulo
610 1494 793 1537 Piscatoris,
817 1496 868 1530 die
881 1508 940 1531 xxx
951 1499 1075 1532 octobr.
1092 1510 1206 1543 MDctll,

470 1548 678 1592 pontificatus
697 1549 799 1583 nostri
820 1560 904 1584 anno
926 1561 979 1585 ΧΠ.

506 1611 567 1639 Dat.
584 1612 627 1639 die
642 1612 677 1640 30
692 1612 795 1640 octobr.
814 1613 892 1647 1603,
909 1622 952 1641 an.
970 1619 1044 1650 pont.
1062 1623 1106 1643 xii.

742 1774 940 1809 CCCXXXIII.

479 1876 504 1908 T
503 1875 663 1909 rctnslatz'o
692 1877 797 1909 oneris
822 1877 995 1909 missarum
1018 1887 1056 1910 ea:
1084 1878 1213 1921 piorum

518 1929 775 1972 dispositionibus
798 1930 835 1961 in
859 1931 1066 1963 monasteriis
1090 1931 1214 1964 monia-

519 1982 598 2014 lium
622 1982 677 2014 suli
702 1983 859 2025 regyime'ne
882 1984 1023 2026 fratrum
1049 1983 1214 2017 Minorum

518 2036 624 2068 saneti
650 2035 820 2068 Francisci
847 2036 884 2069 cle
909 2035 1117 2070 Observantur&
1142 2038 1214 2070 ewi-

518 2089 666 2121 strnlium
700 2088 968 2122 celebrandarum
999 2090 1043 2123 ad
1076 2090 1142 2124 loca
1169 2101 1215 2124 eo-

519 2142 665 2174 rumdem
689 2142 840 2183 fratrum.

654 2227 809 2258 Clemens
829 2228 921 2270 Papa
942 2228 1034 2265 vm,

600 2289 636 2315 ad
656 2290 831 2321 perpetuam
850 2287 894 2315 roi
914 2288 1094 2315 memoriam.

520 2361 563 2394 Ex
588 2360 697 2394 debito
722 2360 890 2404 pastoralis
911 2359 1019 2401 officii,
1043 2360 1216 2406 cuidispo-

477 2420 573 2447 nente
597 2414 745 2454 Domino,
770 2413 892 2446 meritis
917 2413 991 2446 licet
1015 2414 1212 2458 imparibus,

478 2467 710 2511 praesidemus,
734 2467 774 2500 ad
792 2478 829 2500 ea
849 2467 987 2501 libenter
1003 2467 1213 2509 intendimus,

479 2531 560 2564 quac
579 2521 616 2553 :ul
632 2520 839 2563 Regularium
865 2531 1077 2564 personarum
1099 2527 1215 2555 statum

480 2580 510 2607 et
522 2574 674 2617 quietem,
692 2585 727 2607 ac
741 2574 942 2618 spiritualem
962 2574 1215 2608 consolationem

480 2626 641 2669 pertinere
662 2626 890 2670 dignoscimus.

526 2680 542 2721 g
569 2679 599 2712 rl.
626 2680 729 2721 Sane,
757 2680 841 2715 sicut
866 2681 1059 2726 accepimus,
1088 2691 1159 2715 cum
1185 2680 1217 2714 in

1235 375 1396 418 gionibus,
1424 382 1453 410 et
1471 378 1661 422 praesertim
1687 378 1718 412 in
1743 379 1844 414 Gallia
1872 380 1966 414 cisal-
1984 373 2023 389 '²¹⁵'

1235 429 1320 473 pina,
1356 430 1496 474 plurima
1531 431 1824 466 sanctimonialium
1853 443 1969 468 mona-

1236 482 1331 515 steria
1349 483 1421 527 (sub
1443 495 1531 526 cura,
1553 485 1712 528 regimine
1725 490 1757 520 et
1773 486 1974 521 correctione

1237 536 1428 570 dilectorum
1462 537 1605 572 filiorum
1641 540 1777 574 fratrum
1815 540 1973 574 Minorum

1237 590 1337 623 sancti
1362 590 1522 625 Francisci
1548 593 1586 626 de
1610 593 1819 627 Observantia
1841 604 1971 628 nuncu-

1237 643 1402 686 patorum)
1422 645 1637 688 reperiantur,
1661 646 1777 691 quibus
1801 647 1973 692 quamplu-

1238 695 1319 728 rima
1332 696 1500 731 missarum
1519 709 1619 732 onera
1643 710 1679 733 ex
1693 699 1825 734 diversis
1845 700 1973 744 piorum

1239 748 1505 793 dispositionibus
1544 757 1575 785 et
1609 752 1722 795 legatis
1758 752 1972 794 incumbunt,

1240 812 1322 846 quae
1358 813 1430 836 cum
1455 813 1513 847 per
1537 804 1649 839 fratres
1681 805 1824 840 eiusdem
1850 805 1977 840 Ordinis

1241 855 1272 888 in
1293 855 1434 889 ecclesiis
1452 857 1641 892 monialium
1663 859 1819 893 celebrari
1840 859 1974 901 soleant,

1241 909 1316 943 hinc
1341 909 1377 943 sit
1396 915 1430 943 ut
1456 920 1520 944 non
1546 911 1650 945 solum
1671 912 1825 946 ecclesiae
1842 913 1975 946 fratrum

1242 962 1351 996 debito
1371 963 1501 997 servitio
1526 964 1697 999 destitutae
1721 965 1848 1010 saepius
1871 976 1977 999 rema-

1242 1021 1348 1058 neant,
1376 1017 1431 1050 sed
1457 1018 1570 1052 fratres
1594 1018 1653 1062 ipsi
1685 1019 1800 1053 exinde
1823 1030 1881 1064 per
1905 1019 1980 1053 civi-

1243 1075 1321 1104 tates
1334 1081 1406 1104 cum
1421 1072 1635 1106 saecularium
1653 1073 1804 1107 scandalo
1830 1073 1976 1117 vagandi,

1242 1135 1368 1159 necnon
1405 1136 1478 1159 cum
1518 1126 1638 1160 eisdem
1681 1126 1980 1160 sanctimonialibus

1243 1179 1344 1221 magis
1365 1180 1558 1223 frequenter,
1580 1185 1610 1213 et
1630 1180 1775 1213 crebrius
1802 1190 1898 1224 quam
1925 1180 1992 1214 de-¹

1243 1239 1325 1273 ceat,
1354 1232 1566 1266 conversandi
1592 1233 1794 1266 occasionem
1820 1239 1966 1273 sumant;

1289 1289 1304 1329 g
1330 1286 1359 1319 ⁶2.
1389 1286 1509 1325 Quibus
1534 1286 1697 1328 omnibus,
1724 1292 1880 1330 quantum
1906 1297 1978 1321 cum
2022 1298 2179 1330 ’sensiam-e

1242 1340 1378 1374 Domino
1392 1349 1574 1384 possumus,
1592 1349 1762 1373 occurrere
1774 1340 1928 1382 volentes,
1944 1352 1982 1376 ex
1996 1331 2037 1353 ‘¹⁰²
2051 1331 2072 1346 ¹¹¹
2087 1324 2180 1363 ‘'mrim''

1245 1393 1475 1427 venerabilium
1491 1394 1625 1427 fratrum
1646 1398 1831 1427 nostrorum
1846 1394 1876 1428 S.
1892 1395 1929 1428 R.
1945 1396 1978 1430 E.

1244 1447 1456 1482 cardinalium
1474 1447 1739 1490 Congregationis
1756 1447 1983 1492 episcoporum

1245 1508 1275 1536 et
1306 1501 1503 1544 regularium
1536 1505 1629 1541 voto,
1664 1511 1761 1535 onera
1797 1501 1985 1536 huiusmodi

1246 1555 1415 1588 missarum
1435 1554 1474 1587 ab
1493 1554 1635 1588 ecclesiis
1648 1554 1782 1597 singulis
1795 1554 1986 1589 monialium

1245 1609 1277 1642 in
1304 1608 1456 1642 ecclesias
1479 1608 1616 1641 fratrum
1637 1607 1782 1642 eiusdem
1797 1608 1936 1650 Ordinis,
1953 1608 1985 1643 in

1246 1662 1325 1696 locis
1346 1661 1466 1695 eisdem
1491 1661 1668 1706 respective
1689 1662 1909 1704 existentibus,
1930 1673 1986 1697 au-

1246 1715 1393 1750 ctoritate
1417 1715 1606 1760 apostolica,
1623 1720 1734 1749 tenore
1750 1715 1982 1761 praesentium,

1247 1769 1477 1803 transferimus.

1291 1824 1306 1867 ἓ
1330 1822 1360 1856 3.
1393 1823 1549 1857 Volumus
1586 1828 1711 1865 tamen,
1739 1828 1774 1858 ut
1796 1829 1986 1859 remaneant
2000 1830 2185 1881 'amutfflat-eg

1248 1877 1323 1922 ipsis
1348 1877 1551 1911 monasteriis
1576 1876 1766 1910 monialium
1792 1887 1904 1912 omnes
1928 1888 1985 1912 an·
2000 1885 2185 1934 ”⁹3²⁰‘12‘iss22'ff

1249 1941 1330 1965 nuae
1354 1936 1530 1975 perpetuae
1554 1940 1610 1963 seu
1635 1931 1828 1974 temporales
1844 1936 1987 1975 praesta·
2000 1918 2049 1961 iiim
2059 1917 2186 1961 ιιῗαῗιυαιοὲι.

1249 1985 1372 2025 tiones,
1399 1985 1523 2027 legata,
1552 1984 1698 2017 redditus
1718 1994 1755 2018 ac
1771 1984 1857 2018 bona
1882 1995 1984 2029 quae-

1249 2048 1407 2083 cumque,
1445 2047 1506 2082 pro
1541 2037 1634 2071 dictis
1660 2037 1814 2071 oneribus
1834 2037 1908 2071 data
1932 2047 1988 2071 seu

1250 2092 1382 2133 relicta,
1419 2097 1474 2125 aut
1509 2091 1720 2136 imposterum
1750 2091 1986 2136 relinquenda,

1249 2147 1292 2180 ita
1312 2152 1348 2180 ut
1371 2145 1528 2180 moniales
1549 2155 1613 2179 non
1634 2150 1807 2179 teneantur
1825 2145 1892 2180 ullo
1912 2155 1986 2179 um-

1251 2210 1346 2245 quam
1361 2205 1509 2244 tempore
1522 2199 1646 2233 solvere
1666 2199 1830 2240 fratribus,
1852 2209 1913 2232 nec
1930 2199 1989 2243 ipsi

1251 2255 1363 2287 fratres
1388 2252 1533 2297 recipere
1553 2252 1678 2297 possint
1693 2262 1753 2296 pro
1773 2251 1990 2286 celebratione

1251 2307 1418 2340 missarum
1433 2333 1440 2347 ,
1471 2305 1534 2339 nisi
1562 2305 1595 2339 id
1623 2305 1711 2349 quod
1736 2304 1804 2338 dari
1824 2305 1906 2339 solet.
1928 2315 1989 2349 pro

1250 2359 1391 2403 regionis
1411 2365 1442 2393 et
1461 2358 1617 2403 cuiusque
1630 2358 1692 2392 loci
1707 2367 1797 2391 more
1810 2363 1841 2391 et
1854 2368 1989 2392 consue-

1252 2413 1362 2448 tudine
1398 2424 1458 2458 pro
1493 2413 1693 2456 eleemosyna
1717 2411 1813 2445 unius
1837 2412 1886 2445 vel
1911 2412 1986 2456 plu-

1251 2468 1335 2501 rium
1360 2467 1536 2511 respective
1560 2466 1740 2500 missarum.

1296 2522 1311 2566 g
1330 2521 1361 2554 4.
1384 2521 1604 2564 volumusque
1624 2519 1719 2553 etiam
1740 2524 1775 2553 ut
1793 2529 1852 2564 pro
1865 2519 1989 2553 monia·
2004 2525 2189 2573 saffiffffit‘ffi’lss

1251 2574 1329 2607 lium
1351 2573 1479 2607 servitio
1505 2573 1536 2605 in
1562 2571 1765 2606 monasteriis
1779 2599 1786 2613 ,
1815 2572 1847 2605 in
1872 2573 1989 2617 quibus
2003 2578 2080 2626 5313&
2093 2578 2190 2626 ⁰33⁰&ss

1251 2637 1423 2661 numerum
1451 2625 1635 2669 octuaginta
1667 2625 1847 2666 excedunt,
1875 2625 1990 2660 missae
2004 2611 2188 2653 celebrandaium-

1252 2681 1333 2715 duae
1346 2680 1378 2714 in
1393 2679 1506 2715 diebus
1523 2678 1652 2720 feriatis,
1666 2683 1728 2713 tres
1741 2688 1816 2713 vero
1830 2678 1863 2713 in
1877 2678 1990 2713 diebus
