2227 3241
43 266 91 293 iiii.
103 264 130 292 C.
152 263 225 291 1605

91 1983 153 2005 Fides
173 1987 229 2006 tran-

51 2014 181 2038 sumptorum.

88 2569 173 2591 Sanctio
187 2577 236 2597 poe-

56 2596 113 2618 mli·v

894 262 1009 289 PAULt's
1030 264 1049 288 V
1070 265 1116 289 i’i’.

239 313 419 357 sedemque
444 319 473 347 et
498 314 663 348 Cameram
689 313 891 358 praedictas,
919 313 978 346 sub

239 366 499 412 quibuscumque
528 367 693 401 tenoribus
723 373 754 401 et
782 367 914 408 formis,
943 377 979 400 ac

240 431 312 454 cum
330 421 494 465 quibusvis
511 421 607 455 etiam
626 421 903 465 derogatoriarum
926 421 980 454 de-

239 475 420 517 rogatoiiis,
445 475 579 519 aliisque
600 474 834 509 efficacioribus
852 479 882 508 et
895 473 980 507 inso-

240 527 303 561 litis
316 528 478 570 clausulis,
495 539 621 562 necnon
640 528 840 562 irritantibus
860 533 891 561 et
911 527 980 560 aliis

240 580 389 623 decretis,
411 581 506 615 etiam
527 582 589 614 vim
611 587 794 615 contractus
812 581 872 614 rite
889 586 920 614 et
936 581 981 614 le-

240 634 351 677 gitime
371 635 514 679 stipulati
535 635 729 669 habentibus
748 646 804 669 seu
826 634 981 668 inducen-

240 688 335 730 tibus,
360 689 454 723 etiam
476 696 577 731 motu,
605 690 737 724 scientia
762 696 792 723 et
815 689 981 733 petestatis

240 742 441 786 plenitudine
458 743 628 785 similibus,
644 743 739 777 etiam
753 742 981 777 consistoriali-

240 801 299 837 ter,
316 802 347 830 et
363 796 441 830 alias
455 797 701 841 quomodolibet
714 797 885 838 concessis,
906 807 982 830 con-

240 849 377 884 firmatis
407 857 439 885 et
468 851 636 886 innovatis.
665 851 785 892 Quibus
810 851 979 892 omnibus,

241 903 336 936 etiam
361 904 387 937 si
407 904 446 938 de
471 904 534 938 illis
554 915 734 949 eorumque
759 905 832 939 totis
857 904 979 938 tenori-

239 956 308 999 bus,
326 958 483 1002 specialis,
504 958 666 1003 specifica,
684 969 832 1003 expressa
850 964 880 992 et
900 958 983 992 indi-

239 1011 336 1045 vidua
360 1022 397 1045 ac
414 1012 454 1046 de
478 1013 576 1046 verbo
596 1013 636 1047 ad
656 1014 789 1046 verbum
803 1040 810 1054 ,
834 1023 900 1046 non
920 1023 979 1046 au-

240 1071 304 1098 tem
322 1076 380 1110 per
400 1066 558 1101 clausulas
571 1067 737 1110 generales
757 1067 842 1101 idem
861 1067 984 1111 impor-

242 1124 355 1160 tantes,
381 1120 500 1154 mentio
517 1131 574 1154 seu
591 1121 721 1165 quaevis
741 1120 804 1154 alia
822 1121 983 1165 expressio

239 1171 388 1206 habenda
415 1178 469 1206 aut
487 1173 594 1218 aliqua
618 1174 680 1207 alia
700 1173 860 1218 exquisita
879 1174 984 1207 forma

239 1226 279 1259 ad
291 1226 353 1259 hoc
366 1227 522 1260 servanda
535 1228 629 1267 foret,
643 1233 771 1261 tenores
782 1227 980 1268 huiusmodi,

240 1290 276 1312 ac
297 1279 322 1313 si
344 1281 383 1314 de
404 1281 502 1314 verbo
528 1281 568 1314 ad
589 1281 734 1322 verbum,
755 1280 835 1313 niliil
857 1280 984 1324 penitus

240 1333 371 1375 omisso,
388 1340 420 1367 et
434 1335 537 1368 forma
552 1335 583 1368 in
602 1335 664 1368 illis
683 1335 800 1368 tradita
821 1340 851 1368 et
872 1335 983 1368 obser-

240 1389 321 1428 vata,
345 1387 456 1421 inserti
479 1388 593 1429 forent,
618 1388 842 1432 praesentibus
855 1399 915 1432 pro
929 1399 983 1422 ex-

241 1440 359 1484 pressis
379 1441 547 1482 habentes,
565 1442 627 1475 illis
648 1442 725 1475 alias
746 1442 776 1475 in
794 1453 852 1476 suo
866 1442 984 1476 robore

241 1495 478 1538 permansuris,
502 1495 562 1529 hac
586 1495 653 1529 vice
678 1496 844 1529 dumtaxat
868 1496 982 1529 liarum

241 1548 323 1582 serie
343 1548 525 1593 specialiter
549 1554 580 1583 et
605 1560 753 1594 expresse
774 1550 980 1592 derogamus,

243 1602 442 1647 caeterisque
454 1603 626 1636 contrariis
638 1603 898 1648 quibuscumque
909 1615 915 1644 3
931 1609 986 1637 aut

242 1656 267 1689 si
293 1656 454 1701 aliquibus
479 1657 699 1691 communiter
719 1663 774 1691 aut
798 1657 923 1691 divisim
945 1658 984 1690 ab

242 1709 354 1744 eadem
375 1710 415 1744 sit
434 1710 516 1744 Sede
536 1711 696 1744 indultum
718 1711 805 1755 quod
823 1711 982 1752 interdici,

241 1763 394 1808 suspendi
413 1764 462 1797 vel
481 1764 755 1798 excommunicari
777 1775 842 1798 non
862 1764 987 1809 possint

242 1827 299 1860 pei·
312 1816 434 1850 litteras
450 1817 643 1861 apostolicas
670 1827 736 1851 non
754 1818 907 1852 facientes
920 1818 987 1863 ple-

243 1881 317 1904 nam
339 1876 369 1904 et
389 1881 571 1915 expressam
599 1882 635 1905 ac
665 1872 705 1905 de
735 1872 832 1906 verbo
854 1872 894 1906 ad
912 1884 983 1906 rer-

244 1924 320 1959 bum
347 1925 386 1958 de
411 1925 536 1959 indulto
562 1926 748 1960 huiusmodi
773 1926 983 1960 mentionem.

289 1981 305 2022 ξ
325 1978 378 2013 10.
396 1980 550 2014 Volumus
567 1987 673 2014 autem
689 1981 776 2025 quod
798 1982 985 2016 earumdem

243 2033 460 2078 praesentium
484 2034 709 2078 transumptis,
737 2045 794 2068 seu
819 2036 984 2079 exemplis,

245 2087 341 2121 etiam
367 2087 550 2131 impressis,
579 2098 675 2121 manu
701 2088 837 2122 alicuius
869 2089 987 2122 notarii

244 2141 365 2184 publici
375 2141 575 2186 subscriptis,
587 2148 617 2175 et
626 2141 734 2185 sigillo
742 2142 898 2186 praedicti
911 2143 989 2176 vice-

245 2194 428 2228 cancellarii
449 2205 506 2228 seu
528 2196 679 2238 regentis,
697 2202 752 2229 aut
765 2196 897 2230 alterius
916 2207 988 2240 per-

245 2258 343 2282 sonae
365 2247 397 2280 in
423 2248 578 2291 dignitate
596 2248 811 2282 ecclesiastica
832 2249 987 2283 constitu·

247 2307 307 2343 tae,
325 2301 372 2335 vel
389 2302 533 2336 Romane
553 2302 665 2336 Curiae
686 2303 820 2346 praelati
842 2302 985 2343 munitis,

248 2355 359 2389 eadem
375 2366 507 2399 prorsus
522 2355 612 2397 fides,
631 2361 694 2389 tam
711 2356 742 2389 in
757 2356 877 2390 iudicio
892 2367 987 2400 quam

248 2413 347 2448 extra,
365 2409 486 2452 ubique
506 2409 708 2449 adhibeatur,
729 2420 811 2453 quae
830 2409 906 2453 ipsis
926 2409 990 2442 ori-

249 2461 409 2503 ginalibus
426 2462 645 2503 adhiberetur,
670 2463 694 2495 si
714 2464 818 2496 forent
832 2463 990 2496 exhibitae

250 2515 298 2548 vel
320 2521 476 2549 ostensae.

295 2570 312 2611 ξ
330 2568 382 2602 ll.
406 2569 491 2603 Nulli
512 2580 590 2613 ergo
611 2570 744 2604 omnino
765 2569 933 2603 lioniinuiii
955 2569 992 2602 li-

253 2627 322 2655 ceat
341 2621 422 2656 hanc
436 2623 598 2666 paginam,
616 2630 674 2657 etc.
691 2623 795 2666 Siquis
810 2629 915 2657 autem
932 2622 992 2656 lioc

254 2680 423 2716 attentare,
448 2683 506 2709 cte.

1056 314 1170 347 Datum
1192 314 1312 347 Romae
1333 312 1417 356 apud
1438 312 1468 346 S.
1493 311 1621 345 Petrum
1636 338 1643 351 ,
1667 320 1752 344 anno

1012 367 1245 401 Incarnationis
1269 367 1454 400 Dominieae
1477 375 1583 407 MDCV,
1608 364 1753 399 kalendis

1014 418 1092 461 iulii,
1113 420 1318 463 pontificatus
1339 420 1439 453 nostri
1461 429 1545 453 anno
1567 429 1587 452 i.

1049 481 1107 508 Dat.
1130 482 1172 508 die
1193 483 1204 508 1
1229 482 1284 509 iulii
1310 482 1388 517 1605,
1411 491 1454 509 an.
1477 481 1570 518 pontif.
1593 488 1609 508 i.

1367 644 1400 676 V.

1016 740 1152 773 Indttlta
1186 745 1215 773 et
1245 740 1423 785 prirt'leqi’a
1456 751 1516 784 pro
1552 740 1757 774 conclavistis

1056 799 1295 838 postremorum
1319 794 1537 831 conclavium,
1560 795 1595 827 in
1620 805 1758 839 quorum

1056 848 1165 891 primo
1186 847 1246 882 Leo
1267 848 1320 882 XI
1335 853 1362 881 et
1380 848 1414 881 i'n
1435 847 1573 883 secundo
1586 847 1715 882 Paulus
1735 847 1761 881 V

1060 901 1152 934 electi
1170 903 1259 945 ficere
1273 901 1291 934 ¹.

1242 1018 1354 1046 Paulus
1376 1017 1538 1052 Episcopus

1208 1080 1314 1100 servus
1331 1079 1485 1100 servorum
1500 1071 1567 1106 Dei,

1136 1127 1178 1154 Ad
1198 1130 1373 1161 perpetuam
1393 1127 1437 1155 rei
1456 1126 1637 1155 memoriam.

1061 1225 1242 1259 Romanum
1270 1225 1362 1259 decet
1386 1225 1576 1259 Pontificem
1592 1252 1599 1265 ,
1623 1230 1656 1258 ut
1683 1235 1759 1267 erga

1017 1289 1169 1323 personas
1191 1279 1229 1312 de
1250 1289 1283 1312 se
1301 1289 1337 1312 ac
1357 1278 1438 1312 Sede
1456 1278 1639 1322 Apostolica
1659 1277 1758 1311 bene—

1018 1333 1149 1366 meritas
1169 1343 1202 1366 se
1221 1332 1409 1365 munificum
1432 1332 1580 1365 exhibeat
1598 1337 1628 1365 et
1644 1324 1760 1364 liberass

1018 1386 1092 1427 lem,
1114 1396 1232 1430 easque
1246 1386 1286 1419 ad
1307 1386 1437 1419 altiores
1458 1385 1620 1419 honorum
1641 1385 1760 1428 gradus

1019 1439 1132 1473 evehat
1150 1440 1329 1479 etattollat‚
1344 1449 1424 1483 quas
1438 1438 1652 1483 amplioribus
1669 1438 1760 1471 obse-

1018 1494 1101 1538 quiis
1121 1500 1152 1527 et
1170 1493 1292 1527 meritis
1312 1494 1479 1526 decoratas
1499 1492 1654 1536 agnoscit.

1063 1549 1079 1590 g
1100 1547 1130 1580 l.
1158 1547 1238 1581 Hinc
1260 1553 1307 1581 est
1326 1547 1414 1591 quod
1438 1557 1497 1580 nos
1521 1547 1663 1580 volentes
1684 1546 1763 1580 dile—

1019 1607 1085 1635 ctos
1097 1601 1180 1634 filios
1194 1601 1416 1644 infrascriptos
1431 1599 1650 1641 conclavistas‚
1664 1600 1719 1645 qui
1731 1600 1762 1634 in

1019 1654 1175 1695 conclavi,
1193 1655 1225 1687 iii
1240 1665 1304 1699 quo
1323 1654 1430 1688 divina
1448 1655 1571 1688 favente
1592 1654 1763 1688 clementia

1019 1709 1057 1742 ad
1080 1708 1199 1742 summi
1228 1708 1427 1752 apostolatus
1451 1707 1576 1752 apicem
1606 1707 1763 1751 assumpti

1021 1762 1150 1803 fuimus,
1167 1763 1260 1796 nobis
1274 1768 1303 1795 et
1322 1762 1473 1795 fratribus
1490 1761 1608 1795 nostris
1626 1761 1656 1795 S.
1674 1761 1709 1795 R.
1727 1761 1760 1794 Ε.

1021 1816 1239 1850 cardinalibus
1258 1816 1305 1850 uti
1333 1815 1506 1849 familiares
1532 1814 1765 1849 commensales

1021 1870 1224 1903 inserviendo
1243 1869 1471 1910 interfuerunt,
1495 1879 1615 1913 eosque
1637 1868 1692 1912 qui
1713 1868 1761 1901 la-

1022 1924 1136 1958 borum
1160 1929 1190 1957 et
1210 1923 1493 1957 incommodorum
1512 1922 1683 1966 participes
1698 1922 1765 1955 sue-

1021 1984 1107 2019 runt,
1124 1977 1336 2022 amplioribus
1350 1976 1445 2010 etiam
1458 1976 1617 2009 honorum
1632 1985 1764 2020 praero-

1022 2032 1133 2075 gativis
1147 2042 1206 2076 pro
1221 2031 1375 2075 cuiusque
1392 2030 1508 2063 merito
1522 2030 1760 2065 condecorare:

1066 2088 1082 2127 g
1108 2085 1138 2118 ⁹2.
1166 2085 1319 2129 Ipsosque
1346 2082 1556 2117 conclaristas
1587 2088 1619 2116 et
1650 2092 1762 2116 eorum

1022 2139 1165 2182 singulos
1191 2139 1229 2171 ab
1258 2138 1408 2172 omnibus
1426 2143 1455 2171 et
1476 2136 1610 2179 singulis
1630 2146 1760 2170 excom-

1023 2192 1262 2233 municationis,
1285 2191 1505 2236 suspensionis
1532 2196 1563 2224 et
1589 2190 1761 2230 interdicti,

1023 2247 1158 2290 aliisque
1179 2245 1404 2279 ecclesiasticis
1424 2243 1601 2284 sententiis,
1623 2243 1766 2276 censuris

1023 2305 1053 2332 et
1082 2299 1195 2343 poenis
1216 2310 1233 2332 a
1255 2298 1322 2332 iure
1348 2298 1394 2331 vel
1417 2298 1455 2331 ab
1477 2297 1608 2330 homine
1624 2323 1631 2337 ‚
1655 2296 1766 2340 quavis

1023 2352 1193 2386 occasione
1212 2352 1259 2385 vel
1281 2354 1375 2385 caiisa
1401 2351 1483 2391 latis,
1507 2350 1532 2383 si
1554 2349 1670 2393 quibus
1687 2359 1767 2393 quo-

1025 2405 1202 2440 modolibet
1223 2405 1365 2439 innodati
1392 2405 1546 2445 existunt,
1570 2403 1665 2437 etiam
1687 2403 1712 2436 si
1734 2403 1765 2435 in

1025 2461 1086 2494 illis
1107 2471 1298 2505 perannum
1318 2460 1507 2492 continuum
1531 2457 1762 2497 insorducrint,

1063 2551 1071 2577 l
1096 2550 1203 2577 Similes
1222 2549 1322 2585 gratias
1338 2549 1452 2584 quisque
1469 2548 1588 2575 Pontifex
1605 2547 1713 2583 elargiri
1725 2555 1767 2574 so·

1026 2595 1072 2629 let,
1087 2595 1133 2621 sed
1149 2595 1218 2621 lianc
1242 2595 1380 2621 dumtaxat
1395 2597 1421 2620 et
1435 2593 1513 2620 aliani
1538 2592 1682 2619 Clementis
1707 2591 1765 2618 Vlll

1026 2640 1138 2667 Coiistit.
1170 2647 1234 2667 xiiiii
1262 2639 1407 2673 :Equitatt'
1434 2639 1481 2671 (iii
1510 2638 1535 2664 li.
1562 2646 1587 2664 ii.
1614 2637 1679 2665 edit.
1718 2643 1766 2663 xm*

1027 2689 1090 2712 tom.
1109 2693 1145 2719 ix,
1161 2694 1221 2720 pag.
1239 2685 1302 2718 037)
1330 2684 1470 2719 ponendas
1496 2683 1568 2710 duxit
1584 2682 1765 2710 Cherubinus.

1655 248 1719 286 205
1766 262 1818 289 An.
1833 261 1862 288 c.
1884 260 1952 290 1605

1801 1241 1920 1261 Exordium.

1818 1562 1886 1582 Causa
1902 1563 1963 1591 buius

1778 1595 1922 1609 concessionis
1942 1592 1962 1609 et

1779 1616 1904 1637 duiiaitioiiiS.

1814 2091 1903 2112 Domitio
1918 2096 1965 2111 scn-

1780 2121 1846 2139 toruiii
1862 2118 1907 2138 auri
1928 2119 1963 2137 de·

1780 2151 1823 2166 (ψιιι
1840 2145 1932 2164 iiiilliuui.
