2227 3241
242 292 290 318 Λ..
312 290 340 317 c.
361 289 426 317 1605
471 279 535 312 :372

270 513 388 534 texat-tium.

258 1089 430 1120 congregationis

245 1117 307 1146 huius
325 1119 430 1145 religiosis

246 1145 431 1170 otiamposiemis.

246 1175 290 1190 sam
319 1173 430 1196 professio-

247 1202 292 1217 nom
308 1199 372 1219 saeris
392 1201 431 1220 ini-

247 1226 296 1246 tiari
318 1232 358 1246 non
381 1233 431 1248 con-

247 1255 368 1274 sueverunt.

673 334 784 361 Paulus
807 333 884 366 Papa
904 333 940 365 V,

563 390 598 416 ad
614 390 790 423 perpetuam
809 387 853 414 rei
873 384 1052 413 memoriam.

484 486 662 529 Religiosos
690 485 793 523 viros,
820 484 886 527 qui,
914 483 972 516 sul)
989 482 1075 515 suavi
1106 480 1177 514 reli-

441 541 544 583 gionis
561 540 635 582 iugo
652 539 706 573 Dei
725 537 888 581 obsequiis
905 535 1090 580 mancipati,
1112 544 1179 567 ma-

442 593 501 627 iori
515 593 641 638 pietatis
655 591 760 625 studio
775 602 811 624 ac
824 590 1001 624 ardentiori
1015 588 1180 621 charitatis

441 647 555 686 affectu
579 646 610 679 in
632 644 836 684 holocaustis,
865 642 1030 677 sacrificiis
1052 648 1079 675 ct
1102 640 1180 675 divi-

441 700 489 733 nis
513 699 676 743 obsequiis
700 699 783 731 ultro
810 697 854 730 illi
880 697 1007 741 placere
1023 707 1058 729 ac
1082 694 1180 737 inagis

441 759 567 797 gratum
582 752 733 786 exhibere
748 751 881 795 cupiunt
901 750 1103 789 famulatum,
1127 749 1181 781 be-

442 807 530 849 nigni
552 805 667 839 favoris
688 804 869 849 patrocinio
890 803 1028 836 libenter
1045 802 1182 846 comple-

442 861 576 901 ctimur,
605 870 640 892 ac
671 858 782 902 gratiis
812 857 1041 902 prosequimur
1065 866 1182 900 oppor-

443 913 538 955 tunis,
553 918 649 958 prout
666 912 794 945 illorum
816 911 868 956 pia
885 915 958 944 vota
972 909 1182 954 expostulant,

443 978 479 1001 ac
493 967 570 1001 alias
584 966 615 1000 in
628 965 765 1000 Domino
782 964 954 998 salubriter
968 963 1184 1008 conspicimus

444 1020 605 1066 expedire.

490 1076 506 1118 g
528 1074 556 1107 1.
581 1074 657 1107 Cum
680 1073 786 1117 itaque
808 1072 903 1117 (sicut
923 1072 1114 1105 dilectorum
1141 1070 1186 1103 fi-

446 1128 563 1161 liorum
591 1127 791 1160 visitatorum
820 1132 849 1159 et
875 1125 1011 1158 aliorum
1041 1123 1186 1169 superio-

445 1192 516 1215 rum
543 1187 574 1215 et
600 1181 732 1214 fratrum
760 1179 1022 1222 Congregationis
1046 1179 1185 1212 lesuato-

446 1246 517 1269 rum
543 1234 673 1268 nominc
693 1234 787 1267 nobis
808 1233 986 1278 expositum
1006 1232 1090 1275 suit),
1112 1232 1187 1265 licet

445 1289 585 1332 religiosi
612 1289 716 1322 dictae
744 1287 1009 1331 Congregationis
1035 1297 1070 1319 ex
1093 1291 1184 1319 vetu-

447 1342 585 1376 stissimo
605 1352 798 1386 semperque
826 1341 994 1373 observato
1029 1339 1185 1379 instituto,

448 1396 542 1429 etiam
557 1401 628 1440 post
645 1396 794 1429 emissam
814 1405 870 1438 per
888 1405 939 1427 eos
958 1394 990 1426 in
1009 1394 1090 1427 dicta
1109 1393 1188 1427 Con-

448 1451 634 1493 ‚erogatione
661 1449 892 1494 professionem
915 1448 1117 1491 regularem,
1141 1457 1190 1480 sa-

449 1504 512 1537 cris
533 1503 701 1537 ordinibus
724 1502 842 1536 initiari
861 1512 925 1535 non
951 1501 1186 1541 consueverint,

450 1563 480 1590 et
501 1557 574 1590 licet
594 1557 716 1590 dudum
738 1556 842 1589 bonae
865 1555 1042 1588 memoriae
1062 1554 1191 1588 Gabriel

451 1611 621 1655 episcopus
642 1610 832 1644 Albanensis
846 1608 1018 1642 cardinalis
1031 1608 1193 1641 Paleottus

452 1671 482 1697 et
498 1664 647 1698 Nicolaus
663 1663 743 1697 tituli
759 1668 888 1710 sanctae
901 1661 1053 1695 Praxedis
1067 1661 1195 1705 presby-

454 1725 502 1751 ter
526 1718 698 1751 cardinalis
730 1716 924 1751 Senonensis
946 1715 1121 1759 nuncupati
1158 1725 1194 1747 ac

453 1770 644 1804 venerabilis
669 1771 767 1804 frater
786 1771 901 1804 Caesar
926 1769 1097 1813 episcopus
1123 1768 1196 1801 Cre-

453 1824 638 1864 monensis,
676 1824 793 1868 quibus
827 1823 927 1856 felicis
960 1820 1196 1855 recordationis

454 1878 627 1922 Gregorius
652 1879 737 1922 Papa
758 1878 819 1911 xlv
838 1877 1067 1922 praedecessor
1088 1880 1197 1908 noster

456 1932 516 1965 boc
530 1932 701 1974 negocium
717 1931 934 1967 commiserat,
952 1942 987 1964 exr
1007 1929 1109 1963 causis
1123 1935 1198 1961 tunc

456 1985 622 2029 expressis,
639 1996 698 2029 per
718 1985 881 2029 quoddam
905 1994 1015 2017 corum
1032 1983 1197 2016 decretum

457 2039 625 2072 statuerint
647 2044 680 2071 ut
709 2038 812 2072 dictae
833 2038 1096 2081 Congregationis
1125 2038 1199 2071 reii-

458 2092 549 2133 mosi,
571 2092 625 2136 qui
646 2102 684 2125 eo
709 2097 854 2135 tempore
880 2092 918 2125 ad
940 2102 1048 2125 sacros
1068 2091 1199 2125 ordines

458 2146 598 2190 promoti
625 2146 882 2190 reperiebantur,
911 2145 950 2177 ab
976 2145 1105 2178 illorum
1128 2155 1200 2178 exe-

460 2200 588 2233 cutione
609 2200 638 2232 in
658 2205 851 2244 perpetuum
871 2200 1015 2244 suspensi
1035 2200 1148 2239 forent,
1171 2204 1201 2232 et

459 2254 652 2298 superiores,
662 2253 715 2297 qui
730 2254 852 2286 litteras
867 2253 1065 2286 dimissorias
1079 2257 1109 2285 et
1123 2252 1201 2284 alias

460 2317 680 2351 quascumque
695 2312 923 2340 concesserunt
943 2312 997 2339 aut
1016 2306 1108 2339 aliter
1126 2315 1202 2349 quo-

460 2362 505 2395 vis
527 2362 623 2395 modo
644 2361 818 2406 opitulatus
840 2359 958 2394 fuerat¹
980 2360 1132 2393 fratribus
1153 2359 1201 2392 di-

462 2421 530 2449 ctae
543 2415 804 2458 Congregationis
818 2420 852 2448 ut
873 2415 911 2448 ad
929 2414 1058 2448 ordines
1072 2423 1202 2458 promo-

462 2475 635 2510 verentur,
664 2469 703 2502 ab
724 2479 835 2502 eorum
868 2468 982 2502 officiis
1008 2467 1143 2513 depositi
1171 2467 1202 2500 in

500 2561 509 2586 t
525 2559 566 2586 Sic
582 2559 645 2594 legit
660 2560 739 2585 etiam
752 2559 880 2589 Cherubs,
893 2561 933 2585 ast
950 2558 989 2585 vel
1004 2557 1104 2593 aliquid
1116 2557 1202 2589 deest,

464 2611 494 2629 ex
515 2612 540 2636 g.
562 2612 690 2638 quisque,
713 2603 752 2630 vet
773 2607 861 2630 stante
883 2602 1026 2629 verborum
1047 2601 1150 2637 syntaxi
1166 2601 1204 2628 le-

464 2647 582 2681 gendum
602 2648 737 2683 opitulati
765 2649 892 2682 fuerant,
914 2652 941 2675 ct
960 2647 1039 2683 paulo
1058 2652 1120 2674 ante
1135 2655 1204 2674 con-

464 2696 604 2720 cesserant
623 2693 659 2727 (n.
683 2694 731 2728 τ.).

1025 278 1208 305 BULLARIUM
1228 277 1382 304 notttANUttt

1210 332 1376 371 posterum
1397 325 1437 358 ad
1458 335 1495 358 ea
1519 331 1550 358 et
1574 324 1636 357 alia
1658 324 1690 357 in
1711 325 1795 359 dicta
1815 326 1953 368 Congre-

1211 379 1340 423 gatione
1354 378 1531 412 obtinenda
1550 377 1707 411 inhabiles
1720 383 1826 411 essent
1838 384 1868 412 et
1887 389 1954 413 esse

1212 431 1486 474 intelligerentur:
1515 430 1668 474 quodque
1682 430 1721 464 de
1733 436 1874 472 caetero,
1894 431 1954 464 sub

1211 486 1315 529 poenit
1340 483 1488 528 perpetui
1520 483 1668 524 carceris,
1694 483 1734 516 ad
1766 483 1956 518 huiusmodi

1213 537 1343 572 ordines
1360 536 1531 581 quisquam
1551 536 1710 570 dictorum
1729 536 1864 570 fratrum
1886 547 1958 581 pro-

1215 591 1355 632 moveri,
1383 597 1438 624 aut
1468 591 1508 624 ad
1539 590 1625 623 bunc
1651 590 1800 623 effectum
1831 590 1958 624 litteras

1215 644 1413 679 dimissorias
1434 644 1612 677 concedere
1633 654 1696 677 non
1718 649 1843 687 posset:
1867 649 1895 677 et
1912 644 1959 677 ul-

1215 701 1314 735 terius
1339 710 1396 734 nec
1417 699 1568 743 cuiquam
1597 709 1632 732 ex
1660 698 1779 732 eisdem
1804 698 1958 733 fratribus

1214 754 1324 788 liceret
1341 753 1477 796 gradum
1499 752 1529 785 in
1547 755 1637 786 sacra
1653 751 1814 795 theologia
1835 753 1882 786 vcl
1897 751 1958 786 alia

1216 807 1366 841 facultate
1383 805 1533 850 adipisci:
1554 805 1641 849 quod
1655 805 1820 839 decretum
1837 815 1856 838 a
1872 815 1961 850 prae-

1217 861 1301 894 dicto
1326 859 1481 902 Gregorio
1501 859 1577 900 xlv,
1606 868 1731 892 necnon
1756 870 1774 892 a
1790 858 1862 903 piae
1888 869 1958 892 me-

1219 913 1340 948 moriae
1366 912 1527 947 Clemente
1550 912 1634 956 Papa
1655 911 1732 953 thl,
1749 911 1845 945 etiam
1865 922 1960 957 prae-

1219 968 1386 1002 decessore
1401 971 1521 1007 nostro,
1535 965 1765 999 confirmatum
1779 965 1848 1007 fuit,
1864 970 1963 1010 prout

1219 1022 1251 1055 in
1272 1021 1358 1055 dieto
1384 1021 1513 1054 decreto
1534 1025 1565 1053 et
1585 1019 1617 1053 in
1638 1019 1752 1053 litteris
1770 1019 1962 1054 eorumdem

1220 1074 1504 1119 praedecessorum
1520 1073 1658 1117 desuper
1668 1072 1823 1117 expeditis
1836 1072 1963 1117 plenius

1221 1127 1403 1162 continetur
1420 1127 1427 1143 ¹
1442 1139 1449 1167 3

1224 1449 1263 1482 ad
1284 1459 1391 1482 sacros
1412 1448 1543 1481 ordines
1563 1447 1785 1492 suscipiendos
1799 1447 1875 1492 apti,
1901 1452 1966 1481 tum

1226 1503 1320 1535 etiam
1355 1502 1430 1546 quia
1461 1502 1551 1535 multi
1586 1501 1737 1535 libentius
1764 1501 1794 1534 in
1820 1501 1968 1535 eamdem

1226 1556 1514 1599 Congregationcm
1538 1555 1795 1598 ingrederentur,
1819 1554 1844 1588 si
1866 1554 1911 1589 eis
1928 1555 1970 1588 ad

1226 1620 1334 1643 sacros
1352 1609 1482 1643 ordines
1495 1608 1718 1653 suscipiendos
1732 1615 1763 1641 et
1783 1607 1965 1642 divinorum

1229 1663 1497 1697 ministrationem
1524 1663 1629 1696 aditus
1654 1667 1794 1706 pateret,
1817 1667 1882 1695 tum
1909 1662 1968 1696 de-

1230 1728 1317 1749 mum
1348 1716 1422 1760 quia
1457 1716 1583 1749 divinus
1617 1716 1721 1749 cultus
1752 1715 1908 1749 maiorem
1939 1714 1971 1748 in

1231 1771 1298 1815 ipsa
1318 1769 1573 1813 Congregatione
1593 1769 1770 1813 susciperet
1791 1768 1972 1803 incremen-

1232 1830 1310 1865 tum,
1334 1824 1358 1857 si
1377 1824 1444 1857 eius
1465 1822 1636 1866 religiosis,
1654 1823 1693 1856 ab
1708 1822 1842 1865 ignobili
1863 1822 1928 1856 otio
1943 1827 1973 1856 et

1232 1889 1249 1911 a
1269 1877 1353 1922 turpi
1372 1877 1553 1920 ignorantia
1573 1876 1736 1917 seiunctis,
1756 1886 1865 1909 sacros
1885 1875 1973 1910 ordi-

1232 1942 1287 1965 nes
1304 1931 1467 1974 suscipere
1486 1941 1521 1963 ac
1538 1930 1567 1963 in
1587 1930 1650 1963 illis
1665 1929 1847 1963 ministrare
1872 1940 1909 1963 ac
1927 1929 1974 1962 di-

1234 1985 1312 2018 vinis
1332 1984 1482 2018 laudibus
1497 1989 1523 2017 et
1539 1983 1703 2028 obsequiis
1716 1993 1829 2017 vacare
1847 1983 1971 2024 liceret,

1233 2044 1366 2083 propter
1387 2037 1578 2082 praemissas
1605 2043 1634 2070 et
1666 2036 1744 2070 alias
1768 2035 1975 2070 rationabiles

1234 2102 1344 2126 causas
1370 2091 1501 2135 cupiant
1531 2090 1705 2135 supradicti
1735 2089 1914 2123 visitatores
1945 2094 1976 2122 et

1233 2146 1347 2179 fratres
1368 2144 1530 2188 aliquibus
1551 2154 1586 2176 ex
1608 2143 1652 2176 eis
1673 2142 1849 2187 apostolica
1867 2145 1976 2177 nostra

1235 2199 1425 2232 auctoritate
1451 2197 1612 2230 licentiam
1639 2206 1747 2230 saeros
1771 2196 1902 2230 ordines
1922 2206 1975 2229 su-

1235 2251 1391 2296 scipiendi
1417 2263 1452 2284 ac
1479 2251 1509 2283 in
1529 2249 1591 2283 illis
1611 2249 1708 2284 etiam
1730 2249 1760 2282 in
1782 2249 1890 2283 altaris
1910 2248 1972 2283 mi-

1235 2305 1368 2339 nisterio
1390 2303 1594 2337 ministrandi
1617 2309 1647 2336 et
1666 2303 1763 2336 sacris
1788 2302 1924 2336 servitiis
1943 2312 1977 2335 se

1237 2358 1441 2404 mancipandi
1456 2357 1595 2401 benigne
1609 2356 1752 2391 concedi:
1771 2366 1829 2390 nos
1847 2356 1976 2390 illorum

1236 2415 1324 2459 pium
1356 2412 1552 2447 desiderium
1582 2410 1787 2451 huiusmodi,
1811 2410 1851 2444 ad
1880 2409 1977 2444 divini

1237 2467 1340 2501 cultus
1352 2471 1559 2509 augmentum
1579 2470 1735 2498 eteorum
1753 2462 1979 2507 Congregatio-

1237 2521 1285 2555 nis
1307 2521 1458 2554 decorem
1482 2524 1513 2552 et
1538 2518 1773 2551 incrementum
1796 2516 1996 2557 intendenss

1237 2583 1444 2617 summopere
1474 2572 1504 2604 in
1529 2570 1667 2604 Domino
1693 2569 1975 2609 commendantes,

1276 2647 1285 2671 ¹
1308 2645 1424 2672 Litterae
1445 2641 1597 2670 huiusmodi
1613 2641 1693 2676 Greg.
1715 2640 1768 2668 xlv
1786 2644 1813 2667 et
1828 2640 1910 2667 Clem.
1926 2638 1978 2666 t'ttt

1239 2698 1292 2717 nou
1313 2692 1404 2717 extant
1419 2688 1444 2715 in
1460 2688 1538 2715 Ball.
1551 2686 1629 2714 Μαίη.
1648 2692 1686 2718 m.
1703 2684 1751 2719 T.).

1995 1136 2048 1167 ¹Sed
2060 1135 2163 1167 excausit
2198 1130 2199 1136 ¹

1266 1183 1282 1224 ς
1303 1181 1333 1214 ⁶2.
1351 1180 1577 1221 Nihilominus,
1597 1185 1661 1213 tum
1677 1179 1752 1224 quia
1765 1179 1912 1214 nonnulli
1926 1189 1964 1214 ex
1978 1163 2020 1211 {¹⁵¹ss
2036 1169 2173 1221 ,933²ssssss
2191 1194 2199 1222 χ

1223 1234 1294 1274 illis,
1318 1234 1372 1278 qui
1385 1262 1392 1275 ,
1413 1239 1447 1267 ut
1466 1233 1658 1278 praefertur,
1678 1232 1776 1267 sacris
1795 1232 1964 1267 ordinibus
1978 1218 2167 1274 {isitid'i'i'ffi'iss
2196 1268 2198 1271 v

1225 1287 1338 1321 initiati
1368 1287 1408 1320 ab
1441 1287 1569 1320 illorum
1606 1287 1793 1320 executione
1819 1286 1964 1331 suspensi
1980 1273 2197 1327 {illinuff‘ffssff

1223 1342 1363 1383 suerunt,
1389 1340 1495 1374 adbuc
1519 1340 1709 1385 superstites
1733 1345 1830 1381 sunt,
1858 1346 1888 1374 ct
1912 1339 1966 1373 alii
1980 1321 2170 1398 Ξξζῖἐῗζέιῖῖὲιιῗ
2199 1371 2201 1375 ,

1224 1395 1319 1428 etiam
1339 1395 1370 1428 in
1386 1395 1470 1428 dicta
1488 1394 1743 1437 Congregatione
1762 1393 1968 1438 reperiuntur
1982 1403 2126 1425 sacerdotum.
