2227 3241
639 377 913 463 INDEX
981 379 1420 464 INlTlALIS

630 852 653 885 Α

273 958 463 1003 Accepimus
481 959 564 992 inter
581 958 640 992 alia
656 957 841 999 laudabilia,
861 956 938 991 374.

272 1012 471 1057 Accepimus,
494 1022 558 1046 non
583 1012 654 1045 sine
671 1012 769 1047 animi
790 1012 889 1047 nostri
915 1012 1012 1046 mole-

316 1065 388 1107 stia,
404 1065 478 1100 571.

271 1120 480 1165 Accepimus,
508 1131 572 1154 non
603 1121 670 1154 sine
691 1120 789 1153 animi
816 1122 919 1155 nostri
949 1122 1008 1155 do-

316 1176 396 1215 lore,
423 1174 497 1208 657.

272 1227 318 1261 Ad
345 1239 439 1262 aures
464 1235 600 1269 nostras,
628 1239 692 1262 non
712 1229 779 1262 sine
797 1229 894 1262 animi
912 1229 1010 1262 nostri

316 1283 566 1326 perturbatione,
594 1282 668 1317 340.

271 1336 316 1369 Ad
333 1346 370 1369 ea
387 1336 667 1381 circumspectioni
686 1342 770 1377 tuae,
787 1336 860 1369 527.

271 1389 315 1423 Ad
336 1390 497 1424 Ecclesiae
516 1390 690 1430 militantis⁷
713 1389 786 1423 250.

271 1443 317 1476 Ad
337 1443 453 1478 uberes
471 1450 501 1478 et
519 1454 629 1478 suaves
646 1444 782 1484 fructus,
801 1443 876 1477 351.

271 1496 490 1531 Admonemur
509 1499 676 1542 pastoralis
694 1498 789 1531 oflicii
804 1498 918 1539 nostri,
934 1498 1009 1533 510.

269 1549 488 1585 Admonemus
504 1552 673 1596 pastoralis
690 1551 782 1585 oflicii
801 1552 914 1593 nostri,
933 1551 1010 1585 457.

270 1603 355 1637 Alias
380 1604 419 1637 ad
443 1615 501 1639 nos
526 1605 665 1649 perlato,
693 1605 780 1649 quod
806 1604 927 1646 felicis,
955 1604 1006 1637 24.

270 1657 353 1692 Alias
369 1669 427 1702 pro
448 1665 538 1702 parte
552 1659 655 1693 clarae
671 1658 860 1698 memoriae,
880 1657 954 1691 113.

270 1711 365 1752 Alias,
388 1723 461 1746 eum
478 1713 725 1757 accepissemus,
743 1712 818 1747 154.

272 1766 354 1798 Alias
380 1766 479 1800 felicis
503 1767 736 1801 recordationis
757 1767 912 1809 Clemens,
933 1766 1009 1800 432.

271 1819 365 1859 Alias,
384 1830 420 1853 ex
438 1820 542 1853 causis
564 1826 639 1854 tunc
656 1821 822 1865 expressis,
839 1820 914 1854 434.

271 1872 354 1906 Alias
374 1884 430 1917 per
449 1885 508 1907 nos
528 1880 672 1918 accepto,
695 1873 769 1907 500.

269 1926 353 1960 Alias
373 1927 473 1961 felicis
486 1928 716 1962 recordationis
734 1928 853 1969 sixtus,
873 1929 949 1962 573.

269 1980 352 2014 Alias
369 1980 470 2014 felicis
488 1981 722 2016 recordationis
744 1982 908 2023 Clementi,
931 1981 1008 2016 559.

269 2034 353 2068 Alias
378 2035 479 2069 felicis
503 2035 735 2070 recordationis
757 2036 916 2075 Clemens,
935 2034 1009 2069 040.

269 2089 350 2121 Alias
371 2088 470 2123 felicis
492 2089 724 2123 recordationis
744 2088 860 2130 Sixtus,
884 2088 958 2121 055.

269 2142 353 2175 Alias
378 2142 557 2177 charissimi
582 2143 613 2176 in
639 2142 774 2181 Christo,
799 2142 872 2176 650.

270 2195 352 2228 Alias
374 2207 431 2239 pro
451 2202 540 2240 parte
558 2196 751 2236 charissimi,
771 2195 847 2229 603.

270 2248 355 2281 Alias
377 2249 477 2283 felicis
499 2249 728 2283 recordationis
753 2249 910 2289 Clemens,
930 2248 1004 2281 67¹1.

269 2302 352 2335 Alias
372 2302 410 2335 ad
429 2303 653 2336 charissimum
671 2305 702 2336 in
721 2303 857 2341 Christo,
878 2301 953 2335 074.

269 2355 362 2396 Alias,
383 2356 465 2389 sicut
481 2357 674 2400 accepimus,
697 2356 797 2389 felicis
815 2355 1008 2389 recordatio-

314 2409 375 2450 nis,
393 2409 468 2443 379.

269 2464 291 2496 Α
308 2462 514 2507 pontificatus
536 2463 636 2496 nostri
657 2462 846 2507 primordio,
867 2461 942 2495 251.

268 2516 409 2550 Altitudo
433 2516 558 2550 divinae
582 2516 815 2560 providentiae,
844 2515 917 2549 239.

268 2569 420 2604 Altissimi
440 2570 660 2615 dispositione,
682 2569 734 2603 39.

269 2623 470 2666 Apostolicae
491 2623 582 2659 Sedis
602 2624 812 2668 providentia,
829 2622 902 2656 475.

269 2677 466 2721 Apostolicae
487 2678 648 2712 servitutis
671 2688 779 2718 onere,
797 2677 870 2710 625.

1405 852 1428 888 B

1047 960 1238 995 Benedictus
1262 960 1357 1003 Deus,
1384 961 1458 995 555.

1409 1051 1430 1084 C

1046 1122 1195 1157 Caelestis
1208 1133 1310 1166 aquae
1324 1122 1455 1164 flumen,
1471 1121 1546 1157 491.

1046 1176 1198 1211 Caelestis
1215 1176 1323 1220 Regis,
1344 1175 1418 1210 597.

1046 1230 1230 1265 Charissimi
1247 1231 1279 1264 in
1293 1230 1418 1265 Christo
1434 1230 1491 1264 filii
1510 1231 1621 1270 nostri,
1635 1230 1710 1264 454.

1028 1284 1282 1328 ¹Circumspecta
1306 1284 1440 1318 Romani
1465 1284 1641 1324 Pontifici's,
1662 1283 1740 1317 551.

1045 1337 1208 1382 Collapsae
1228 1337 1383 1381 regularis
1403 1337 1583 1382 disciplina,
1601 1337 1676 1372 488.

1027 1398 1029 1419 ἲ
1045 1392 1200 1436 Copiosus
1218 1392 1251 1425 in
1269 1390 1485 1425 misericordia
1498 1391 1665 1431 Dominus,
1677 1389 1753 1426 279.

1046 1445 1205 1481 Creditam
1229 1445 1321 1479 nobis
1346 1444 1522 1486 militantis,
1547 1444 1622 1478 511.

1046 1500 1125 1534 Cum
1146 1499 1224 1532 alias
1248 1499 1348 1533 felicis
1373 1498 1605 1533 recordationis
1630 1498 1785 1540 Clemens,

1089 1553 1165 1586 352.

1047 1607 1124 1642 Cum
1142 1607 1219 1640 alias
1238 1606 1336 1640 felicis
1353 1607 1583 1641 recordationis
1603 1607 1787 1650 Gregorius,

1089 1660 1143 1694 70.

1045 1715 1123 1749 Cum
1140 1726 1199 1748 nos
1215 1715 1309 1748 hodie
1327 1726 1384 1759 per
1400 1721 1538 1755 nostraS,
1559 1714 1633 1748 224.

1045 1768 1123 1802 Cum
1148 1768 1233 1802 Ordo
1257 1769 1391 1802 fratrum
1416 1769 1589 1809 Minorum,
1610 1767 1688 1802 550.

1045 1822 1123 1857 Cum
1141 1823 1380 1856 sanctissimum
1403 1822 1634 1863 Eucharistiae,
1657 1821 1710 1856 88.

1045 1876 1141 1918 Cum,
1168 1877 1249 1910 sicui
1271 1878 1471 1920 accepimus,
1498 1875 1595 1916 alias,
1620 1874 1695 1909 375.

1045 1929 1135 1971 Cum,
1147 1931 1228 1964 sicut
1241 1930 1432 1974 accepimus,
1443 1928 1785 1973 arehihospitale,178.

1045 1983 1135 2024 Cum,
1158 1984 1242 2016 sicut
1262 1983 1456 2026 accepimus,
1475 1981 1638 2023 defunc-10,
1661 1981 1736 2015 227.

1045 2037 1135 2078 Cum,
1152 2037 1234 2070 sicut
1248 2037 1442 2081 accepimus,
1461 2035 1582 2077 dilecti,
1602 2034 1678 2069 371.

1044 2091 1134 2131 Cum,
1145 2091 1227 2124 sicut
1238 2090 1430 2134 accepimns,
1444 2089 1581 2123 dilectus
1597 2089 1694 2129 filius,
1708 2088 1784 2125 399.

1044 2143 1134 2184 Cum,
1157 2144 1239 2177 sicut
1258 2143 1453 2187 accepimus,
1472 2152 1507 2175 ex
1526 2143 1647 2186 regula,
1664 2141 1739 2176 229.

1045 2197 1134 2237 Cum,
1152 2197 1232 2230 sicut
1253 2196 1571 2240 at·ce1)in111S,selicis,
1591 2195 1666 2229 224.

1044 2250 1133 2290 Cum,
1153 2250 1234 2284 sicut
1252 2251 1446 2295 accepimus,
1468 2251 1635 2294 hospitale,
1655 2249 1731 2283 434.

1043 2305 1133 2346 Cum,
1154 2305 1234 2338 sicut
1251 2305 1449 2348 accepimus,
1476 2306 1507 2338 in
1532 2304 1662 2346 Ordine,
1681 2303 1756 2337 390.

1043 2359 1132 2399 sum,
1152 2359 1235 2392 sicut
1251 2358 1446 2403 accepimus,
1465 2358 1504 2391 in.
1518 2368 1627 2402 regno,
1645 2357 1720 2392 455.

1043 2410 1132 2450 Cum,
1142 2412 1495 2455 sieutaccepimus‚ncc
1508 2411 1575 2444 sine
1589 2412 1782 2453 animi,405.

1042 2465 1131 2507 Cum,
1148 2466 1232 2499 sicut
1248 2467 1440 2510 accepimus,
1460 2465 1645 2506 nonnullae,
1664 2465 1739 2499 266.

1042 2519 1133 2559 Cum,
1152 2520 1234 2553 sicut
1253 2519 1447 2563 accepimus,
1468 2520 1626 2561 nonnulli,
1643 2518 1718 2553 383.

1042 2572 1132 2613 Cum,
1152 2573 1234 2607 sieut
1251 2573 1443 2617 accepimus,
1465 2583 1578 2618 nuper,
1594 2572 1670 2607 221.

1042 2625 1133 2668 Cum,
1155 2627 1236 2660 sicut
1253 2627 1439 2670 accipimus,
1463 2628 1494 2660 in
1515 2628 1659 2667 diversis,
1678 2627 1730 2662 16.

1043 2678 1133 2720 Cum,
1153 2679 1232 2713 sicut
1252 2680 1289 2713 nd
1308 2690 1365 2712 nos
1382 2680 1538 2724 perlatum
1556 2687 1613 2721 est,
1639 2680 1667 2714 3.
