2227 3241
225 293 274 318 An.
297 292 325 318 C.
347 291 411 318 ¹608
458 281 522 314 :304
996 288 1173 312 nutrimini
1200 288 1352 312 uomitum

417 339 576 372 ullatenus
596 337 776 380 suffragari,
805 336 953 370 volumus
967 341 996 369 et
1015 336 1157 370 declara-
1174 347 1176 379 ¹,
1194 336 1254 369 tius
1275 336 1418 369 debitum
1440 336 1645 376 arbitramur,
1666 343 1700 370 ut
1720 338 1847 370 eosdem
1870 338 1927 369 mi-

420 403 499 432 mus,
528 391 726 434 caeterisque
752 389 922 424 contrariis
949 389 1272 433 quibuscum-filitcs,
1301 394 1411 433 utpote
1436 389 1562 422 Domini
1589 389 1689 423 nostri
1718 390 1787 422 lesu
1814 390 1926 423 Christi

1940 289 1991 314 An.
2013 287 2041 314 C.
2059 287 2126 315 1608

419 456 491 489 que.
1172 437 1325 493 {athletas
1349 442 1535 485 acerrimos,
1556 442 1710 486 peculiari
1735 442 1929 476 beneficien-

257 512 402 537 rrtnsumpus
463 497 525 539 §5—
551 497 585 530 Et
607 496 681 540 quia
706 496 835 529 difficile
857 496 950 536 soret,
971 500 1157 539 praesentes
1173 503 1175 531 ἐ
1192 495 1252 529 tiae
1278 500 1406 529 nostrae
1430 495 1578 538 largitate
1602 505 1848 539 presequamur,
1877 507 1929 529 eo-

218 539 278 559 ⁰¹¹⁹¹¹¹
295 539 360 558 ΑΜ·
419 549 549 589 litteras,
571 549 767 593 ubicumque
788 559 862 582 usus
883 548 1013 590 venerit,
1032 547 1156 581 ostendi
1174 552 1175 555 ’
1191 558 1327 592 rumque
1348 547 1528 582 commodis
1548 554 1577 581 et
1599 558 1761 590 congruae
1786 548 1931 582 substen-

419 608 449 635 et
473 601 643 646 publicari,
668 602 826 642 volumus,
855 607 889 634 ut
913 611 1023 634 earum
1045 611 1154 634 exem·
1174 638 1175 647 ἵ
1192 601 1303 635 tationi
1336 606 1518 645 opportune
1545 601 1770 641 consulamus,
1805 606 1839 634 ut
1871 601 1929 644 ipsi

420 655 491 699 plis,
515 654 609 687 etiam
637 654 812 698 impressis,
837 664 933 687 manu
958 654 1075 688 notarii
1100 665 1155 698 pu·
1192 654 1306 688 exinde
1324 654 1363 687 ad
1383 653 1504 686 maiora
1529 653 1568 686 ab
1590 653 1733 697 ipsonum
1753 653 1928 686 Turcarum

419 708 514 749 lilici,
539 709 585 741 rel
612 708 746 741 alicuius
772 707 928 741 dictarum
954 707 1157 750 Religionum
1174 719 1176 755 ᾗ
1192 707 1456 751 copiistrophaea
1467 706 1661 750 reportanda
1673 705 1846 740 alacriores
1860 706 1931 738 red-

417 761 581 794 secretarii
603 761 802 805 subscriptis,
824 767 853 794 et
873 771 1030 805 personae
1056 761 1087 793 in
1112 761 1157 794 di·
1192 761 1308 794 dantur
1328 766 1358 794 et
1378 760 1603 804 promptiores.

417 814 538 857 gnitate
564 814 778 847 ecelesiastica
803 814 995 847 constitutae
1025 814 1073 846 vel
1103 824 1157 846 cu·
1237 815 1253 856 ξ
1279 813 1306 846 1.
1336 813 1420 846 Alias
1440 813 1599 857 siquidem
1622 813 1721 846 felicis
1739 812 1932 847 recordatio·
1985 822 2036 853 rius
2050 823 2078 844 iv
2094 823 2130 844 im.

419 867 513 901 iusvis
545 878 579 900 ex
610 866 813 910 generalibus
844 866 1018 910 praedictis
1051 866 1157 909 sigillo
1193 866 1241 900 nis
1275 866 1348 900 Pius
1382 866 1466 910 Papa
1496 865 1535 899 lV
1562 866 1792 910 praedecessor
1823 871 1932 899 noster
1945 851 2132 906 ἔιᾌᾛὲῖῗέῗιῖεῗᾳῖἶ

419 920 562 961 munitis,
584 921 695 953 cadem
718 930 850 964 prorsus
871 919 950 953 fides
982 920 1014 952 in
1040 919 1159 953 iudicio
1193 920 1284 963 (post
1304 919 1500 953 erectionem
1523 925 1552 952 et
1579 919 1811 952 institutionem
1826 918 1931 952 dictae
1946 902 2132 975 Elfflliasssaffl'ss?
2184 936 2187 945 ψ

418 979 449 1006 et
473 979 560 1007 extra
585 973 778 1007 adhibeatur
793 1001 800 1014 ,
825 983 907 1017 quae
935 972 1159 1017 praesentibus
1175 985 1177 1019 i
1193 972 1319 1006 Militiae
1339 972 1398 1006 sub
1418 972 1527 1015 regula
1544 972 1644 1006 sancti
1668 971 1851 1013 Benedicti,
1874 981 1933 1016 per
1947 955 2133 1028 ii'ssnifiinssgi'iiffii

418 1027 637 1067 adhiberetur,
661 1027 686 1059 si
713 1032 817 1060 essent
838 1026 1009 1067 exhibitae,
1029 1026 1077 1060 vel
1103 1035 1156 1059 os·
1176 1026 1298 1072 ¹>clarae
1326 1025 1503 1059 memoriae
1530 1025 1680 1059 Cosmum
1701 1030 1775 1058 tunc
1798 1025 1932 1058 Floren·
1946 1010 2132 1081 l‘ffisssssssikgfflg
2183 1032 2199 1048 z

419 1086 536 1113 tensae.
1196 1078 1257 1111 tiae
1277 1084 1308 1112 et
1331 1078 1486 1112 Senarum
1514 1078 1626 1112 ducem
1654 1078 1686 1110 in
1711 1078 1830 1112 ducatu
1854 1078 1929 1111 Flo·
1948 1061 2133 1134 ἓῗιῗῗέῗιῖἓιωῃέῑῖῗέ

462 1133 576 1166 Datum
597 1133 717 1166 Romae
743 1134 828 1177 apud
849 1139 993 1167 sanctum
1020 1134 1158 1167 Marcum
1176 1123 1178 1183 Ξ
1195 1131 1327 1172 rentiae,
1345 1132 1384 1164 de
1398 1131 1527 1179 licentia
1544 1131 1634 1165 Sedis
1651 1131 1852 1176 Apostolicae
1873 1131 1933 1176 ipsi
1948 1113 2131 1170 ζζῦηἶῖεὲῗέἷῖἒωῗιῗ

418 1185 477 1219 sub
494 1186 615 1219 annulo
633 1185 804 1219 Piscatoris
821 1186 872 1219 die
890 1196 912 1220 11
927 1186 1004 1220 iunii
1024 1197 1157 1228 MDcviii,
1177 1187 1178 1214 ἓ
1195 1185 1308 1219 Cosmo
1323 1185 1394 1219 duci
1412 1195 1470 1229 per
1487 1184 1610 1218 litteras
1625 1185 1768 1218 eiusdem
1782 1184 1828 1218 Pii
1842 1195 1934 1228 prae-
1949 1169 2062 1188 ‘mmm'

419 1238 625 1283 pontificatus
646 1240 747 1273 nostri
766 1250 851 1272 anno
872 1250 913 1273 iv.
1196 1239 1374 1272 decessoris
1395 1239 1558 1279 attributa,
1576 1245 1668 1272 antea
1686 1239 1816 1282 factam)
1830 1239 1934 1272 eidem

456 1301 511 1329 Dat.
531 1301 574 1329 die
594 1301 609 1328 2
626 1301 692 1329 iunii
714 1301 792 1337 1608,
814 1302 909 1337 pontis.
926 1310 967 1329 an.
985 1309 1018 1329 iv.
1196 1292 1309 1326 Cosmo
1337 1292 1410 1325 duci
1440 1301 1558 1335 niagno
1584 1292 1736 1334 magistro
1751 1320 1758 1333 ,
1787 1303 1845 1325 nec
1870 1302 1936 1326 non

1196 1346 1379 1387 conventui,
1403 1346 1570 1387 militibus,
1597 1346 1711 1390 priori,
1740 1346 1938 1390 caeterisque

1197 1400 1352 1433 ministris
1366 1400 1522 1433 ecclesiae
1536 1399 1611 1433 dicti
1626 1405 1800 1434 conventus
1820 1406 1851 1434 et
1868 1401 1939 1435 aliis
1993 1391 2022 1419 '⁸

769 1492 774 1500 Ἴ
795 1491 799 1504 1
1196 1454 1354 1498 personis,
1378 1454 1474 1488 etiam
1496 1454 1527 1487 in
1553 1456 1663 1496 sacris,
1688 1455 1782 1489 etiam
1805 1456 1938 1501 presby-

756 1491 826 1524 (Μ’
1198 1513 1317 1541 teratus
1338 1508 1507 1542 ordinibus
1519 1509 1712 1550 constitutis,
1729 1509 1823 1543 etiam
1839 1520 1939 1554 quae-

1197 1571 1346 1605 cumque,
1371 1567 1601 1606 quotcumque,
1626 1568 1657 1595 et
1676 1562 1936 1606 qualiacumque,

422 1614 605 1657 Amptiatz'o
620 1614 873 1657 privilegiorum
898 1615 1041 1648 Militiae
1057 1617 1162 1649 sancti
1179 1623 1180 1637 ³
1198 1626 1269 1648 cuni
1298 1618 1375 1648 cura
1404 1621 1434 1649 et
1458 1602 1526 1649 sffle
1547 1618 1635 1656 cura,
1658 1616 1815 1650 beneficia
1836 1618 1939 1650 eccle-

466 1668 626 1711 Steplzam‘
650 1667 736 1700 circa
765 1678 895 1701 annuas
919 1670 1087 1712 pensiones
1114 1680 1161 1702 cc-
1178 1678 1181 1718 ζ
1197 1668 1323 1702 siastica
1349 1668 1588 1709 obtinentibus,
1618 1662 1797 1713 eorumque
1818 1670 1939 1704 heneti-

466 1721 682 1761 clesi'asti'cas,
712 1721 927 1765 habitumque
951 1733 971 1756 a
998 1722 1162 1755 Militibus
1179 1750 1180 1755 ,
1198 1722 1266 1762 ciis,
1283 1722 1527 1766 praeceptoriis,
1543 1722 1606 1755 sive
1620 1723 1831 1759 commendis,
1843 1723 1938 1757 rebus

467 1774 702 1818 desercmtuiiz'.
1199 1781 1229 1808 et
1258 1774 1373 1815 bonis,
1395 1775 1534 1808 diversas
1555 1775 1785 1819 exemptiones,
1807 1776 1901 1809 etiam
1920 1788 1938 1810 a

1199 1829 1423 1862 iurisdictione
1455 1828 1723 1870 Ordinariorum,
1752 1830 1934 1871 libertates,

648 1895 759 1922 Paulus
775 1894 937 1929 Episcopus
1200 1883 1429 1923 immunitates,
1445 1883 1541 1917 etiam
1556 1893 1573 1916 a
1587 1883 1826 1917 contributione
1851 1884 1938 1917 deci-

609 1948 718 1975 servus
739 1947 898 1975 servorum
919 1948 985 1981 Dei,
1200 1946 1324 1969 marum
1351 1942 1382 1969 et
1405 1946 1563 1977 onerum,
1592 1936 1733 1978 indulta,
1757 1937 1935 1987 privilegia,

543 2001 579 2028 ad
600 2004 775 2035 perpetuam
795 2001 840 2029 rei
861 2000 1031 2029 memoriam
1200 1989 1612 2032 facultates,indulgentias,
1627 1989 1745 2032 gratias
1758 1990 1939 2034 spirituales

1181 2049 1230 2090 1⁰²
1252 2043 1444 2087 temporales
1466 2043 1603 2085 benigne
1621 2043 1788 2084 concessit,
1811 2049 1842 2077 et
1858 2044 1940 2077 elar-

252 2118 371 2137 [mamm.
469 2099 547 2132 Dum
567 2109 723 2142 generosa
749 2098 886 2132 militum
912 2098 1043 2132 Militiae
1063 2099 1163 2133 sancti
1181 2093 1183 2154 ;
1200 2097 1284 2139 gitus
1311 2097 1390 2139 suit,
1412 2102 1507 2141 atque
1537 2097 1620 2130 inter
1651 2103 1778 2130 caetera
1806 2097 1940 2131 indulsit

424 2153 577 2198 Stephani
596 2154 699 2197 Papae
721 2158 752 2186 et
768 2153 923 2197 Martyris,
940 2152 999 2186 sub
1016 2152 1098 2186 felici
1113 2163 1163 2186 re·
1181 2177 1183 2201 <¹
1200 2151 1350 2184 omnibus
1370 2156 1400 2184 et
1424 2150 1557 2193 singulis
1579 2151 1682 2184 dictae
1704 2150 1832 2184 Militiae
1857 2151 1939 2184 mili-

426 2206 620 2249 ligiosissimi
648 2205 801 2250 principis
829 2205 1024 2239 Fei'dinandi
1057 2206 1164 2249 magni
1182 2205 1183 2223 ³
1202 2203 1401 2245 tibuS,ctiaiii
1421 2203 1610 2246 coniugatis,
1628 2214 1664 2248 ac
1679 2203 1774 2236 ctiam
1792 2203 1940 2246 bigamis,

424 2260 594 2294 Hetrui·iae
620 2259 679 2293 sibi
709 2259 871 2293 subiectae
889 2259 980 2293 ducis
1004 2265 1034 2293 et
1061 2259 1165 2294 dictae
1201 2257 1335 2300 aliisque
1348 2257 1940 2301 praedictis‚utsiiigulisingulaspeii-

425 2314 554 2348 Militiae
575 2313 718 2357 magistri
750 2313 912 2358 auspicio,
936 2313 1111 2356 gubernio,
1135 2319 1165 2347 et
1201 2311 1307 2344 siones
1320 2320 1452 2351 annuas,
1467 2321 1568 2354 usque
1586 2310 1625 2343 ad
1642 2320 1801 2343 summam
1820 2311 1940 2344 ducen-

426 2367 604 2402 dircctione
617 2366 792 2411 plurimum
807 2366 1055 2410 progredientis,
1066 2372 1165 2410 gesta,
1182 2372 1183 2380 ¹
1201 2369 1307 2398 torum
1326 2364 1517 2397 ducatorum
1544 2363 1613 2396 auri
1628 2363 1667 2396 de
1684 2363 1826 2404 Camerti,
1843 2374 1940 2406 super

426 2420 666 2464 laudabilesque
702 2425 731 2454 et
762 2419 917 2462 gloriosas
942 2426 1053 2453 contra
1078 2420 1165 2454 nefa-
1201 2418 1389 2462 quorumvis
1411 2417 1657 2457 cathedralium,
1674 2422 1704 2450 et
1719 2416 1939 2460 metropolita-

426 2474 490 2507 rios
509 2475 685 2507 Turcaruni
707 2484 802 2507 ausus
823 2478 1000 2518 reportatas
1019 2474 1166 2507 victorias
1201 2482 1328 2512 narum,
1352 2471 1557 2514 aliarumque
1577 2470 1798 2510 ecclesiarum,
1826 2479 1939 2503 mona-

427 2527 535 2561 animo
561 2527 803 2571 perpendimus,
831 2526 976 2570 dignum,
1005 2526 1083 2571 quin
1109 2525 1384 2571 po-1steri0ruiu,
1408 2524 1622 2568 prioratuum,
1645 2522 1891 2556 canonicatuum
1911 2529 1940 2556 et

552 2609 556 2612 .
607 2607 610 2612 .
659 2609 664 2613 .
990 2607 994 2612 .
1072 2607 1096 2612 ..
1114 2607 1118 2612 .
1182 2576 1940 2623 tpraebendarum,dignitatum,personatuum,

465 2611 473 2634 1
500 2608 535 2635 De
551 2612 720 2635 institutione
738 2612 848 2643 totoque
863 2609 934 2634 statu
951 2607 1030 2634 huius
1044 2607 1165 2642 Militiae,
1280 2632 1285 2638 .
1315 2632 1320 2637 .
1406 2631 1412 2637 .
1654 2629 1659 2635 .
1820 2630 1826 2635 .
1862 2640 1867 2646 .
1910 2620 1919 2627 -

1201 2633 1515 2666 administrationum
1534 2636 1564 2664 et
1577 2629 1769 2670 officiorum,
1785 2629 1861 2663 ahoi
1871 2641 1940 2663 um-

429 2652 491 2679 xide
515 2652 541 2678 iii
565 2652 675 2679 Constit.
700 2659 750 2679 Lxx
773 2652 813 2678 Pii
838 2652 872 2678 iv
887 2652 940 2679 His
961 2660 1034 2686 ([ιιαε
1051 2652 1076 2678 iii
1093 2650 1119 2678 h.
1138 2660 1164 2678 ii.

430 2696 495 2723 edit.
513 2703 544 2722 itv
561 2696 585 2723 in
602 2701 666 2724 tom.
683 2703 719 2723 vn
738 2704 797 2732 pag.
815 2696 874 2724 158.

1202 2697 1264 2731 quc
1288 2685 1522 2720 beneficiorum
1543 2684 1845 2726 ecclesiasticorum,
1866 2694 1939 2719 cum
