2227 3241
49 267 99 297 An.
109 268 138 296 C.
159 266 229 296 1605

63 2041 167 2066 connata
175 2043 234 2065 tottii.

892 266 1014 291 PAULUS
1037 267 1057 291 V
1076 267 1127 291 ΡΡ.

247 316 409 349 fructuum
431 315 616 350 huiusmodi
638 315 732 349 etiam
755 314 985 348 consistoriali-

247 375 295 403 ter
315 369 470 413 appositis
488 369 596 413 (etiam
618 370 705 413 quod
731 368 835 402 dietae
860 367 987 413 pensio-

246 433 303 456 nes
323 423 362 455 ab
380 423 468 456 omni
483 423 618 462 decima,
636 422 780 455 subsidio
798 421 986 456 charitativo

247 482 278 510 et
300 476 413 520 quovis
433 476 496 510 alio
511 486 611 509 onere
627 482 689 509 tam
709 475 875 508 ordinario
889 486 985 519 quam

247 529 514 569 extraordinario,
538 529 648 573 quavis
666 528 867 569 auctoritaie,
891 528 985 562 etiam

246 592 305 626 pro
323 582 527 626 expeditione
550 588 611 615 tam
634 581 787 615 offensiva
814 592 910 625 quam
933 582 987 615 de-

247 636 363 669 fensiva
394 641 505 669 contra
529 637 646 669 Turcas
676 642 707 669 et
734 635 813 669 alios
841 635 987 669 infideles

247 699 283 722 ac
304 689 500 733 reipublicae
514 689 706 723 christianae
727 689 767 722 ab
788 689 915 723 illorum
935 700 988 722 co-

246 743 374 776 natibus
419 743 606 776 defensione
649 753 706 776 seu
748 743 987 785 inexcogitabili

247 798 352 837 causa,
373 807 391 829 a
407 797 553 830 Romano
573 796 726 830 pontifice
756 807 816 840 pro
843 803 987 840 tempore

247 849 412 890 existente,
436 849 533 883 etiarn
556 850 595 884 ad
617 849 835 894 imperatoris,
857 860 983 892 regum,

246 903 364 936 ducum
377 903 425 937 vel
437 903 574 936 aliorum
586 903 782 945 instantiam,
792 903 987 948 illorumque

247 956 520 1001 contemplatione
545 962 576 990 et
606 956 745 997 intuitu,
774 956 869 990 etiam
898 962 988 990 motu

245 1010 379 1056 proprio
399 1016 431 1044 et
448 1021 486 1044 ex
503 1012 589 1044 certa
609 1010 755 1051 scientia,
781 1010 940 1054 impositis
957 1017 988 1044 et

247 1064 462 1109 imponendis,
475 1069 530 1097 aut
540 1064 618 1098 alias
632 1064 923 1109 qualitercumque,
939 1075 989 1098 ex-

246 1123 373 1163 emptae
390 1118 465 1161 sint)
486 1128 691 1162 nequaquam
710 1118 922 1155 obstantibus.
945 1124 989 1152 te-

246 1178 383 1206 neantur
401 1177 431 1205 et
445 1171 617 1205 efficaciter
628 1171 749 1205 astricti
768 1171 842 1212 sint;
863 1171 988 1216 ipsique

246 1225 491 1270 archiepiscopi,
517 1225 670 1269 episcopi,
691 1225 945 1258 archimandrita
959 1231 989 1258 et

246 1280 328 1314 aliae
348 1289 516 1324 personae,
537 1289 674 1323 quarum
697 1279 904 1312 ecclesiarum
924 1289 988 1312 mo-

246 1333 385 1367 nasteria
403 1339 433 1366 et
453 1333 514 1366 alia
528 1333 685 1366 beneficia
706 1333 920 1367 ecclesiastica
934 1344 989 1366 an-

246 1388 319 1421 nuis
346 1387 572 1432 pensionibus,
596 1387 787 1421 auctoritate
812 1387 988 1432 apostolica

246 1441 424 1484 assignatis,
444 1447 573 1483 gravata
587 1447 617 1474 et
635 1447 767 1474 onerata
783 1446 868 1481 sunt,
886 1447 987 1475 ratam

245 1494 526 1539 pensionariorum
546 1503 692 1534 suorum,
713 1504 769 1527 seu
787 1504 900 1527 eorum
919 1494 988 1538 qui-

246 1548 305 1582 hus
325 1548 446 1581 fructus
466 1547 654 1581 huiusmodi
669 1547 732 1581 sint
747 1548 909 1589 reservati,
926 1549 988 1582 sol-

247 1613 331 1643 vere,
348 1607 378 1635 et
392 1601 482 1642 illud,
498 1602 584 1645 quod
598 1611 657 1646 pro
671 1601 748 1646 ipsis
761 1602 984 1646 pensionariis,

246 1667 301 1689 seu
327 1655 365 1689 iis
401 1655 517 1699 quibus
550 1655 671 1689 fructus
701 1655 885 1689 huiusmodi
915 1662 989 1690 sunt

247 1708 410 1749 reservati,
431 1719 503 1741 vere
524 1713 555 1741 et
574 1708 705 1741 realiter
726 1718 761 1741 ac
783 1719 987 1753 quacumque

246 1763 376 1796 fictione
405 1767 549 1796 cessante
573 1762 805 1806 persolverint,
830 1764 886 1796 sua
906 1774 984 1807 pro-

246 1816 317 1861 pria
335 1815 524 1849 auctoritate
541 1816 748 1860 postmodum
768 1827 866 1860 penes
886 1828 918 1850 se
938 1828 988 1851 re-

247 1869 513 1913 tinerepossint3
538 1879 596 1902 nec
609 1875 781 1913 propterea
799 1870 984 1911 sententias,

247 1933 409 1963 censuras,
426 1929 457 1956 et
470 1933 590 1966 poenas
605 1923 635 1955 in
654 1923 773 1956 eisdem
795 1923 985 1967 pensionum

247 1975 520 2010 reservationihus
541 1981 709 2009 contentas
727 1976 903 2010 incurrant.

293 2028 352 2072 55.
371 2029 440 2062 Non
455 2029 657 2063 obstantibus
670 2030 855 2073 praemissis
869 2041 904 2064 ac
919 2032 988 2075 qui-

248 2083 355 2117 busvis
375 2083 657 2117 constitutionibus
678 2090 709 2117 et
729 2084 989 2119 ordinationibus

249 2137 444 2182 apostolicis,
472 2147 597 2170 necnon
620 2138 841 2179 ecclesiarum,
860 2149 987 2173 monas-

249 2191 403 2226 teriorum
424 2195 455 2224 et
473 2190 706 2224 beneficiorum
728 2192 924 2233 huiusmodi,
943 2193 988 2227 iu-

249 2250 416 2285 ramento,
441 2244 688 2278 confirmatione
713 2246 912 2288 apostolica,
941 2247 988 2280 vel

248 2298 358 2343 quavis
379 2297 530 2331 firmitate
551 2298 612 2330 alia
634 2298 794 2331 roboratis
814 2299 939 2333 statutis
960 2305 990 2334 et

248 2352 548 2393 consuetudinibus,
572 2352 747 2396 privilegiis
769 2363 910 2397 quoque,
936 2353 986 2387 in-

249 2404 343 2438 dultis
370 2410 400 2438 et
425 2405 695 2449 exemptionibus,
720 2405 990 2447 immunitatibus,

249 2458 344 2492 etiam
366 2458 396 2491 in
415 2469 552 2503 corpore
574 2459 651 2492 iuris
672 2459 798 2499 clausis,
819 2470 855 2492 ac
876 2459 990 2494 litteris

250 2511 434 2556 apostolicis
448 2512 622 2556 quibusvis,
641 2511 835 2555 generaliter
852 2513 898 2545 vel
920 2524 990 2557 spe·
1006 2535 1008 2542 ‚

251 2564 373 2598 cialiter
393 2565 569 2605 concessis,
598 2576 722 2599 necnon
750 2565 864 2599 litteris
886 2576 989 2599 rescr-

251 2617 425 2658 vationum,
446 2618 637 2662 pensionum
657 2624 687 2652 et
704 2619 865 2651 fructuum
885 2619 992 2652 huius-

254 2670 351 2713 modi,
372 2682 407 2705 ac
428 2672 591 2717 quibusvis
609 2672 870 2716 obligationibus,
894 2672 989 2707 etiam

1673 257 1738 293 223

1020 315 1051 347 in
1063 315 1165 349 forma
1179 316 1341 357 Gamerae,
1357 316 1454 350 etiam
1472 326 1545 350 cum
1566 317 1760 360 iuramento,

1021 374 1051 400 et
1069 379 1289 410 censurarum,
1311 375 1341 402 et
1355 370 1497 404 mandati
1516 370 1697 414 exequutivi
1711 382 1763 405 su-

1020 421 1195 465 sceptione,
1213 422 1261 455 vel
1276 422 1354 456 alias
1369 423 1508 468 desuper
1520 424 1620 463 sactis,
1638 424 1762 458 etiamsi

1022 476 1060 508 de
1090 475 1152 509 illis
1188 476 1384 521 illorumque
1416 478 1491 511 totis
1526 478 1693 512 tenoribus
1724 479 1763 513 de

1021 529 1120 563 verbo
1151 529 1191 562 ad
1224 530 1356 563 verbum
1383 532 1523 573 mentio,
1552 543 1607 566 seu
1633 533 1763 577 quaevis

1022 582 1084 616 alia
1109 582 1272 626 expressio
1297 584 1445 618 habenda
1466 585 1517 625 sit,
1546 591 1576 619 et
1596 586 1628 618 in
1646 586 1691 620 eis
1711 597 1763 620 ca-

1022 641 1133 669 veatur
1143 646 1302 680 expresse,
1317 638 1403 681 quod
1415 649 1473 682 per
1485 638 1669 672 huiusmodi
1680 640 1766 673 clau-

1021 691 1107 724 sulas
1128 691 1316 733 generales,
1345 692 1441 726 etiarn
1468 693 1640 736 speci-alem
1669 703 1762 727 men-

1024 744 1143 777 tionem
1169 744 1393 788 importantes,
1422 745 1467 779 eis
1488 746 1678 789 derogatum
1697 757 1766 780 esse

1022 808 1086 831 non
1101 805 1280 840 censeatur,
1295 804 1350 832 aut
1364 799 1512 842 derogari
1527 810 1591 833 non
1605 800 1762 841 videatur,

1023 852 1083 885 nisi
1102 852 1197 886 certis
1218 853 1316 886 modo
1335 859 1366 886 et
1386 854 1489 887 forma
1511 854 1541 887 in
1563 854 1625 887 illis
1640 865 1766 898 expres-

1023 905 1064 938 sis
1084 905 1178 948 plene
1196 905 1382 940 observatis.
1405 907 1525 946 Quibus
1543 907 1705 949 omnibus,
1729 907 1766 941 il-

1023 959 1129 992 lorum
1150 964 1277 993 tenores
1302 970 1361 1004 pro
1387 961 1585 994 sufficienter
1610 961 1765 1006 expressis

1023 1011 1188 1054 habentes,
1217 1013 1279 1047 illis
1304 1014 1382 1047 alitis
1408 1014 1438 1047 in
1466 1025 1523 1048 suo
1553 1015 1669 1048 robore
1694 1026 1766 1059 per-

1024 1067 1181 1100 mansuris
1204 1067 1263 1101 hac
1295 1067 1363 1101 vice
1388 1069 1553 1101 dumtaxat
1583 1068 1766 1112 specialiter

1023 1124 1054 1152 et
1078 1130 1226 1164 expresse
1244 1121 1448 1164 derogamus,
1474 1122 1672 1167 caeterisque
1690 1133 1765 1156 con-

1024 1172 1129 1206 trariis
1149 1173 1418 1219 quibuscumque.

1068 1226 1128 1269 56.
1147 1227 1300 1262 Volumus
1321 1234 1427 1262 autem
1443 1229 1662 1274 praesentium
1680 1235 1765 1264 tran-

1023 1280 1179 1324 sumptis,
1205 1292 1303 1314 manu
1332 1282 1467 1316 alicuius
1496 1283 1612 1316 notarii
1642 1284 1764 1327 publici

1022 1332 1221 1376 subscriptis,
1246 1339 1277 1366 et
1305 1334 1411 1377 sigillo
1444 1335 1578 1369 alicuius
1606 1347 1763 1380 personae

1024 1385 1054 1418 in
1076 1386 1230 1428 dignitate
1248 1388 1463 1422 ecclesiastica
1484 1389 1676 1423 constitutae
1694 1401 1763 1423 mu-

1023 1437 1108 1478 nitis,
1133 1439 1278 1472 eamdem
1305 1450 1437 1484 prorsus
1461 1441 1558 1475 fidem
1585 1442 1616 1474 in
1644 1442 1763 1476 iudicio

1023 1496 1051 1524 et
1073 1497 1159 1525 extra
1185 1492 1216 1525 in
1242 1494 1392 1527 omnibus
1413 1501 1443 1527 et
1467 1506 1524 1539 per
1544 1496 1652 1529 omnia
1673 1496 1764 1530 adhi-

1023 1545 1103 1586 beri,
1127 1557 1209 1590 quae
1235 1547 1354 1581 eisdem
1382 1549 1604 1592 praesentibus
1629 1550 1763 1583 adhibe-

1024 1604 1123 1640 retur,
1151 1599 1175 1632 si
1201 1607 1306 1633 essent
1332 1600 1490 1635 exhibitae
1515 1602 1562 1634 vel
1589 1608 1745 1636 ostensae.

1067 1652 1179 1686 Datum
1206 1654 1326 1688 Romae
1351 1655 1435 1698 apud
1455 1662 1601 1689 sanctum
1622 1656 1762 1690 Marcum

1022 1707 1080 1739 sub
1106 1708 1226 1741 annulo
1252 1708 1422 1742 Piscatoris
1452 1709 1503 1742 die
1529 1720 1547 1742 v
1572 1710 1764 1753 septembris

1022 1771 1118 1802 MDCV,
1147 1761 1354 1805 pontificatus
1375 1763 1475 1796 nostri
1497 1773 1581 1796 anno
1603 1773 1622 1795 t.

1058 1831 1118 1858 Dat.
1141 1831 1183 1859 die
1196 1833 1219 1859 ,5
1239 1832 1400 1867 septembris
1424 1833 1500 1867 ¹605,
1522 1842 1594 1860 anno
1614 1841 1632 1860 1.

1360 2056 1414 2089 X‘.

1024 2190 1186 2223 Hortatur
1197 2200 1366 2235 proreycm
1396 2191 1531 2225 Siciliae
1550 2202 1590 2225 ne
1606 2203 1764 2236 paupere-s

1068 2245 1297 2278 ecclesiasticos
1322 2247 1460 2280 eiusdem
1498 2247 1592 2290 requi
1623 2247 1666 2280 ad
1689 2257 1763 2280 con-

1071 2299 1283 2332 tributionem
1299 2300 1537 2333 nonnullarum
1546 2305 1764 2345 pecuniarum

1069 2352 1219 2385 donativa
1239 2352 1368 2386 servitia
1390 2357 1657 2397 ›zuncttpaearum
1680 2363 1763 2386 com-

1066 2405 1148 2448 pelli
1164 2406 1282 2438 sinat?

1062 2504 1070 2529 1
1095 2504 1123 2529 In
1144 2503 1275 2539 principio
1296 2503 1374 2530 huius
1395 2504 1501 2531 constit.
1519 2503 1637 2531 innuitur
1652 2512 1763 2539 praere-

1025 2547 1105 2579 dens,
1122 2548 1237 2584 ideoque
1253 2549 1461 2584 postposuimus:
1483 2557 1545 2575 nam
1562 2553 1588 2575 et
1604 2549 1654 2575 sub
1669 2549 1762 2577 eedem

1025 2592 1066 2619 die
1080 2591 1193 2628 utraque
1205 2592 1265 2620 data
1282 2593 1339 2624 suit,
1357 2593 1405 2620 etsi
1422 2593 1485 2619 edit.
1503 2593 1584 2619 Main.
1603 2592 1671 2620 hane
1686 2594 1763 2621 tertia

1025 2636 1078 2670 die,
1099 2636 1171 2663 illam
1191 2638 1284 2673 quinta
1305 2645 1417 2664 erronee
1444 2637 1597 2664 subscrib-n
1618 2639 1655 2672 (η.
1677 2640 1725 2673 τ.).

1059 2680 1075 2707 2
1095 2680 1132 2708 Ex
1152 2681 1258 2716 Regest
1278 2681 1303 2709 in
1324 2681 1412 2709 Secret
1444 2681 1519 2709 Brev.

1783 270 1832 298 An.
1844 271 1873 299 C1
1894 272 1964 300 1605

1821 1239 1965 1267 Transumptis

1779 1266 1838 1287 credi
1853 1267 1918 1288 iubet.
