2227 3241
284 269 333 296 An.
355 268 382 296 C.
402 269 469 297 1604

293 755 466 781 Confirmattsque

283 783 379 809 Gregorii
391 784 466 802 tntu—ris

282 811 352 837 queml
369 816 400 833 ea,
412 813 466 834 quae

282 839 316 858 tite
346 842 467 861 esprunun-

283 867 325 884 tur:

318 2140 394 2161 lterum
408 2140 469 2164 erigit

285 2166 471 2187 err-lesiamssono-

285 2200 379 2213 «inensem
397 2194 415 2213 in
434 2199 470 2213 ar-

284 2220 472 2246 chiepiscopatum;

515 260 578 293 450

483 329 568 359 eum,
590 319 621 351 in
641 328 705 362 quo
725 324 819 351 antea
836 317 1082 361 quomodolibet
1103 318 1218 358 erant¹‚

482 377 610 413 statum,
628 371 657 403 in
673 371 822 404 omnibus
835 376 865 404 et
878 381 937 414 per
951 371 1070 410 omnia,
1088 371 1221 416 perinde

483 435 518 457 ae
537 425 562 457 si
583 424 765 457 nullatenus
780 430 992 464 emanassent,
1010 424 1218 465 restituimus,

483 478 685 521 reposuimus
708 483 738 511 et
765 478 907 521 plenarie
936 478 1218 521 reintegrarimus3

482 536 513 563 et
533 530 743 563 nihilominus
763 531 885 564 litteras
909 531 1054 574 Gregorii
1080 533 1218 576 praede-

482 583 616 616 cessoris
641 583 826 617 huiusmodi
852 595 887 617 ac
908 584 1016 617 omnia
1042 590 1071 618 et
1096 585 1222 628 singula

482 636 513 670 in
537 636 597 670 illis
625 642 774 670 contenta
799 638 951 682 (exceptis
983 639 1145 672 dumtaxat
1169 638 1218 678 iis,

482 702 564 736 quae
584 691 774 725 Imolensem
797 696 825 724 et
846 691 1044 726 Cerviensem
1071 692 1222 726 ecclesias

482 744 673 789 praedictas,
691 755 867 789 earumque
880 746 1054 789 praesules,
1072 745 1221 789 capitula,

483 798 635 840 civitates,
663 799 837 840 dioeceses,
868 800 1039 841 territoria,
1069 800 1221 833 terminos

483 858 509 885 et
533 853 687 896 populum
715 859 926 895 concernunt,
949 853 1026 887 nec²
1045 854 1221 898 praesenti-

482 905 541 939 bus
562 906 812 950 contrariantur)
830 907 1080 951 approbavimus
1097 914 1127 941 et
1144 918 1221 941 con-

482 958 696 1000 firmavimus,
720 971 756 993 ac
776 966 952 1004 perpetuae
973 965 1003 993 et
1030 960 1222 994 inviolabilis

482 1012 642 1046 firmitatis
662 1013 857 1057 apostolicae
883 1013 1045 1057 praesidio
1070 1024 1218 1047 eommu-

482 1065 630 1105 nivimus3
655 1077 772 1110 easque
795 1077 812 1099 a
834 1067 907 1100 data
931 1066 1112 1100 litterarum
1138 1067 1218 1101 Gre—

481 1118 562 1161 gorii
580 1119 836 1162 praedecessoris
853 1119 1038 1153 huiusmodi
1057 1120 1171 1161 valere,
1192 1126 1222 1153 et

481 1173 607 1216 plenam
624 1173 749 1206 roboris
764 1173 948 1206 firmitatem
963 1173 1120 1215 obtinere,
1137 1184 1223 1207 suos-

481 1237 542 1270 que
564 1227 725 1270 plenarios
741 1232 768 1260 et
788 1227 930 1269 integros
950 1227 1082 1260 effectus
1100 1227 1218 1269 sortiri,

480 1290 539 1313 nec
566 1290 630 1313 non
652 1279 727 1323 ipsis
752 1280 905 1313 ecclesiae
926 1286 957 1313 et
978 1280 1221 1325 archiepiscopo

481 1333 673 1367 Bononiensi
691 1334 860 1377 suffragari
878 1334 1036 1367 voluimus
1057 1339 1088 1367 et
1112 1334 1222 1368 decre-

481 1387 593 1429 vimus,
611 1387 643 1421 in
657 1388 807 1421 omnibus
824 1394 855 1421 et
874 1398 932 1431 per
949 1388 1068 1429 omnia,
1089 1388 1221 1432 perinde

480 1451 517 1474 ac
536 1440 560 1474 si
583 1446 674 1474 motu
693 1441 826 1485 proprio
849 1441 922 1475 dieti
951 1442 1097 1484 Gregorii
1123 1452 1221 1486 prae-

481 1493 656 1528 decessoris
681 1500 901 1535 emanassent,
930 1495 1062 1538 ipsaque
1088 1495 1222 1528 ccclesia

482 1547 691 1582 Bononiensis
704 1553 847 1591 [empore
859 1548 951 1581 datae
961 1548 1139 1581 litterarum
1149 1548 1222 1582 Gre—

482 1600 562 1642 gorii
581 1601 837 1644 praedecessoris
854 1601 1038 1635 huiusmodi
1050 1602 1122 1636 Sedi
1136 1602 1220 1646 Apo·

481 1655 624 1696 stolicae,
648 1666 712 1688 non
733 1661 840 1688 autem
867 1655 1020 1688 eeclesiae
1047 1661 1077 1689 et
1098 1656 1220 1689 archie-

481 1708 612 1752 piscopo
633 1709 865 1742 Ravennatensi
886 1709 1076 1753 praedietis,
1101 1709 1217 1742 imme-

481 1761 565 1795 diate
578 1761 730 1803 subiecta,
744 1772 779 1795 ae
795 1763 824 1795 in
839 1762 959 1796 eisdem
974 1762 1061 1795 nulla
1075 1762 1113 1795 de
1128 1762 1220 1796 dictis

481 1814 631 1848 imolensi
663 1825 698 1848 ac
729 1815 887 1849 Cerviensi
924 1816 1065 1849 ecclesiis
1099 1816 1220 1849 mentio

481 1869 562 1902 sacta
583 1869 713 1909 suisset3
742 1880 854 1903 omnes
875 1880 1004 1914 quoque
1029 1876 1059 1903 et
1078 1870 1220 1913 singulos

481 1923 684 1966 praedictos,
712 1935 749 1957 ac
774 1934 996 1968 quoscumque
1025 1924 1126 1965 alios,
1157 1929 1220 1957 tam

482 1976 560 2009 iuris
578 1987 675 2020 quam
701 1977 786 2019 sacti,
819 1987 944 2011 necnon
966 1977 1217 2019 solemnitatum,

483 2029 579 2063 etiam
608 2030 866 2064 substantialium
882 2059 889 2071 ‚
923 2032 1087 2072 defectus,
1115 2031 1140 2064 si
1166 2031 1220 2075 qui

484 2084 730 2126 quomodolibet
755 2084 1000 2118 intervenissent
1026 2085 1058 2117 in
1087 2084 1219 2126 eisdem,

485 2136 608 2170 etiamsi
628 2138 704 2171 tales
723 2144 827 2171 essent
845 2138 891 2171 vel
910 2138 1024 2178 forent,
1046 2138 1100 2182 qui
1122 2138 1153 2170 in
1170 2148 1223 2180 gc-

486 2189 586 2223 nerali
615 2190 785 2224 verborum
811 2202 960 2224 sermone
984 2201 1048 2224 non
1070 2201 1220 2235 compre-

487 2243 716 2285 henderentur,
733 2245 786 2278 sed
807 2247 880 2278 uota
895 2250 924 2277 et
938 2244 1139 2288 expressione
1154 2255 1224 2289 spe-

521 2372 531 2397 'i
555 2370 596 2398 Sic
611 2370 708 2406 legitur
724 2374 779 2397 tum
796 2370 848 2405 hie,
863 2374 917 2396 tum
932 2370 958 2396 in
974 2370 1117 2405 posteriori
1129 2372 1220 2398 Const.

485 2415 529 2442 cit.
548 2424 600 2442 non
616 2415 702 2442 solum
718 2414 743 2441 in
760 2414 825 2441 edit.
839 2415 922 2441 Main.
939 2415 987 2442 sed
1003 2415 1085 2442 etiam
1099 2416 1168 2451 apud
1189 2416 1221 2443 U-

483 2460 578 2496 ghelli:
598 2460 772 2487 nihilominus
783 2463 921 2496 oporteret
936 2460 1025 2487 forsan
1038 2460 1128 2494 legere
1143 2463 1221 2494 eram

484 2514 546 2532 nam
560 2506 593 2533 de
608 2505 724 2533 ecclesia
735 2504 934 2532 Ravennatensi
946 2505 1136 2540 reintegranda
1151 2513 1223 2533 nunc

485 2550 572 2585 agitur
588 2550 773 2577 tantummodo
788 2551 828 2581 (n.
848 2552 897 2581 τ.).

520 2594 537 2620 2
556 2594 601 2621 Sic
616 2595 714 2630 legitur
729 2598 784 2621 tum
801 2594 854 2627 hie,
870 2597 927 2620 tum
940 2593 967 2620 in
983 2593 1103 2621 inferiori
1116 2595 1221 2629 Const.‚

488 2643 543 2665 tum
559 2639 631 2674 apud
647 2638 770 2674 Uglielli:
790 2647 823 2665 an
843 2638 912 2665 foret
928 2638 1016 2673 potius
1032 2638 1175 2674 legendum
1191 2647 1223 2666 ac

490 2683 528 2710 vel
546 2692 661 2719 ›zet-uon,
682 2683 783 2711 iudicet
800 2683 918 2719 prudens
933 2683 1018 2710 lector
1034 2684 1069 2718 (n.
1086 2682 1134 2717 ²11).

1061 269 1243 294 BULLARIUM
1259 269 1412 294 ROMANUM

2007 270 2058 299 An.
2077 271 2109 300 C.
2123 271 2192 301 ¹6⁰1

1257 318 1327 351 ciali
1361 318 1561 361 indigerent.
1584 318 1824 363 supplevimus,
1851 329 1906 361 ae,
1934 328 1994 363 pro
2204 314 2205 317 ¹

1257 372 1392 414 potioris
1416 372 1560 405 cautelae
1592 371 1763 415 sum-agio,
1795 372 1994 416 praedictam

1257 425 1424 458 eeclesiam
1456 425 1693 459 Bononiensem
1726 425 1757 458 in
1789 425 1994 470 metropolim

1257 489 1328 511 cum
1350 478 1504 521 dignitate
1523 485 1553 512 et
1574 479 1648 513 sede
1666 479 1942 523 archiepiscopali,
1959 489 1995 512 ac

1257 531 1475 565 iurisdictione
1497 537 1528 565 et
1548 531 1774 576 superioritate
1801 532 1992 576 metropoli-

1257 584 1328 625 tica,
1345 595 1471 618 necnon
1491 585 1578 628 pallii
1594 590 1625 618 et
1638 585 1754 627 crucis,
1768 592 1804 619 ut
1822 585 1920 619 moris
1933 590 1992 627 est,

1255 637 1436 679 delatione,
1470 638 1668 683 reliquisque
1697 639 1848 672 omnibus
1874 645 1905 673 et
1931 639 1996 673 sin-

1255 691 1337 733 gulis
1354 691 1551 734 insignibus,
1569 692 1778 732 ornamentis,
1801 692 1992 734 honoribus,

1256 745 1440 789 privilegiis,
1465 746 1733 789 exemptionibus,
1757 746 1883 780 iuribus
1902 752 1933 780 et
1952 746 1996 780 sa-

1255 799 1445 840 cultatibus,
1469 798 1538 832 aliis
1559 799 1814 844 metropolitanis
1834 799 1992 840 ecclesiis,

1256 852 1294 885 de
1313 852 1381 885 iure
1402 852 1449 886 vel
1470 852 1715 894 consuetudine,
1738 858 1793 886 aut
1812 852 1889 887 alias
1908 863 1992 897 quo-

1256 905 1433 939 modolibet
1446 906 1716 950 competentibus,
1733 906 1772 939 de
1795 915 1879 939 novo
1898 905 1994 940 etiam

1255 964 1412 1002 perpetuo
1427 959 1587 992 ereximus
1601 964 1632 992 et
1645 958 1860 1000 instituimus;
1876 969 1913 992 ac
1930 964 1994 993 tam

1256 1013 1502 1054 Bononiensem,
1521 1012 1751 1054 placentinam,
1775 1012 1993 1054 Parmensem,

1255 1065 1443 1108 ttegiensem
1477 1071 1508 1099 et
1539 1065 1749 1100 Mutinensem
1782 1076 1799 1098 a
1835 1065 1996 1099 Ravenna-

1256 1119 1347 1161 tensi,
1364 1130 1460 1164 quam
1485 1120 1676 1153 Imolensem
1698 1126 1729 1153 et
1752 1119 1953 1153 Cerviensem
1978 1129 1996 1153 a

1255 1173 1449 1207 Bononiensi
1480 1173 1656 1217 provinciis
1676 1173 1886 1215 huiusmodi;
1913 1174 1992 1207 Fer-

1256 1227 1432 1261 rariensem
1461 1238 1559 1268 vero,
1591 1228 1825 1261 Ariminensem
1855 1233 1885 1261 et
1916 1227 1992 1262 Cre-

1257 1291 1398 1314 mensem
1424 1281 1626 1325 praedictas,
1657 1291 1782 1315 necnon
1804 1291 1887 1325 quae
1913 1280 1996 1314 infra

1256 1334 1398 1368 civitates
1415 1335 1632 1368 placentinam
1648 1341 1678 1369 et
1695 1335 1902 1369 Parmensem
1920 1344 1996 1369 con-

1256 1388 1337 1422 sistit
1350 1389 1393 1433 (et
1406 1388 1532 1433 pridem
1547 1399 1605 1433 per
1617 1399 1676 1422 nos
1693 1399 1711 1423 a
1731 1389 1900 1432 collegiata
1921 1394 1996 1422 tunc

1256 1442 1374 1476 nullius
1395 1442 1551 1476 dioecesis
1579 1442 1612 1476 in
1637 1442 1853 1476 cathedralem
1875 1447 1995 1483 erecta,

1256 1496 1424 1539 dictaeque
1444 1495 1517 1529 Sedi
1538 1495 1723 1529 immediate
1747 1494 1892 1528 subiecta
1916 1493 1995 1537 suit)

1255 1549 1351 1591 Burgi
1370 1548 1471 1582 sancti
1493 1547 1647 1582 Donnini¹
1671 1547 1842 1582 ecelesias’
1862 1547 1902 1580 ab
1929 1547 1991 1580 im-

1256 1602 1394 1635 mediata
1411 1601 1611 1635 subiectione
1632 1601 1775 1635 ciusdem
1797 1600 1887 1634 Sedis
1910 1601 1996 1644 Apo-

1254 1656 1400 1696 stolicae‚
1417 1661 1448 1688 et
1461 1656 1633 1699 (quatenus
1651 1654 1737 1699 ipsae
1755 1653 1910 1688 ecclesiae
1926 1654 1996 1688 Pla—

1254 1709 1392 1750 centina,
1404 1709 1598 1749 Parmensis,
1609 1708 1785 1751 Regiensis,
1797 1707 1995 1748 Mutinensis,

1254 1763 1445 1804 Cremensis,
1461 1762 1556 1805 Burgi
1577 1762 1678 1795 saneti
1696 1761 1859 1803 Domnini‚
1874 1761 1991 1795 Ferra-

1254 1817 1378 1859 rieusis,
1413 1816 1634 1857 Ariminensis,
1666 1815 1833 1850 Imolensis
1858 1821 1888 1849 et
1912 1814 1989 1849 Cer-

1255 1870 1381 1912 viensis,
1403 1871 1450 1904 vel
1472 1880 1582 1903 earum
1604 1869 1742 1913 aliquae,
1764 1867 1994 1902 Mediolanensi

1254 1923 1449 1968 praedictae,
1473 1923 1521 1956 vel
1542 1922 1736 1967 cuicumque
1756 1921 1847 1955 alteri
1868 1926 1992 1955 metro-

1254 1978 1416 2022 politanae
1435 1976 1632 2021 provinciae‚
1649 1975 1760 2021 quavis
1774 1975 1944 2010 occasione
1964 1981 1996 2009 et

1256 2033 1361 2072 causa,
1386 2031 1482 2064 etiam
1504 2030 1536 2063 in
1558 2030 1686 2063 illarum
1708 2029 1870 2063 erectione
1891 2034 1922 2062 et
1941 2029 1996 2075 5¹¹<

1255 2085 1433 2126 stitutione,
1464 2095 1519 2117 seu
1550 2084 1589 2117 de
1614 2084 1682 2118 iure
1711 2083 1857 2128 antiquo,
1881 2089 1936 2117 aut
1959 2093 1996 2116 ex

1256 2143 1374 2172 statuto
1391 2138 1440 2171 vel
1462 2136 1714 2178 consuetudine,
1738 2147 1796 2170 seu
1816 2135 1890 2170 dicti
1912 2135 1996 2170 Con-

1257 2192 1320 2225 cilii
1353 2192 1482 2226 decreto
1515 2191 1596 2224 sacta
1632 2189 1822 2232 electione³,
1857 2194 1888 2223 et
1917 2189 1997 2222 alias

1257 2245 1503 2289 quomodolibet
1526 2244 1701 2284 subiectae,
1730 2253 1915 2284 concessae,
1943 2242 1998 2275 ad-

2054 1765 2192 1786 Atiiudtcatis-

2009 1791 2193 1819 quaacctestistito
2220 1803 2221 1806 =

2009 1819 2196 1848 expressisasnpe-
2220 1818 2221 1823 ¹

2008 1844 2192 1866 rim-itatearchie-

2009 1872 2132 1898 piseaepatm
2147 1871 2192 1892 Ho-
2219 1890 2220 1894 ,

2010 1898 2146 1922 dintauensts;

1293 2371 1303 2397 1
1328 2370 1436 2397 Rectius
1447 2369 1545 2405 legitur
1555 2368 1626 2404 apud
1638 2367 1743 2403 Ughelli
1759 2367 1784 2393 in
1800 2366 1912 2394 Constit.
1930 2366 1998 2394 infra

1257 2414 1382 2451 ponenda
1394 2414 1489 2442 sancei
1510 2413 1646 2440 Domnini
1660 2413 1698 2448 (a.
1715 2411 1763 2447 T.).

1291 2460 1307 2486 2
1328 2459 1387 2486 Err.
1405 2458 1470 2485 edit.
1487 2457 1570 2485 Main.
1586 2456 1705 2492 hiclegit
1719 2456 1852 2491 ecclesia3
1870 2464 1930 2483 nam
1946 2456 1998 2484 sal-

1256 2508 1311 2531 tem
1327 2504 1472 2531 ecclesiam
1482 2504 1575 2538 legere
1586 2505 1740 2537 oporteret3
1757 2501 1805 2529 sed
1821 2505 1894 2528 recte
1908 2500 1935 2528 in
1950 2508 1999 2536 po-

1255 2549 1364 2577 steriori
1379 2548 1468 2575 Const.
1486 2551 1513 2574 et
1527 2547 1598 2583 apud
1621 2546 1725 2582 Ughelli
1744 2547 1796 2573 loc.
1819 2546 1864 2573 cit.
1881 2545 1999 2573 habetur

1255 2594 1388 2621 ecclesias
1402 2594 1441 2628 (ft.
1458 2593 1506 2627 Τ.).

1291 2639 1307 2666 3
1327 2637 1396 2665 Edit.
1418 2637 1502 2664 Μαίη.
1518 2636 1584 2672 legit
1599 2636 1752 2671 erectione,
1766 2636 1815 2663 sed
1829 2643 1954 2670 erronee,
1969 2639 1998 2662 ut

1257 2686 1329 2718 patet
1344 2684 1380 2717 (n.
1397 2683 1444 2716 r).
