2227 3241
252 274 301 298 An.
325 273 354 299 C.
375 271 441 299 1606

254 337 327 355 curura
341 339 439 360 praesen-

255 365 305 381 tium
353 360 439 380 sormam

253 394 293 407 non
309 387 384 408 ΠιΙι-ιιί,
399 392 438 406 ΠμΙ

252 413 385 439 impediantur
398 413 440 432 iux-

253 444 274 460 ta
290 442 345 466 tinges
359 441 391 459 luc
406 445 437 459 m·

252 472 343 492 pressas.

261 2042 372 2072 Clausulae
379 2046 439 2067 prae-

254 2072 343 2098 sentium
379 2074 438 2094 prae-

254 2098 380 2116 servaturae.

488 261 551 295 292
1035 270 1217 294 nurmmru
1234 270 1387 295 nomana

455 318 722 363 praedecessoris,
738 323 767 350 et
780 317 999 361 praesentium
1013 317 1192 351 litterarum

455 371 625 415 exequutio
653 369 833 413 aliquarum
865 370 971 403 forsan
993 370 1193 404 commissio-

453 435 528 458 num
550 430 603 457 aut
625 423 851 457 inhibitionum
873 429 1039 468 praetextu
1065 435 1120 457 seu
1143 424 1188 457 vi-

452 488 528 520 gore
565 477 700 511 ulterius
737 477 940 519 retardetur,
959 477 1126 511 ’volumus
1162 483 1191 511 et

451 530 571 574 pariter
585 530 788 564 declaramus
805 541 1025 575 quascumque
1039 530 1190 564 commis-

451 584 567 625 siones,
592 591 622 618 et
642 584 768 618 illarum
796 585 904 628 vigore
930 585 1025 618 etiam
1051 585 1090 618 ab
1116 584 1209 629 ipsis!

450 637 559 670 Palatii
585 638 759 682 Apostolici
786 639 1011 679 auditoribus,
1042 644 1097 672 aut
1122 638 1192 672 aliis

449 686 708 735 quibuscumque
727 691 898 732 iudicibus,
917 692 1146 725 commissariis
1161 697 1189 726 et

449 743 613 787 delegatis,
637 744 731 778 etiam
752 751 881 779 sanctae
901 745 1065 779 Romanae
1082 745 1191 779 Eccle-

449 797 514 831 siae
535 797 775 840 cardinalibus,
804 794 1002 832 emanandas
1027 798 1192 832 inhibitio-

448 861 504 884 nes
525 851 745 896 infrascriptos
763 858 988 896 exequutores,
1012 845 1192 897 eorumque

449 904 742 949 subexequutores,
770 911 825 939 aut
857 905 998 950 ipsarum
1023 906 1192 950 parochia-

449 957 527 991 lium
545 958 752 992 ecclesiarum
774 965 925 1000 rectores,
950 970 1006 994 seu
1024 965 1113 994 taxae
1134 960 1192 993 hu-

450 1012 589 1046 iusmodi
614 1013 802 1047 collectores
827 1020 882 1048 aut
906 1019 1069 1048 exactores
1093 1015 1193 1047 nulla·

451 1071 542 1098 tenus
566 1066 706 1108 afficere,
734 1078 839 1111 neque
864 1068 935 1101 illos
960 1074 1132 1112 propterea
1153 1067 1191 1101 ab

449 1119 635 1153 huiusmodi
661 1121 877 1164 exequutione
902 1121 1053 1165 impediri
1075 1122 1122 1154 vel
1141 1131 1191 1154 re-

450 1173 569 1206 tardari
594 1184 708 1217 posse,
736 1174 797 1207 nisi
823 1174 1069 1208 commissiones
1093 1185 1193 1218 prae-

451 1226 554 1260 dictae
576 1226 607 1259 in
628 1227 800 1269 signatura
820 1230 942 1267 nostra,
962 1228 1011 1261 vel
1032 1238 1092 1271 pro
1115 1234 1191 1261 tem-

450 1290 529 1323 pore
549 1280 712 1314 existentis
730 1281 867 1314 Romani
888 1281 1054 1314 Pontificis
1075 1281 1192 1325 (citatis

451 1333 630 1367 rectoribus
655 1334 870 1377 praefatarum
898 1334 1120 1375 ecclesiarum,
1144 1335 1190 1367 vel

451 1396 562 1419 eorum
578 1388 857 1430 procuratoribus,
878 1387 902 1420 si
924 1388 956 1420 in
974 1388 1118 1421 Romana
1132 1388 1192 1422 Cu-

451 1439 496 1472 ria
521 1440 637 1481 adsint,
665 1447 696 1474 et
713 1451 852 1484 quorum
875 1440 1021 1474 intererit
1038 1448 1091 1474 aut
1113 1442 1192 1474 inte-

451 1502 536 1525 resse
564 1494 682 1537 poterit
701 1493 947 1537 quomodolibet
975 1494 1005 1526 in
1032 1494 1188 1535 futurum,

451 1556 577 1579 necnon
606 1547 716 1580 audito
730 1547 878 1580 catholici
899 1547 984 1589 regis
1008 1553 1138 1581 oratore
1160 1559 1192 1581 a·

451 1600 517 1643 pud
541 1610 599 1633 nos
617 1606 647 1633 ct
664 1600 881 1644 Apostolicam
910 1600 1023 1634 Sedem
1043 1608 1192 1645 protem-

451 1663 530 1697 pore
550 1653 722 1695 residente,
754 1660 784 1687 et
808 1656 902 1687 causa
930 1655 1068 1697 cognita,
1092 1666 1209 1705 prae-³

452 1707 656 1750 sentiumque
677 1712 859 1741 nostrarum
889 1713 919 1741 et
947 1708 1024 1741 dicti
1044 1708 1190 1750 Gregorii

451 1760 710 1804 praedecessoris
740 1760 920 1794 litterarum
953 1761 1120 1794 tenoribus
1152 1762 1210 1808 adl

452 1815 585 1847 verbum
613 1814 644 1847 in
676 1814 738 1848 illis
764 1814 905 1857 insertis)
930 1815 1133 1859 propositae,
1162 1810 1209 1849 et1

453 1878 551 1900 manu
575 1869 696 1908 nostra,
720 1878 775 1901 seu
801 1868 946 1902 eiusdem
964 1878 1023 1912 pro
1048 1858 1209 1912 tempore1

454 1921 618 1954 existentis
637 1921 775 1955 Romani
796 1921 971 1962 pontificis,
994 1921 1209 1966 subscriptae*

455 1974 684 2008 emanaverint.

499 2029 515 2070 ἓ
541 2027 593 2061 lli.
626 2029 839 2063 Decernentes
864 2034 1048 2073 praesentes
1072 2029 1192 2062 litteras

455 2082 564 2126 (etiam
591 2092 627 2115 ex
652 2092 689 2116 eo
715 2083 802 2126 quod
827 2083 1016 2127 capitulum,
1045 2083 1190 2116 canonici

455 2140 485 2168 ct
508 2134 691 2168 beneficiati
716 2135 888 2179 praedicti,
915 2141 971 2169 aut
995 2135 1190 2180 quicumque

453 2188 507 2221 alii
533 2188 643 2234 quavis
664 2189 854 2223 auctoritate
878 2189 1046 2232 fungentes
1070 2200 1125 2223 seu
1146 2190 1193 2223 of-

453 2242 538 2284 ficio,
559 2242 684 2277 honore
708 2243 756 2277 vel
778 2243 934 2286 dignitate
955 2250 1019 2277 tam
1045 2244 1193 2278 ecclesia-

453 2296 531 2330 stica
549 2307 645 2341 quam
667 2297 831 2330 mundana
855 2297 1024 2341 pollentes,
1050 2297 1080 2330 in
1102 2308 1194 2341 prae-

454 2349 558 2384 missis
582 2360 639 2384 seu
665 2350 751 2383 circa
775 2360 812 2383 ea
840 2350 1086 2393 quomodolibet
1114 2350 1195 2383 inte-

454 2414 538 2437 resse
553 2403 707 2438 habentes
721 2414 777 2438 seu
794 2404 913 2437 habere
933 2404 1191 2447 praetendentes,

454 2457 494 2490 ad
515 2457 576 2490 hoc
596 2457 697 2491 vocati
724 2467 780 2491 seu
811 2457 941 2497 moniti,
970 2462 1001 2490 et
1028 2468 1123 2491 causa
1146 2457 1211 2494 vel,

456 2521 582 2552 causae,
602 2516 735 2555 propter
755 2521 834 2555 quas
854 2510 1046 2554 praemissas
1067 2499 1212 2544 emana-t

456 2569 540 2606 runt,
566 2575 674 2598 coram
696 2564 788 2598 nobis
813 2574 868 2598 seu
894 2564 989 2598 etiam
1011 2574 1118 2597 coram
1138 2563 1191 2597 Or·

458 2617 582 2650 dinario
602 2617 676 2659 loci,
693 2623 748 2651 aut
760 2618 837 2651 alias
858 2617 1104 2662 quomodolibet
1124 2626 1194 2650 exa-

459 2670 596 2704 minatae
622 2677 652 2705 ct
674 2671 861 2706 iustificatae
885 2680 950 2705 non
975 2669 1108 2710 suerint,
1135 2679 1193 2703 nec

1226 318 1410 362 praemissis
1438 318 1680 359 consenserint,
1715 328 1771 352 seu
1799 318 1963 363 quibusvis

1226 370 1296 404 aliis
1321 371 1360 403 de
1385 370 1504 410 causis,
1534 369 1628 403 etiam
1659 370 1899 415 inexcogitatis)
1923 371 1963 405 de

1225 423 1444 468 subreptionis
1458 423 1505 456 vel
1526 423 1726 468 obreptionis
1739 429 1793 458 aut
1809 424 1963 459 nullitatis

1226 477 1312 518 vitio,
1336 488 1391 511 seu
1420 476 1606 511 intentionis
1625 482 1754 511 nostrae
1778 477 1826 511 vel
1851 477 1964 522 quovis

1225 531 1287 564 alio
1305 531 1431 565 defectu
1453 531 1648 575 impugnari,
1671 537 1727 566 aut
1750 532 1789 565 ad
1810 532 1964 566 terminos

1226 584 1302 618 iuris
1322 595 1377 618 seu
1402 585 1524 627 gratiae
1553 585 1682 626 reduci,
1706 585 1752 619 vel
1779 585 1811 618 in
1837 585 1886 619 ius
1910 591 1965 619 aut

1226 637 1475 671 controversiam
1488 638 1547 671 sub
1559 648 1764 683 quocumque
1782 643 1961 683 praetextu,

1226 691 1322 726 etiam
1343 691 1425 725 iusto
1447 697 1477 725 et
1494 692 1689 733 rationabili,
1712 702 1766 726 seu
1788 692 1866 726 alias
1885 702 1965 737 quo-

1227 745 1403 779 modolibet
1416 745 1546 788 infringi
1560 745 1606 779 vel
1620 745 1764 779 revocari
1781 745 1965 779 nullatenus

1226 809 1330 842 posse,
1353 799 1408 832 sed
1433 798 1504 832 illas
1527 809 1657 843 semper
1677 804 1708 833 et
1731 804 1890 844 perpetuo
1910 809 1964 833 va-

1227 852 1307 885 lidas
1327 858 1357 886 et
1381 852 1526 886 efficaces
1552 853 1707 894 existere,
1734 863 1874 897 suosque
1897 851 1966 898 ple-

1227 906 1334 939 narios
1352 912 1382 939 et,
1402 905 1543 949 integros
1562 906 1693 940 effectus
1710 906 1818 940 sortiri
1836 912 1867 940 et
1886 905 1966 940 ohti-

1227 970 1314 1000 nere,
1331 970 1367 993 ac
1386 960 1425 993 ab
1440 960 1590 993 omnibus
1609 960 1836 994 inviolabiliter
1856 960 1965 994 obser-

1228 1013 1307 1054 vari,
1330 1023 1455 1047 necnon
1476 1013 1534 1046 sub
1552 1013 1717 1057 quibusvis
1737 1014 1890 1048 similium
1916 1014 1964 1048 vel

1227 1067 1428 1100 dissimilium
1448 1067 1624 1110 gratiarum
1642 1067 1913 1109 revocationibus,
1932 1067 1966 1102 ti-

1227 1120 1458 1159 mitationibus,
1482 1121 1756 1164 suspensionibus,
1781 1120 1965 1165 derogatio-

1227 1174 1337 1214 nibus,
1365 1174 1579 1208 Cancellariae
1605 1174 1809 1218 Apostolicae
1832 1175 1962 1218 regulis,

1227 1233 1281 1261 aut
1294 1228 1362 1261 aliis
1376 1228 1546 1261 contrariis
1561 1228 1825 1272 dispositionibus
1838 1239 1856 1262 a
1873 1228 1966 1262 nobis

1226 1282 1274 1315 vel
1295 1282 1364 1314 aliis
1385 1281 1538 1314 Romanis
1561 1280 1772 1314 Pontificibus
1796 1292 1968 1315 successo⁴

1227 1335 1314 1368 ribus
1339 1334 1466 1375 nostris,
1490 1334 1584 1367 etiam
1611 1344 1648 1367 ex
1669 1334 1844 1378 quibusvis,
1862 1344 1964 1379 quan-

1227 1388 1342 1421 tumvis
1363 1387 1544 1421 iustissimis
1564 1387 1677 1428 causis,
1702 1388 1797 1420 etiam
1819 1387 1859 1421 ad
1880 1387 1967 1432 capi-

1228 1442 1283 1474 tuli
1312 1448 1343 1475 et
1374 1441 1605 1475 canonicorum
1637 1447 1668 1474 et
1698 1440 1965 1475 beneficiatorum

1227 1495 1424 1535 huiusmodi,
1448 1500 1502 1528 aut
1527 1495 1662 1528 aliorum
1685 1504 1966 1538 quorumcumque

1227 1548 1433 1589 instantiam,
1465 1548 1616 1581 intuitum
1642 1548 1690 1581 vel
1720 1548 1966 1592 contemplatio-

1226 1612 1322 1642 nem,
1351 1601 1447 1634 etiam
1480 1606 1567 1634 motu
1600 1601 1731 1645 proprio
1757 1607 1787 1635 et
1812 1612 1848 1635 ex
1880 1603 1967 1635 certa

1226 1655 1369 1695 scientia,
1388 1666 1424 1688 ac
1442 1655 1481 1688 dc
1498 1655 1694 1698 apostolicae
1712 1655 1878 1698 potestatis
1899 1655 1967 1699 ple-

1227 1709 1384 1749 nitudine,
1398 1719 1433 1741 ac
1445 1708 1540 1741 etiam
1556 1708 1830 1749 consistorialiter,
1847 1713 1878 1742 et
1890 1708 1967 1742 alias

1227 1762 1473 1806 quomodolibet
1504 1762 1660 1796 emanatis
1694 1767 1725 1795 et
1753 1761 1964 1802 emanandis,

1227 1816 1409 1849 nullatenus
1427 1816 1687 1859 comprehensas,
1707 1816 1762 1849 sed
1779 1826 1907 1859 semper
1927 1815 1966 1849 ah

1228 1869 1290 1903 illis
1305 1875 1462 1912 exceptas,
1479 1874 1510 1902 et
1524 1868 1649 1912 quoties
1662 1868 1736 1902 illae
1755 1868 1964 1910 emanabunt,

1228 1923 1320 1957 toties
1341 1923 1373 1955 in
1394 1922 1566 1966 pristinum
1593 1928 1623 1955 et
1648 1922 1880 1955 validissimum
1897 1927 1964 1956 sta—

1227 1982 1293 2010 tum
1320 1976 1492 2016 restitutas,
1513 1975 1670 2020 repositas
1691 1980 1722 2009 et
1748 1975 1892 2020 plenarie
1910 1985 1964 2008 re-

1227 2030 1399 2072 integratas
1423 2040 1460 2062 ac
1485 2029 1524 2063 de
1544 2039 1628 2062 novo
1654 2029 1750 2062 etiam
1775 2029 1834 2062 sub
1861 2034 1967 2072 poste-

1228 2083 1305 2116 riori
1315 2083 1388 2116 data
1399 2083 1471 2126 (per
1484 2087 1626 2116 rectores
1640 2082 1679 2115 de
1693 2091 1776 2115 novo
1786 2087 1966 2115 erectarum

1228 2136 1463 2181 parochialium
1478 2136 1686 2170 ecclesiarum
1708 2135 1907 2176 huiusmodi,
1918 2136 1968 2169 vel

1228 2201 1292 2231 eOS,
1313 2201 1451 2235 quorum
1473 2200 1531 2234 pro
1554 2196 1699 2234 tempore
1724 2189 1969 2234 quomodolibet

1209 2243 1373 2296 'intererit
1392 2254 1449 2277 seu
1477 2243 1630 2277 interesse
1654 2243 1783 2287 poterit,
1807 2242 1966 2286 eligenda)

1228 2307 1394 2330 concessas
1412 2307 1480 2330 esse
1501 2296 1645 2337 censeri;
1668 2296 1778 2340 sicque
1797 2306 1856 2340 per
1871 2306 1968 2340 quos-

1229 2361 1368 2394 cumque
1392 2349 1514 2383 iudices
1539 2355 1569 2383 et
1594 2348 1832 2383 commissarios
1857 2348 1967 2392 quavis

1229 2402 1421 2437 auctoritate
1452 2403 1642 2445 fungentes,
1670 2402 1766 2436 etiam
1796 2412 1967 2435 causarum

1229 2456 1340 2489 Palatii
1366 2455 1541 2499 Apostolici
1573 2455 1736 2489 auditores
1759 2455 1964 2499 praedictos,

1228 2520 1265 2542 ac
1281 2515 1409 2543 sanctae
1427 2509 1592 2543 Romanae
1608 2508 1769 2542 Ecclesiae
1789 2508 1968 2542 cardinales

1229 2563 1367 2607 (sublata
1383 2562 1428 2595 eis
1447 2567 1477 2595 et
1496 2572 1608 2595 eorum
1629 2561 1761 2595 cuilibet
1781 2561 1892 2605 quavis
1908 2561 1966 2594 ali-

1230 2622 1277 2650 ter
1294 2615 1458 2649 iudicandi
1476 2621 1506 2648 et
1523 2614 1754 2659 interpretandi
1775 2615 1924 2648 facultate
1938 2620 1968 2648 et

1228 2667 1431 2711 auctoritate)
1449 2667 1570 2712 ubique
1595 2673 1625 2701 et
1642 2667 1674 2701 in
1695 2678 1899 2713 quacumque
1920 2667 1968 2700 in-
