2227 3241
212 281 262 307 An.
279 280 308 306 c.
329 280 397 307 1610
443 270 506 303 (528

982 279 1160 303 natitantuiw

413 328 509 372 incipi
536 328 672 361 debeant
704 327 782 359 infra
813 327 893 359 duos
919 337 1043 359 menses
1072 338 1146 360 cm·-

412 387 517 414 rentes
538 392 553 413 a
575 381 625 413 die
645 380 768 424 primae
787 380 1017 424 requisitionis,
1042 386 1072 413 et
1091 391 1150 424 pro

412 434 516 478 prima
543 434 751 477 requisitione
776 433 850 466 dicti
877 434 1025 467 consules
1047 433 1146 466 inter-

412 487 620 531 pretabantur
645 487 782 530 primam
805 487 985 520 instantiam
1012 488 1050 520 ad
1077 498 1148 520 sen-

413 540 557 579 tentiamg
576 540 646 573 ideo
664 540 832 573 declaravit
850 546 878 574 ot
897 531 1048 584 definivit,
1063 542 1149 585 quod

414 593 568 626 terminus
593 594 731 626 duorum
754 593 911 626 mensium
934 601 1038 627 currat
1061 605 1078 628 a
1099 595 1149 628 die

412 647 535 689 primae
549 646 711 690 petitionis
727 646 920 680 iudicialiter
933 648 1041 680 tactae.
1059 648 1149 687 Quod

412 699 437 732 si
451 709 509 742 pro
523 699 658 732 alicuius
672 710 786 733 causae
805 701 1007 744 expeditione
1021 711 1150 734 necesse

413 758 494 785 esset
515 753 637 796 aliquas
654 754 860 797 probationes
880 755 983 787 facere
1002 755 1031 787 in
1053 755 1151 799 parti-

413 805 471 839 bus
492 806 687 850 longinquis,
709 812 784 840 tunc
802 814 831 840 et
849 819 886 841 eo
905 819 978 841 casu
993 809 1151 849 eonsules,

411 859 523 892 habito
541 863 691 903 respectu
705 862 743 894 ad
762 861 822 894 loci
841 861 1022 895 distantiam
1038 868 1068 895 et
1081 873 1152 906 pro-

414 912 578 945 bationum
602 914 808 957 qualitatem,
832 915 968 947 debcant
991 915 1151 958 assignare

412 965 494 1009 parti
516 966 642 999 uincam
668 973 788 1000 tantum
811 968 997 1001 dilationem
1021 979 1151 1012 compe-

414 1024 532 1052 tentem
560 1020 598 1052 ad
624 1019 827 1063 probandum
854 1020 1009 1064 quicquid
1035 1021 1099 1054 vult.
1123 1026 1151 1054 et

413 1078 538 1115 potest:
560 1084 642 1117 quae
668 1074 778 1107 dilatio
803 1075 848 1107 sic
872 1075 1064 1117 assignanda
1089 1086 1153 1108 non

415 1132 618 1169 computetur
631 1127 662 1159 in
675 1128 813 1160 termino
828 1128 964 1161 duorum
981 1128 1149 1162 mensium:

416 1179 445 1211 in
469 1179 600 1223 reliquis
618 1179 711 1213 firma
732 1188 919 1215 remaneant
937 1182 1043 1215 omnia
1062 1182 1092 1215 in
1111 1183 1154 1215 di-

415 1237 465 1265 cto
486 1233 626 1277 capitulo
653 1234 806 1278 disposita
827 1240 857 1268 et
878 1242 1038 1268 contenta.
1067 1236 1150 1269 Con-

414 1286 498 1319 sules
526 1297 601 1320 vero
626 1297 691 1320 non
717 1287 883 1321 incurrant
906 1299 1043 1332 poenam
1077 1300 1151 1322 scu-

415 1345 519 1372 torum
550 1341 756 1383 octuaginta,
785 1342 845 1374 nisi
871 1348 978 1385 partes
1003 1343 1033 1374 in
1063 1343 1154 1376 dictis

416 1392 542 1425 duobus
563 1394 726 1427 mensibus
753 1394 923 1427 institerint
947 1406 1005 1438 pro
1027 1396 1173 1439 expedi-i

415 1445 511 1478 tione.
536 1447 571 1479 Et
594 1448 701 1490 quoad
722 1448 897 1491 capitulum
920 1458 971 1482 xxt
993 1449 1031 1482 de
1052 1455 1152 1482 extra-

416 1499 521 1532 ctione
543 1500 683 1533 iudicum
705 1502 972 1545 appellationum,
993 1503 1067 1546 quia
1085 1513 1174 1536 con-¹

418 1552 539 1597 tingere
560 1559 678 1597 potest,
700 1555 787 1598 quod
801 1555 868 1598 per1
884 1557 1046 1597 consules,
1067 1563 1154 1600 post-

417 1616 512 1648 quam
532 1607 720 1640 sententiam
741 1608 872 1641 tulerint
890 1609 1085 1642 definitivum
1101 1621 1155 1642 seu

417 1658 718 1703 interloquutoriam
740 1672 757 1694 a
778 1673 840 1705 qua
857 1662 951 1695 detur
968 1663 1152 1706 appellatio,

416 1719 565 1746 recusent
597 1714 702 1747 faeere
734 1715 960 1748 extractionem
988 1715 1152 1753 iudicum,

418 1766 594 1810 imponitur
613 1778 717 1811 poena
738 1768 857 1801 eisdem
881 1769 1066 1802 consulibus
1083 1780 1156 1802 scu-

418 1826 524 1853 torum
553 1821 735 1864 octuaginta
762 1821 854 1861 auri,
884 1822 942 1854 nisi
971 1822 1076 1855 statim
1105 1823 1153 1855 in-

419 1874 573 1918 terposita
601 1874 817 1918 appellatione
851 1876 890 1908 ad
925 1876 1064 1919 partiunt
1102 1888 1156 1909 seu

418 1928 550 1962 alterius
575 1939 685 1961 earum
709 1929 892 1962 instantiam
918 1930 1006 1962 non²
1026 1931 1159 1963 fecerint

419 1981 648 2015 extractionem
676 1982 831 2016 iudicum.
856 1983 890 2016 Et
918 1983 991 2016 licet
1016 1984 1047 2016 in
1073 1985 1157 2018 dicto

420 2035 560 2078 capitulo
581 2036 781 2079 disponatur,
806 2037 893 2080 quod
914 2037 1035 2070 iudices
1056 2044 1158 2071 extra-

420 2089 515 2122 ltendi
541 2089 603 2122 sint
628 2099 764 2122 numero
785 2096 925 2133 septem,
950 2090 1158 2124 nihilominus

420 2142 510 2176 iustis
542 2143 581 2176 de
614 2143 717 2176 causis
750 2143 899 2176 redactus
924 2144 982 2177 suit
1005 2154 1159 2177 numerus

420 2196 460 2228 ad
481 2196 624 2239 quinque
646 2201 779 2236 tantum,
801 2197 901 2229 tirmis
920 2198 1160 2231 remanentibus

421 2249 491 2282 aliis
509 2249 541 2281 in
559 2249 644 2282 dicto
662 2250 802 2293 capitulo
821 2250 1159 2294 dispositis,utsupra.

421 2301 456 2334 Et
478 2302 509 2334 in
530 2302 669 2346 capitulo
683 2313 714 2336 tv
733 2303 762 2334 in
782 2313 845 2346 quo
864 2303 1056 2346 disponitur,
1074 2304 1160 2347 quod

422 2365 457 2386 ex
476 2354 577 2387 tribus
592 2355 777 2388 consulibus
795 2366 876 2388 unus
894 2356 931 2388 sit
946 2356 1158 2396 Florentinus,

423 2407 504 2440 atius
529 2408 780 2449 ultramarinus,
817 2414 847 2441 et
882 2409 993 2442 tertius
1025 2409 1162 2442 cuiusvis

423 2460 555 2494 alterius
575 2461 729 2502 nationis,
752 2461 835 2494 idem
859 2461 1010 2503 magister
1030 2462 1162 2495 lacobus

424 2513 653 2555 thesaurarius,
677 2515 764 2559 quod
791 2515 822 2548 in
847 2525 982 2548 numero
1004 2522 1032 2548 et
1054 2516 1162 2559 appel-

424 2565 542 2600 latione
579 2568 839 2602 Florentinorum
874 2569 1096 2611 intelligantur
1133 2576 1164 2601 et

462 2638 472 2663 1
496 2638 568 2665 Haec
587 2639 750 2674 praepositio
762 2648 816 2674 per
831 2639 946 2666 delenda
958 2639 1063 2666 videtur
1075 2643 1113 2673 (a.
1126 2642 1162 2670 T).

460 2682 474 2707 *2
497 2682 631 2717 Repetitio
645 2685 784 2718 negativas·
800 2685 938 2720 superssua
956 2692 993 2719 gn.
1012 2685 1058 2710 τὰ

1188 279 1338 303 ROMANUM

1185 326 1501 370 comprehendantur
1534 337 1597 360 non
1629 327 1733 361 solum
1759 329 1920 362 naturales

1185 380 1358 413 Florentini
1385 391 1421 413 ex
1447 380 1513 424 ipsa
1539 380 1664 413 civitate
1688 380 1867 416 Florentiae
1888 392 1921 415 ο-

1187 434 1310 474 rinndi,
1338 433 1392 466 scd
1419 434 1513 466 etiam
1540 444 1650 467 omnes
1675 434 1727 467 alii
1761 434 1801 467 de
1833 434 1921 468 Statu

1185 498 1220 520 ac
1244 487 1362 520 subditi
1385 493 1413 520 et
1440 487 1564 521 vassalli
1591 487 1697 521 dilecti
1723 487 1780 520 sitii
1805 488 1922 521 nobilis

1186 540 1242 573 viri
1256 540 1358 574 Cosmi
1374 541 1541 574 lIetruriae
1558 541 1617 574 sibi
1635 541 1798 574 subiectae
1815 541 1922 584 magni

1186 594 1286 634 ducis,
1307 594 1482 627 dummodo
1501 594 1639 627 habeant
1659 594 1736 628 alias
1753 594 1924 638 qualitates

1185 653 1214 680 et
1239 647 1439 681 conditiones
1464 658 1481 680 a
1507 647 1653 691 capitulis
1678 647 1866 692 requisitas,
1894 654 1925 681 et

1185 701 1272 743 alias,
1286 708 1381 745 prout
1400 702 1430 734 in
1449 702 1531 734 dicta
1550 701 1766 735 declaratione
1785 701 1925 735 etresor-

1187 755 1327 788 matione
1347 766 1405 798 per
1426 755 1544 788 dietum
1566 755 1754 797 magistrum
1771 754 1922 788 Iacobum

1187 808 1421 841 thesaurarium
1444 808 1474 840 in
1495 808 1572 842 actis
1593 808 1699 842 dilecti
1720 807 1778 840 filii
1797 807 1924 842 Ioannis

1186 862 1290 895 iacobi
1316 862 1479 904 Bulgarini
1506 862 1609 895 dictae
1630 861 1783 896 Gamerae
1808 861 1922 895 notarii

1186 914 1326 948 exhibita
1346 915 1472 958 plenius
1492 915 1608 948 dicitur
1629 915 1796 949 contineri.

1231 969 1246 1010 S
1262 967 1291 1000 5.
1307 968 1379 1009 Nos,
1397 979 1461 1011 quo
1476 968 1649 1001 declaratio
1667 973 1721 1001 aut
1738 967 1924 1001 reformatio

1188 1021 1371 1054 huiusmodi
1397 1021 1521 1055 firmius
1546 1021 1720 1055 subsistant
1740 1027 1770 1054 et
1789 1021 1828 1054 ab
1850 1032 1922 1062 oui-

1188 1074 1282 1107 nibus
1301 1075 1526 1108 inviolabiliter
1547 1075 1768 1116 observentur,
1785 1075 1817 1108 in
1834 1086 1925 1119 prae-

1189 1128 1291 1161 missis
1304 1128 1473 1172 providere
1492 1129 1643 1170 volentes,
1658 1129 1786 1162 illarum
1802 1135 1926 1162 tenores

1189 1181 1409 1224 praesentibus
1427 1193 1484 1225 pro
1502 1182 1596 1226 plene
1615 1188 1643 1215 et
1661 1182 1859 1215 sufficienter
1876 1193 1928 1215 ex-

1189 1235 1305 1278 pressis
1326 1241 1356 1267 et
1376 1236 1415 1268 ad
1437 1236 1570 1269 verbum
1596 1236 1722 1269 insertis
1747 1236 1902 1269 babentes
1917 1263 1924 1277 ‚

1188 1288 1477 1332 supplicationibus
1502 1289 1633 1322 nomine
1659 1289 1762 1322 dictae
1783 1299 1928 1322 commu-

1189 1342 1296 1375 nitatis
1317 1349 1346 1375 et
1364 1343 1530 1375 consulum
1550 1354 1586 1376 ac
1606 1343 1818 1376 universitatis
1836 1342 1928 1376 nobis

1190 1395 1354 1429 lmmiliter
1379 1396 1535 1439 porrectis
1561 1396 1716 1437 inclinati,
1741 1396 1929 1429 declaratio-

1190 1459 1261 1481 nem
1289 1455 1317 1481 et
1344 1449 1603 1482 reformationem
1630 1449 1821 1493 praedictas,
1844 1449 1929 1483 iuxta

1191 1502 1396 1535 limitationes
1417 1513 1473 1546 per
1493 1503 1612 1535 dictum
1636 1503 1821 1545 magistrum
1843 1503 1929 1536 Iaco-

1190 1555 1264 1587 bum
1289 1555 1534 1595 thesaurarium,
1556 1561 1589 1588 ut
1607 1556 1796 1599 praefertur,
1817 1556 1926 1596 factas,

1190 1608 1378 1642 auctoritate
1404 1609 1600 1652 apostolica,
1633 1615 1743 1642 tenore
1770 1620 1925 1653 praesen-

1192 1662 1289 1702 tium,
1313 1662 1530 1705 approbamus
1556 1669 1585 1695 et
1611 1661 1858 1704 confirmamus,
1883 1663 1930 1696 di-

1173 1720 1304 1763 ¹etaque
1330 1715 1468 1758 capitula
1494 1720 1524 1747 et
1548 1720 1664 1748 statuta
1689 1726 1761 1748 cun]
1788 1716 1929 1749 declara-

1193 1768 1277 1800 tione
1295 1774 1325 1801 et
1343 1768 1571 1801 reformatione
1585 1769 1779 1812 praemissis,
1792 1779 1850 1802 nec
1865 1779 1930 1803 non

1191 1821 1366 1864 privilegia,
1381 1821 1608 1865 exemptiones,
1627 1822 1791 1855 facultates
1806 1828 1836 1856 et
1850 1822 1930 1863 iura,

1191 1875 1229 1907 ad
1249 1875 1404 1907 maiorem
1426 1875 1581 1908 cautelam
1600 1881 1757 1919 perpetuo
1775 1870 1931 1920 approba-

1192 1938 1273 1967 mus,
1302 1928 1533 1962 confirmamus
1553 1935 1583 1961 et
1603 1928 1803 1969 innovamus,
1827 1939 1864 1962 ac
1889 1928 1928 1961 ab

1191 1982 1342 2015 omuibus
1353 1981 1515 2015 observari
1527 1982 1674 2015 volumus
1687 1988 1716 2015 et
1729 1982 1930 2016 mandamus.

1236 2035 1250 2078 ἓ
1274 2035 1303 2067 (3.
1332 2035 1469 2078 Sicque,
1499 2040 1529 2068 et
1559 2045 1625 2068 non
1645 2035 1733 2076 alias,
1757 2046 1814 2079 per
1834 2045 1931 2079 quos-

1192 2099 1330 2132 cumque
1357 2088 1476 2121 iudices
1502 2088 1684 2122 ordinarios
1705 2094 1735 2122 et
1755 2089 1928 2132 delegatos,

1192 2142 1287 2174 etiam
1314 2152 1481 2175 causarum
1508 2142 1618 2175 Palatii
1644 2141 1817 2186 Apostolici
1843 2141 1930 2175 audi-

1193 2200 1276 2228 tores
1298 2200 1327 2228 et
1347 2201 1475 2229 sanetae
1496 2196 1659 2228 Romanae
1679 2195 1838 2228 Ecclesiae
1859 2205 1930 2228 car-

1193 2249 1316 2281 dinales
1330 2276 1339 2289 ,
1363 2249 1457 2281 etiam
1479 2249 1518 2281 de
1538 2249 1636 2282 latere
1657 2249 1778 2291 legatos
1796 2247 1934 2291 (sublata

1194 2302 1238 2335 eis
1264 2308 1293 2335 et
1319 2313 1430 2335 eorum
1452 2303 1583 2336 cuilibet
1603 2303 1712 2346 quavis
1732 2302 1826 2335 aliter
1845 2301 1931 2335 iudi-

1195 2355 1288 2388 candi
1310 2362 1338 2388 ct
1360 2355 1594 2399 interpretandi
1615 2356 1764 2388 facultate
1783 2359 1813 2388 et
1829 2360 1934 2387 aucto-

1195 2409 1288 2442 ritate
1301 2410 1323 2452 ),
1353 2409 1488 2442 iudicari
1514 2414 1544 2442 et
1570 2408 1696 2443 definiri
1728 2408 1869 2449 debere,
1897 2419 1933 2441 ac

1197 2463 1322 2495 irritum
1349 2468 1379 2495 et
1404 2462 1520 2503 inane,
1557 2462 1582 2495 si
1607 2473 1698 2496 secus
1723 2471 1819 2505 super
1843 2461 1892 2495 his
1916 2472 1934 2494 a

1197 2525 1384 2558 quoquam,
1413 2515 1525 2558 quavis
1555 2515 1767 2554 auctoritate,
1796 2513 1934 2547 scienter

1196 2569 1243 2601 vel
1270 2568 1474 2610 ignoranter,
1499 2567 1669 2610 contigerit
1690 2567 1856 2607 attentari,
1879 2567 1935 2600 de-

1197 2621 1370 2655 cernimus.

1242 2677 1258 2716 ς
1281 2674 1308 2707 7.
1334 2675 1401 2709 Non
1427 2674 1626 2708 obstantibus
1650 2673 1822 2714 omnibus,
1851 2683 1955 2718 quae.

1935 279 1983 306 An.
2000 279 2028 306 C.
2050 279 2119 307 16¹0

1980 968 2073 989 Pontifex
2088 972 2125 988 eas

1938 1000 1949 1016 c
1960 995 2126 1019 ›nnr1n³t‚s=¹=·=a·

1941 1028 2000 1048 rique

2016 1028 2047 1041 ms·
2053 1021 2108 1042 tntu'.

1973 2027 2094 2050 Ctausulae.

1962 2663 2075 2693 Derogatio
2084 2667 2131 2684 con-

1957 2695 2068 2713 rariorum.
