2227 3241
842 257 989 281 CLEMENS
1011 257 1066 281 viu
1086 257 1135 280 rr.
1649 242 1705 276 181

223 304 263 338 de
279 305 498 350 subreptionis
519 312 550 339 et
569 305 779 350 obreptionis,
795 315 852 339 seu
868 305 964 339 nulli·
981 328 982 351 ,
1000 305 1184 348 rogatoriis,
1210 304 1346 349 aliisque
1367 303 1614 343 efficacioribus,
1638 301 1744 336 effica-

225 358 295 392 tatis
312 358 400 400 vitio,
421 365 476 393 aut
489 359 677 393 intentionis
693 365 822 393 nostrae
840 359 887 392 vel
902 358 965 392 alio
982 366 983 392 1
1000 358 1135 392 cissimis
1160 363 1190 391 et
1215 358 1351 392 insolitis
1377 357 1538 398 clausulis,
1559 367 1595 390 ac
1616 356 1744 389 irritan-

223 422 431 458 quocumque
456 413 581 447 defectu
607 414 729 454 notari,
757 414 962 457 impugnari⁷
1002 411 1085 444 tibus
1098 417 1128 445 et
1139 411 1210 444 aliis
1224 411 1373 452 decretis,
1390 411 1485 444 etiarn
1502 416 1601 452 motu,
1611 410 1743 444 seientia

225 465 389 509 redargui,
417 472 472 500 aut
496 466 639 509 infringi,
668 466 830 507 revocari,
859 472 964 500 retra·
983 476 985 523 ε1
1001 469 1032 496 et
1048 464 1214 508 potestatis
1233 464 1435 508 plenitudine
1456 462 1626 504 similibus,
1646 462 1742 496 etiam

226 519 325 560 ctari,
352 519 504 564 suspendi
537 519 585 552 vel
616 519 748 553 limitari
782 519 986 553 nullatenus
984 527 1060 565 pei
1077 518 1139 551 vim
1161 524 1190 551 et
1208 518 1341 551 modum
1360 522 1541 552 contractus
1566 522 1597 551 et
1622 516 1746 560 capitu-

224 582 329 616 posse;
345 573 402 607 sed
413 583 541 617 semper
554 573 684 613 validas,
700 573 968 607 tirniaseteffica-
984 572 1121 612 Horum,
1143 577 1174 605 et
1194 571 1224 604 in
1246 572 1348 605 sormi
1370 577 1477 605 motus
1497 570 1631 615 proprii
1649 570 1744 604 etiam

225 636 277 659 ces
297 626 432 660 existere
450 632 480 660 et
500 627 580 667 sor‚e
600 636 740 670 suosque
752 626 917 670 plenarios
937 628 987 660 et
1003 625 1037 658 in
1061 625 1234 658 favorem
1229 625 1638 668 cur'solumfnosttorum,
1665 624 1746 668 st3lo

226 679 370 722 integros
379 679 510 714 effectus
519 679 626 713 sortiri
642 679 838 719 etobtine1e3
847 680 987 740 sicque,
1003 678 1128 719 Palatii,
1144 678 1231 712 feliis
1251 678 1457 721 generalibus
1478 678 1683 712 demandato
1701 678 1747 710 se-

225 737 334 766 etnon
349 733 444 767 aliter
446 744 524 777 ,per
541 744 765 778 quoscumque
782 734 903 768 iudices
916 744 969 768 or·
986 720 1073 766 licis
1093 731 1329 766 reeoidationis
1349 732 1437 765 Pauli
1455 733 1560 776 Papae
1580 732 1628 772 IV,
1650 731 1746 765 etiam

0 802 1 833 i
226 785 368 820 dinarios
380 792 411 820 et
427 787 602 830 delegatos,
614 793 709 821 etiam
722 797 837 821 causat
840 797 894 821 um
912 777 988 820 Ρ3-
1004 786 1262 831 praedecessoris
1276 785 1389 825 nostri,
1404 796 1507 830 usque
1529 786 1568 819 ad
1594 784 1748 818 kalendas

226 840 294 874 latii
318 841 495 885 Apostolici
521 841 650 875 audltoi
652 852 684 876 es
709 842 847 885 (sublata
869 841 915 875 eis
939 843 989 874 et
987 837 1149 874 octobiis
1169 839 1309 879 indictis,
1330 846 1361 873 et
1382 839 1414 872 in
1436 840 1581 872 futurum
1603 839 1748 873 indicen-

227 904 340 928 eorum
359 895 492 929 cuilibet
509 895 620 940 quavis
640 896 734 929 aliter
754 895 918 929 iudicandi
940 900 971 929 et
987 891 989 926 ἶ
1005 894 1064 935 dis,
1082 904 1118 928 ac
1143 893 1294 927 omnibus
1319 893 1390 927 aliis
1415 899 1443 926 et
1464 893 1599 935 singulis
1620 892 1653 925 in
1673 903 1749 926 con-

226 948 460 992 interpretandi
479 949 629 984 facultate
643 955 675 983 et
688 949 905 993 auctoritate),
923 949 971 982 iu·
987 963 990 1017 ⁴
1006 948 1141 981 trariurn
1151 948 1404 992 praemissorum
1416 946 1749 991 quomodolibetcon-

226 1000 328 1034 dicari
353 1007 384 1035 et
408 1002 545 1036 definite
569 1002 704 1044 deber;e
726 1013 762 1036 ac
787 1002 913 1036 irritum
940 1008 989 1036 et
1005 1001 1153 1043 firmatis,
1173 1001 1360 1046 appiobatis
1381 1006 1411 1034 et
1432 1000 1602 1034 innovatis.
1626 1000 1749 1039 Quibus

227 1054 322 1089 inane
339 1055 494 1100 quicquid
507 1066 599 1090 secus
611 1066 709 1100 super
722 1056 799 1089 hisa
814 1066 989 1100 quocum
988 1055 1157 1089 omnibus
1173 1060 1205 1088 et
1224 1054 1370 1097 singulis,
1395 1054 1491 1088 etiam
1510 1053 1534 1086 si
1554 1053 1593 1086 de
1614 1053 1676 1086 illis
1697 1062 1750 1086 eo-

227 1119 301 1152 que,
318 1110 429 1153 quavis
446 1110 647 1150 auctoritate,
663 1110 802 1144 scientei
813 1110 858 1143 vel
882 1110 971 1151 igno·
1006 1119 1145 1154 rumque
1166 1108 1241 1142 totis
1256 1108 1421 1142 tenolibus
1437 1107 1599 1152 specifica,
1614 1116 1750 1150 expies-

25 256 75 283 Au.
91 255 119 283 c.
143 254 210 283 ¹⁶05
1760 251 1810 276 An.
1826 251 1854 276 αῖ.
1879 251 1945 278 1605

56 1221 166 1243 clausulae
177 1222 212 1243 de-

30 1248 134 1274 rogatoria
139 1254 158 1269 e.

228 1168 347 1204 rantes,
368 1163 541 1206 contigerit
561 1164 723 1197 attentat-‚i

273 1217 289 1258 ξ
311 1216 363 1249 14.
388 1217 457 1250 Non
483 1217 688 1250 obstantibus
712 1218 908 1261 praemissis
936 1228 991 1270 ac

227 1269 327 1303 felicis
351 1270 586 1304 recoidationis
599 1271 754 1304 Bonisacii
779 1271 883 1315 Papae
907 1271 991 1305 Vlll

226 1323 485 1367 praedecessoris
505 1324 605 1358 nostri
627 1325 666 1358 de
688 1327 762 1365 una,
783 1330 812 1358 ct
839 1324 869 1358 in
895 1335 973 1358 con-

228 1376 304 1410 cilio
328 1377 470 1420 generali
496 1378 582 1412 edita
603 1378 643 1412 de
664 1379 791 1412 duabus
808 1378 919 1417 dietis,
944 1384 974 1412 et

228 1430 395 1474 quibusvis
419 1431 490 1465 aliis
515 1431 811 1469 constitutionibus.
841 1432 973 1465 ordina-

229 1484 383 1526 tionibus,
404 1492 437 1518 et
449 1486 640 1529 praesertim
661 1491 749 1519 motu
764 1486 898 1530 proprio
916 1495 974 1530 po-
990 1499 991 1507 ¹

227 1539 306 1582 pulo
326 1549 463 1572 romano
482 1549 647 1581 concesso,
670 1539 862 1584 statutisque
882 1539 973 1572 novis

229 1590 340 1633 Urbis,
362 1592 661 1633 reformationibus,
684 1593 860 1637 privilegiis
890 1592 992 1637 quo-'

229 1656 304 1689 que,
328 1646 460 1680 indultis
473 1652 504 1681 et
518 1647 634 1680 litteris
651 1647 848 1691 apostolicis,
869 1647 974 1681 dictae
990 1648 991 1651 ’

230 1699 307 1732 Urbi
327 1711 365 1734 ae
385 1700 645 1745 quibuscumque
660 1701 731 1734 aliis
743 1701 901 1745 personis,
914 1701 973 1734 suli

230 1753 490 1798 quibuscumque
520 1754 689 1788 tenoribus
721 1761 752 1788 et
776 1755 909 1795 formis,
938 1765 974 1788 ac

231 1816 304 1839 cum
325 1806 490 1850 quibusvis
508 1807 603 1841 etiam
619 1808 900 1851 derogatoriarum
920 1808 975 1842 de·
991 1813 992 1818 ’

1007 1174 1040 1197 sa
1066 1168 1093 1196 et
1118 1162 1296 1203 indixidua‚
1320 1172 1384 1196 non
1406 1168 1512 1196 autem
1543 1171 1600 1206 per
1622 1161 1749 1194 clausu-

989 1217 1053 1250 las
1073 1217 1240 1259 generales
1272 1216 1356 1249 idem
1386 1216 1609 1259 importantes,
1630 1214 1750 1248 mentio

1007 1271 1157 1304 habenda
1178 1276 1270 1311 esset,
1293 1276 1420 1303 tenores
1441 1269 1640 1306 huiusmodi
1664 1279 1700 1302 ac
1725 1268 1749 1301 si

990 1325 1047 1359 de
1067 1325 1166 1358 reibo
1185 1325 1223 1358 ad
1244 1324 1377 1358 vetbum
1400 1324 1630 1363 insererentui,
1651 1332 1747 1366 prae-

990 1368 1153 1422 jsentibus
1170 1388 1230 1422 pro
1252 1377 1407 1422 expressis
1428 1382 1457 1410 et
1479 1377 1518 1409 ad
1545 1376 1678 1410 verbum
1703 1375 1751 1407 in-

1008 1431 1101 1465 sertis
1121 1432 1290 1472 habentem,

1315 1431 1377 1464 illis
1401 1430 1480 1464 alias
1501 1430 1532 1463 in
1553 1439 1611 1463 suo
1633 1429 1751 1462 robore

1008 1485 1240 1529 permansuris,
1264 1485 1323 1518 hac
1342 1485 1408 1518 vice
1429 1484 1605 1523 dumtaxat,
1629 1482 1749 1526 specia-

1010 1538 1085 1572 liter
1105 1544 1136 1572 et
1149 1549 1299 1582 expresse
1321 1539 1526 1580 derogamus.
1551 1536 1752 1579 caeterisque

1008 1593 1179 1628 contrariis
1196 1593 1467 1637 quibuscumque.

1054 1648 1165 1681 Datum
1192 1647 1312 1680 Romae
1338 1646 1424 1690 apud
1454 1645 1484 1679 S.
1514 1646 1665 1684 Petrum,
1693 1644 1752 1677 sub

1008 1702 1129 1735 annulo
1154 1701 1336 1741 piscatoris,
1361 1700 1412 1734 die
1438 1711 1457 1734 x
1478 1699 1632 1733 februarii
1657 1709 1752 1739 Mucv,

991 1790 992 1794 ,
1009 1755 1215 1800 pontificatus
1233 1753 1334 1788 nostri
1350 1764 1435 1787 anno
1456 1763 1518 1788 xiv.

1045 1818 1106 1846 Dat.
1129 1818 1172 1846 die
1195 1819 1226 1845 10
1245 1817 1376 1845 februarii
1400 1817 1478 1851 ¹605,
1499 1824 1570 1843 anno
1591 1822 1645 1843 xiv.
