2227 3241
232 267 284 294 An.
297 267 325 295 C.
350 267 416 296 too-t

232 356 238 376 l
250 329 366 376 'obstantia
378 330 415 350 tol·

241 363 245 376 Ι
258 372 263 377 .

280 1294 424 1319 'siaiisumptis

239 1320 297 1340 credi
313 1321 378 1340 iubet.

262 2419 356 2439 Clemens
372 2419 432 2440 initio

248 2447 280 2467 sui
299 2446 433 2471 pontificatus

249 2472 333 2492 scholas
358 2478 433 2497 puero-

249 2504 294 2519 rum
305 2498 386 2520 visitari
399 2504 433 2519 cu·

250 2527 291 2547 nt.

463 258 505 291 90

475 317 490 359 ᾗ
511 316 539 349 9.
564 316 632 349 Non
651 314 854 348 obstantibus
872 314 1019 355 licentiis,
1038 314 1169 348 indultis

432 374 462 402 et
478 367 654 412 privilegiis
671 367 941 411 quibuscumque,
960 367 1168 412 typographis

431 421 586 454 hactenus
599 431 658 464 per
668 430 737 460 nos,
750 430 807 453 seu
824 420 986 454 Romanos
999 420 1170 455 Pontifices

430 475 696 518 praedecessores
721 478 860 514 nostros,
888 473 1016 507 missale
1041 474 1170 518 praedi-

432 532 518 560 ctum
536 526 583 559 Pii
604 527 626 558 V
644 525 854 570 imprimendi
882 527 1058 568 concessis,
1089 537 1171 571 quae

431 591 490 624 per
514 584 699 623 praesentes
724 590 873 623 expresse
905 590 1113 621 revocamus,
1141 585 1173 614 et

431 636 580 666 revocata
597 643 665 666 esse
689 632 849 674 volumus,
873 643 999 667 necnon
1019 633 1173 667 constitu-

434 686 575 720 tionibus
589 692 619 719 et
636 686 897 720 ordinationibus
918 686 1101 731 apostolicis
1118 697 1172 730 ge-

432 740 595 773 neralibus
623 741 670 773 vel
699 741 892 784 specialilius
920 741 952 774 in
973 741 1171 774 contrarium

433 792 687 837 praemissorum
715 795 1025 838 quomodocumque
1045 804 1175 827 conces-

433 846 494 887 sis,
529 846 729 880 confirmatis
759 852 791 881 et
821 847 1019 892 approbatis.
1054 847 1176 886 Quibus

434 899 597 941 omnibus,
621 900 745 934 etiamsi
767 901 806 934 de
826 901 888 934 illis
905 910 1084 944 eorumque
1102 900 1176 933 totis

434 953 602 987 tenoribus
622 953 787 998 specialis,
803 953 954 998 specifica
979 958 1010 987 et
1029 963 1177 997 expressa

436 1008 558 1042 mentio
576 1008 725 1041 habenda
742 1014 833 1048 esset,
853 1013 978 1041 tenores
991 1005 1176 1040 huiusmodi

435 1063 658 1108 praesentibus
675 1073 734 1107 pro
756 1062 912 1106 expressis
932 1062 1098 1101 habentes,
1118 1060 1179 1093 hac

436 1119 505 1152 vice
521 1119 687 1151 dumtaxat
706 1116 888 1160 specialiter
906 1121 937 1148 et
956 1125 1104 1158 expresse
1124 1114 1179 1147 de-

438 1182 602 1215 rogamus,
634 1170 832 1214 caeterisque
850 1168 1019 1202 contrariis
1040 1168 1176 1211 quibus-

439 1236 590 1269 cumque.

483 1281 500 1322 ξ
525 1278 574 1311 10.
604 1278 757 1311 Volumus
778 1282 884 1310 autem
906 1282 940 1309 ut
961 1274 1179 1319 praesentium

439 1333 660 1377 transumptis,
683 1332 779 1365 etiam
809 1330 983 1375 impressis,
1008 1340 1104 1362 manu
1122 1328 1179 1361 ali-

439 1388 531 1421 euius
545 1386 661 1420 notarii
679 1385 801 1430 publici
815 1384 1015 1428 subscriptis,
1033 1389 1063 1416 et
1076 1382 1180 1425 sigillo

438 1441 572 1475 alicuius
586 1450 743 1484 personae
754 1439 786 1471 in
801 1438 955 1481 dignitate
967 1437 1180 1471 ecclesiastica

440 1495 631 1529 constitutae
653 1493 797 1532 munitis,
818 1493 930 1525 eadem
951 1501 1084 1535 prorsus
1102 1491 1181 1523 sides

439 1549 608 1588 habeatur,
637 1557 719 1591 quae
740 1546 816 1591 ipsis
839 1545 1062 1590 praesentibus
1082 1544 1180 1577 habe·
1198 1552 1200 1587 ξ

441 1608 540 1642 retur,
560 1601 584 1634 si
607 1606 711 1634 essent
731 1599 903 1639 exhibitae,
924 1599 971 1631 vel
994 1604 1149 1631 ostensae.
1198 1589 1200 1594 Χ

483 1657 600 1690 Datum
624 1656 744 1688 Romae
767 1653 852 1698 apud
871 1658 1015 1685 sanctum
1037 1652 1178 1691 Petrum,
1199 1667 1200 1672 =

441 1710 499 1744 sub
518 1709 639 1742 annulo
658 1707 830 1742 Piscatoris
852 1706 902 1740 die
919 1716 962 1739 vu
980 1705 1047 1738 iulii
1070 1715 1178 1745 MDOEV,
1199 1721 1201 1731 ι

442 1763 648 1808 pontificatus
668 1761 768 1795 nostri
789 1771 874 1794 anno
890 1770 957 1794 xiii.

478 1826 536 1854 Dat.
557 1825 600 1853 die
619 1826 634 1852 7
655 1824 712 1852 iulii
734 1824 812 1856 1604,
829 1826 904 1858 pont.
927 1831 969 1850 an.
986 1829 1044 1850 xm.

722 1996 904 2031 CCCXLVII.

475 2096 602 2130 Erectio
621 2094 747 2138 colleyii
775 2094 969 2129 Clementini
995 2093 1030 2127 dc
1057 2093 1147 2126 Urbe.

659 2203 793 2230 Clemens
809 2202 968 2236 episcopus
1202 2198 1204 2236 ζ

631 2263 737 2285 servus
759 2263 915 2283 servorum
936 2256 999 2290 Dei,

569 2311 604 2338 ad
623 2313 796 2345 perpetuam
816 2309 860 2338 rei
880 2309 1060 2337 memoriam.
1203 2309 1205 2348 ξ

1013 267 1195 292 EULLARIUM
1216 267 1369 293 ROMANEM

1204 315 1289 350 tione
1321 317 1352 349 in
1382 315 1465 350 Urbe
1496 319 1602 351 nostra
1631 317 1825 353 instituenda
1854 320 1938 355 serio

1203 369 1336 412 cogitari
1350 370 1525 414 coepimus,
1539 370 1735 415 delectisque
1748 371 1870 416 aliquot
1880 374 1940 408 Ro-

1204 432 1318 456 manae
1334 422 1446 456 Curiae
1459 423 1623 467 praelatis,
1644 433 1774 457 morum
1787 425 1940 468 gravitate

1205 485 1380 520 rerumque
1407 487 1467 509 usu
1488 482 1518 509 et
1542 476 1738 521 experientia
1765 471 1937 522 praeditis,

1205 529 1259 573 qui
1280 529 1504 563 reformationi
1528 530 1714 564 huiusmodi
1737 539 1942 575 praeessent,

1206 592 1260 615 eos
1277 582 1383 615 statim
1406 582 1532 616 scholas
1552 593 1664 617 omnes
1685 584 1939 618 adolescentium

1207 640 1234 668 et
1255 645 1431 678 puerorum
1446 634 1550 668 dictae
1569 629 1663 669 Urbis
1679 636 1888 680 perlustrare,
1912 644 1943 671 et

1207 698 1290 731 quae
1311 687 1341 720 in
1364 687 1424 720 illis
1442 688 1619 721 educandis
1632 689 1882 733 erudiendisque
1894 701 1944 724 ra-

1208 740 1251 773 tio
1273 740 1316 773 ibi
1334 746 1525 782 servaretur,
1556 751 1639 785 quae
1662 741 1833 786 disciplina
1852 743 1943 777 adhi-

1209 794 1352 834 beretur,
1375 793 1487 827 sedulo
1516 793 1681 838 inquirere
1702 799 1733 828 et
1752 795 1793 828 ad
1809 806 1868 830 nos
1889 796 1945 830 de-

1209 846 1283 878 inde
1310 845 1430 879 referre
1455 846 1690 890 praecepimus.
1718 847 1762 880 Ex
1785 859 1850 892 quo
1871 859 1947 883 sane

1210 909 1274 933 non
1303 899 1425 942 absque
1453 899 1551 932 animi
1582 910 1731 934 moerore
1759 901 1944 945 deprehen-

1211 951 1315 985 dimus
1343 962 1413 985 eam
1443 956 1580 985 aetatem
1612 953 1716 997 <quae
1747 954 1787 987 ad
1816 953 1894 988 vitia
1917 959 1949 988 et

1212 1005 1389 1048 voluptates
1405 1005 1569 1049 sequenda
1586 1016 1689 1050 prona
1709 1012 1766 1048 est,
1782 1007 1842 1041 nisi
1862 1018 1949 1042 seve-

1211 1059 1288 1093 riori
1318 1059 1486 1103 disciplina
1514 1059 1705 1093 cohibeatur
1728 1065 1760 1094 ct
1784 1061 1824 1095 ad
1848 1061 1949 1105 pieta-

1214 1120 1275 1148 tem
1298 1119 1328 1146 et
1346 1113 1537 1156 religionem
1555 1113 1762 1158 informetur)
1781 1114 1812 1147 in
1832 1114 1950 1149 scholis

1213 1169 1309 1213 ipsis,
1330 1168 1467 1209 sublata,
1498 1168 1563 1201 imo
1583 1178 1659 1202 vero
1681 1168 1834 1202 dissoluta
1855 1169 1949 1202 disci-

1213 1222 1310 1266 plina,
1321 1223 1460 1265 seposito
1472 1221 1597 1254 Domini
1613 1221 1740 1263 timore,
1754 1227 1951 1267 corruptam.

1214 1276 1293 1308 nibil
1313 1281 1346 1309 ut
1361 1275 1551 1319 plurimum,
1567 1276 1616 1308 vel
1633 1285 1834 1320 saneparum
1849 1276 1880 1309 in
1894 1277 1952 1310 bo-

1214 1330 1262 1363 nis
1283 1330 1428 1363 moribus
1442 1335 1471 1362 et
1488 1329 1652 1363 litterariis
1669 1329 1952 1364 exercitationibus

1215 1385 1383 1429 proficere.
1400 1383 1616 1423 Quamobrem
1629 1383 1715 1417 illius
1728 1383 1825 1417 statui
1839 1383 1952 1417 intimo

1215 1449 1310 1472 sensu
1331 1437 1540 1471 condolentes
1560 1436 1760 1470 decrevimus
1772 1437 1906 1470 omnino
1920 1437 1952 1470 in

1216 1493 1282 1537 ipsa
1302 1492 1387 1525 Urbe
1405 1492 1511 1525 locum
1533 1490 1595 1524 situ
1616 1496 1646 1524 et
1666 1490 1882 1534 amplitudine
1896 1502 1953 1535 op·

1215 1551 1390 1590 portunum
1404 1545 1443 1578 ad
1461 1554 1637 1589 puerorum
1653 1549 1683 1577 et
1699 1544 1953 1578 adolescentium

1217 1664 1327 1687 rorum
1359 1662 1642 1697 quorumcumque
1674 1651 1891 1696 receptionem
1926 1657 1957 1685 et

1216 1707 1440 1742 educationem
1461 1705 1567 1750 primo
1588 1715 1718 1750 quoque
1739 1711 1886 1749 tempore
1900 1705 1956 1739 de-

1217 1761 1347 1802 stinare,
1370 1760 1496 1804 illisque
1516 1764 1679 1804 spectatae
1702 1759 1829 1804 pietatis
1849 1764 1880 1793 et
1901 1760 1958 1794 do-

1217 1814 1339 1848 ctrinae
1359 1813 1454 1855 viros,
1485 1813 1538 1857 qui
1568 1813 1659 1846 nullo
1679 1818 1814 1858 quaestu
1835 1818 1958 1858 tempo-

1217 1867 1276 1901 rali
1298 1868 1353 1901 sed
1371 1867 1440 1900 solo
1461 1866 1514 1900 Dei
1537 1866 1694 1910 obsequio
1719 1871 1750 1900 et
1774 1867 1956 1901 animarum

1218 1921 1377 1955 beneficio
1413 1920 1499 1954 ducti
1526 1931 1646 1965 pueros
1674 1925 1706 1954 et
1735 1920 1958 1954 adolescentes

1219 1975 1304 2019 ipsos
1317 1970 1461 2019 aeque'in
1475 1973 1604 2018 pietatis
1624 1978 1655 2007 et
1667 1973 1833 2017 religionis
1846 1973 1959 2007 studiis

1218 2039 1254 2062 ac
1267 2028 1474 2062 scientiarum
1489 2027 1667 2072 disciplinis
1681 2027 1858 2069 erudirent,
1871 2038 1959 2071 prae—

1218 2082 1326 2116 ficere.
1356 2081 1394 2114 Et
1417 2081 1511 2114 nobis
1536 2080 1689 2114 attentius
1715 2080 1824 2114 animo
1849 2081 1955 2114 revol-

1219 2135 1376 2175 ventibus,
1394 2134 1510 2179 quibus
1528 2145 1564 2168 ea
1577 2133 1744 2178 provincia
1761 2144 1834 2167 cum
1854 2134 1959 2168 fructu

1202 2191 1249 2223 'et
1269 2189 1406 2222 utilitate
1427 2188 1602 2233 praecipue
1622 2188 1810 2222 demandari
1831 2192 1956 2232 posset,

1220 2248 1431 2277 occurrerunt
1444 2247 1687 2287 peropportune
1700 2241 1807 2276 dilecti
1823 2241 1880 2274 filii
1892 2241 1959 2275 Cle-

1221 2297 1279 2330 riei
1301 2297 1463 2340 regulares
1476 2295 1740 2339 Congregationis
1752 2293 1956 2335 Somaschae,

1204 2350 1404 2384 educationi
1427 2349 1599 2383 iuventutis
1629 2360 1663 2382 ex
1688 2348 1833 2392 professo
1854 2353 1886 2381 et
1904 2358 1959 2392 pe-

493 2411 508 2452 ς
528 2409 552 2443 l.
569 2408 629 2442 Ubi
644 2408 784 2452 primum
800 2407 839 2440 ad
858 2406 974 2439 summi
990 2407 1187 2450 apostolatus
1203 2397 1205 2414 ”

449 2462 571 2507 apicem
600 2461 706 2494 divina
732 2460 925 2500 elementia,
950 2459 1045 2492 nullis
1070 2460 1187 2493 nostris

450 2515 583 2555 meritis,
607 2515 662 2548 sed
681 2514 747 2560 sola
775 2513 1017 2547 misericortssliae
1038 2523 1112 2545 suae
1134 2513 1184 2546 di-

449 2568 600 2611 gnatione
620 2577 679 2601 nos
705 2567 824 2607 evexit,
855 2565 1060 2599 eminentiori
1089 2566 1187 2598 animi

450 2623 527 2654 cura
553 2622 592 2654 de
627 2630 756 2654 morum
789 2626 852 2653 tam
881 2619 1184 2660 ecclesiasticorum,

451 2684 546 2717 quam
565 2673 778 2708 saecularium
797 2683 1010 2717 personarum
1032 2672 1187 2706 reforma-

1221 2405 1334 2438 culiari
1355 2404 1501 2438 instituto
1526 2414 1639 2437 vacare
1659 2401 1762 2443 soliti;
1783 2401 1958 2446 multisque
1973 2410 2025 2458 {³3:¹22
2035 2409 2164 2458 ‹iocos-3335:-
2188 2413 2190 2418 v

1222 2459 1343 2503 experti
1367 2457 1580 2497 documentis,
1601 2467 1655 2491 eos
1675 2456 1708 2489 in
1727 2455 1875 2500 pluribus
1890 2455 1955 2489 lta-

1222 2513 1282 2546 liae
1310 2512 1491 2545 civitatibus
1517 2517 1548 2544 et
1577 2510 1656 2544 locis
1682 2509 1846 2552 egregiam
1866 2508 1899 2542 in
1919 2518 1959 2542 eo

1223 2576 1357 2598 munere
1383 2575 1515 2608 operam
1545 2563 1656 2597 multis
1684 2562 1747 2595 iam
1773 2561 1865 2595 annis
1885 2571 1957 2594 cum

1222 2619 1316 2652 laude
1345 2622 1376 2651 et
1403 2617 1533 2661 publica
1568 2615 1797 2649 commoditate
1829 2614 1957 2658 impen-

1222 2671 1315 2714 disse,
1330 2676 1360 2704 et
1371 2669 1560 2715 praesertim
1575 2669 1607 2702 in
1619 2668 1747 2703 civitate
1757 2667 1962 2702 venetiarum

1990 1556 2104 1583 Collegium

1216 1600 1373 1633 nobilium
1404 1605 1468 1632 tam
1494 1598 1720 1641 indigenarum
1746 1609 1842 1642 quam
1864 1603 1951 1632 exte·
1968 1583 2139 1637 ffi‘iffistss‘r'i‘g'im,

2108 1561 2158 1604 aa>
2198 1555 2208 1615 ,ς

2008 2355 2104 2383 mudqu·
2118 2355 2145 2377 ol-
2158 2353 2166 2374 '.
2187 2351 2197 2381 ἶ

1973 2383 2024 2405 ricis
2055 2381 2164 2410 regulari-2·
2178 2387 2198 2406 -a

1973 2465 2026 2488 tore,
