2227 3241
228 261 278 288 An.
299 260 327 288 c.
347 260 414 289 1603
460 250 503 284 26

427 309 604 353 signatione
624 307 808 342 reddituum
826 306 984 340 dictarum
1003 305 1167 349 paroehia-

426 363 517 402 lium,
540 363 656 396 dilecto
681 360 746 394 filio
766 359 920 402 magistro
940 359 1072 392 Horatio
1089 358 1168 391 Lan-

428 417 555 450 eellotto
591 414 755 458 capellano
789 417 900 445 nostro
933 416 964 444 et
999 421 1165 445 causarum

426 469 537 502 Palatii
555 466 722 512 Apostoliei
741 464 881 499 auditori
900 465 1087 505 audiendas,
1115 474 1167 497 eo-

427 521 623 566 gnoscendas
651 526 682 553 et
709 518 929 553 terminandas
954 529 1011 563 per
1031 518 1168 562 speciale

427 580 571 609 nostrum
595 570 803 617 rescriptum¹
820 573 1097 615 commiseramus)
1111 582 1167 615 op-

427 634 562 672 portune
588 626 755 670 providere
776 627 916 661 volentes
932 637 973 660 ne
991 627 1097 670 aliqua
1115 626 1165 665 lis,

427 681 593 715 occasione
613 680 791 724 praedictae
804 680 1041 714 commissionis
1054 689 1168 713 causae

426 745 482 768 seu
513 743 681 767 causarum
705 733 890 767 huiusmodi
919 732 1085 777 praedicto
1106 732 1167 766 Ho-

426 788 507 820 ratio
535 787 744 826 Lancellotto,
770 793 804 820 ut
828 786 1016 831 praefertur,
1036 797 1093 830 per
1111 796 1168 819 nos

426 839 536 879 sactae,
550 843 604 871 aut
618 837 679 871 alia
691 839 895 882 quacumque
908 837 945 870 de
960 840 1055 870 eausa
1073 847 1169 880 super

426 891 608 937 praemissis
622 891 771 932 oriretur,
784 890 1073 935 supplicationibus
1086 891 1111 923 ei
1119 901 1168 923 us-

427 944 499 978 dem
520 944 657 988 Philippi
677 944 760 988 regis
777 954 873 988 super
889 945 949 978 hoe
967 954 1094 987 quoque
1111 955 1168 976 no-

427 996 476 1030 bis
500 996 666 1031 humiliter
685 997 838 1040 porrectis
860 996 1015 1038 inclinati,
1040 1007 1166 1030 eausam

427 1057 457 1084 et
477 1060 587 1084 causas
611 1050 796 1083 huiusmodi
817 1061 834 1083 a
855 1050 1020 1094 praedicto
1038 1051 1168 1084 Horatio

428 1109 458 1138 et
473 1103 542 1137 aliis
566 1103 732 1147 quibusvis
749 1103 908 1137 iudicibus
925 1104 964 1137 ad
980 1114 1037 1137 nos
1055 1104 1167 1137 harum

427 1158 510 1191 serie
530 1157 779 1197 avocaverimus,
802 1157 948 1201 illasque,
969 1158 1169 1191 circumscri-

427 1212 489 1255 ptis
513 1211 626 1244 litteris
650 1211 768 1244 nostris
793 1221 847 1254 per
872 1211 992 1245 dietum
1015 1212 1167 1244 nuncium

428 1264 634 1308 exequutioni
666 1264 916 1305 demandandis,
940 1271 1096 1308 perpetuo
1119 1276 1168 1297 ex-

428 1319 627 1358 tinxerimus,
643 1328 679 1350 ae
696 1323 885 1362 perpetuum
902 1329 999 1362 super
1016 1319 1087 1359 illis,
1106 1325 1168 1352 tam

428 1370 597 1415 praedictis
619 1370 845 1414 dignitatibus,
862 1372 1051 1415 praepositis
1071 1378 1100 1405 et
1117 1383 1169 1406 ca-

428 1424 562 1464 nonicis,
583 1434 679 1467 quam
705 1424 774 1457 aliis
796 1424 1056 1469 quibuscumque
1077 1426 1170 1459 silen-

429 1477 509 1509 tium
539 1477 796 1520 imposuerimus,
820 1484 913 1521 prout
932 1479 962 1511 in
983 1478 1103 1511 eisdem
1122 1480 1170 1513 lit-

429 1529 505 1563 teris
526 1530 643 1573 pariter
661 1530 857 1563 continetur:

474 1584 488 1627 ἓ
508 1585 539 1617 4.
568 1584 724 1627 Cumque,
748 1585 830 1618 sicut
847 1585 1038 1628 accepimus,
1059 1587 1172 1620 exiliis

430 1637 531 1671 verbis
551 1638 582 1670 in
603 1638 716 1671 ultimo
734 1638 826 1672 dietis
844 1638 957 1672 litteris
978 1640 1095 1673 nostris
1115 1651 1171 1683 ap-

429 1690 552 1734 positis,
572 1690 736 1724 videlicet:
776 1691 1037 1736 Circumscriptis
1054 1692 1172 1725 litteris

430 1745 546 1777 nostris
578 1744 750 1788 praedictis
782 1755 840 1788 per
868 1744 987 1778 dictum
1017 1747 1173 1779 nuncium

431 1799 641 1842 exequute'oni
665 1799 917 1841 demandandis,
937 1799 1072 1834 dilectus
1090 1800 1173 1833 silius

431 1852 636 1886 Sebastianus
650 1853 688 1886 de
703 1852 920 1891 Covarruvias,
933 1853 1174 1897 subexequutor

432 1916 449 1938 a
474 1905 560 1939 dieto
580 1905 699 1939 nuncio
717 1905 748 1938 in
770 1916 866 1949 regno
886 1906 1050 1940 valentiae
1075 1908 1174 1952 depu-

432 1962 528 1996 tatus,
547 1963 667 1991 asserat
686 1957 806 2001 priores
827 1958 948 1992 litteras
973 1966 1099 1993 nostras
1123 1971 1173 1993 su-

431 2012 601 2056 pradicta&
620 2011 704 2046 dicto
717 2013 835 2047 nuncio
849 2013 997 2054 directaS,
1012 2020 1174 2049 revocatas

433 2066 585 2107 existere,
611 2076 648 2098 ac
672 2066 710 2098 ad
730 2067 976 2111 exequutionem
994 2067 1172 2102 litterarum

434 2119 575 2162 Gregorii
603 2120 872 2162 praedecessoris,
896 2122 984 2155 null-:1
1003 2122 1111 2156 hahita
1127 2133 1175 2156 se-

434 2173 540 2206 eundo
561 2172 716 2206 dictarum
733 2174 908 2208 litterarum
925 2181 1107 2210 nostrarum
1126 2187 1175 2210 ra-

436 2226 534 2266 tione,
553 2228 727 2270 procedere
745 2233 850 2261 curet:

239 2312 333 2332 (mmm
373 2311 422 2332 hm
481 2278 538 2323 §5
553 2279 614 2312 Nos
627 2280 825 2321 volentes,ut
838 2288 963 2325 parest,
976 2289 1011 2317 ut
1026 2284 1174 2318 mandata

239 2339 329 2385 3323?ss
345 2340 421 2384 122*ssss
436 2339 546 2366 nostra
566 2332 688 2366 debitae
705 2334 909 2377 exequutioni
926 2336 1170 2379 demandentur,

238 2392 422 2417 xequutionmnffl·
438 2386 636 2430 singularum
661 2386 838 2420 litterarum
864 2389 1098 2431 praedictarum
1130 2397 1173 2424 te-

239 2420 346 2491 icl'g'tssiiiiiie
360 2424 421 2471 {fflifi
438 2447 532 2470 nores
556 2438 778 2481 praesentibus
799 2449 855 2481 pro
880 2441 1035 2483 expressis
1056 2441 1171 2475 haben-

268 2477 341 2491 ’ΜΝ
439 2494 500 2530 tes,
527 2491 640 2523 harum
657 2490 738 2524 serie
758 2490 955 2525 declaramus
979 2504 1037 2536 per
1060 2495 1173 2528 ultimo

438 2542 538 2576 dictas
562 2543 683 2577 litteras
704 2550 840 2585 nostras,
863 2555 960 2588 super
984 2547 1173 2581 extinctione

247 1593 357 1619 numaque
367 1593 414 1614 inde

232 1622 289 1645 natu,

277 2285 319 2305 Sed
330 2285 421 2310 denique

1000 256 1178 280 nULLAMUM
1203 256 1353 282 ROMANUM

1945 255 1998 283 An.
2018 254 2048 284 G.
2069 254 2138 285 1603

1201 304 1358 339 dictarum
1383 315 1552 339 causarum
1572 310 1746 346 emanatas,
1773 304 1939 339 anteriori-

1200 357 1259 392 bus
1282 358 1396 392 litteris
1421 357 1592 401 praedietis
1615 357 1734 391 nuncio
1758 364 1868 392 nostro
1893 357 1939 391 di-

1201 413 1306 452 rectis,
1321 422 1415 456 super
1428 411 1641 455 exequutione
1653 411 1838 456 praedictae
1849 417 1940 446 taxae

1201 465 1368 505 emanatis,
1380 464 1511 498 minime
1524 464 1713 508 derogatum
1728 464 1866 498 extitisse
1879 475 1941 498 nec

1201 528 1281 557 esse,
1291 523 1344 551 aut
1357 518 1476 551 censeri
1487 528 1591 561 posse:
1604 517 1784 561 quinimmo
1793 517 1940 552 volumus

1201 577 1296 615 atque
1312 571 1501 605 auctoritate
1518 570 1706 614 apostoliea,
1726 576 1835 604 tenore
1851 581 1941 614 prae-

1201 625 1352 665 sentium,
1375 625 1546 658 statuimus
1563 630 1593 657 et
1611 624 1797 657 ordinamus
1818 629 1853 657 ut
1871 634 1942 658 eae-

1202 677 1272 710 dem
1294 677 1416 710 litterae
1434 683 1559 710 nostrae
1573 676 1795 721 primodietae‚
1815 676 1941 710 illarum

1202 731 1302 764 forma
1322 731 1354 763 iu
1375 730 1524 764 omnibus
1541 736 1572 764 et
1593 741 1649 774 per
1673 730 1781 764 omnia
1805 732 1940 770 servata,

1202 794 1218 815 a
1234 783 1396 826 praedicto
1410 784 1532 817 nuncio
1546 784 1695 828 illiusque
1707 783 1944 827 subexequuto-

1203 836 1302 878 ribus,
1315 842 1378 871 tam
1393 838 1545 870 hactenus
1562 837 1732 881 deputatis,
1743 847 1839 881 quam
1854 836 1943 871 dein·

1202 902 1276 935 ceps
1304 890 1495 934 deputandis
1519 891 1789 935 quibuscumque,
1815 890 1942 926 debitae

1202 945 1405 988 exequutioni
1427 944 1559 978 omnino
1580 944 1824 978 demandentur.

1246 999 1261 1041 ξ
1285 997 1315 1031 6.
1347 998 1475 1031 irritum
1503 997 1710 1032 nihilominus
1726 1003 1757 1032 et
1774 997 1868 1032 inane
1889 997 1942 1032 de-

1202 1058 1367 1086 cernentes
1384 1051 1539 1095 quidquid
1554 1061 1645 1084 secus
1658 1062 1755 1094 super
1768 1050 1817 1085 his
1834 1062 1851 1084 a
1865 1061 1944 1096 quo-

1202 1115 1297 1148 quam
1313 1104 1421 1148 quavis
1434 1103 1635 1144 auctoritate,
1645 1104 1781 1138 scienter
1794 1103 1841 1137 vel
1855 1104 1944 1148 igno-

1202 1163 1323 1198 ranter,
1342 1158 1511 1201 contigerit
1530 1158 1689 1191 attentari.

1247 1211 1261 1254 g
1279 1210 1310 1243 7.
1325 1211 1393 1245 Non
1402 1211 1604 1244 obstantibus
1617 1210 1811 1254 praemissis,
1827 1221 1862 1243 ac
1875 1221 1943 1245 om·
1971 1223 2144 1255 Dorozattoeon-

1203 1265 1298 1298 nibus
1323 1265 1395 1304 iuis,
1419 1275 1500 1308 quae
1520 1265 1552 1298 in
1573 1264 1734 1308 prioribus
1750 1265 1864 1298 nuens
1888 1275 1945 1298 no·
1958 1252 2079 1272 ‘f³‘¹²‘⁰¹¹³·

1203 1318 1274 1351 stris
1285 1318 1456 1362 praedictis
1470 1318 1629 1352 voluimus
1641 1328 1706 1351 non
1720 1318 1858 1358 obstare,
1873 1328 1945 1351 cae-

1205 1371 1343 1415 terisque
1364 1371 1533 1404 contrariis
1551 1372 1820 1415 quibuscumque.

1247 1425 1361 1458 Datum
1383 1424 1502 1458 Romae
1523 1424 1607 1468 apud
1628 1424 1781 1458 Sanctum
1806 1424 1945 1458 Marcum

1204 1477 1263 1510 sub
1276 1477 1395 1510 annulo
1409 1477 1579 1510 Piscator-is
1593 1478 1642 1511 die
1655 1486 1678 1510 11
1691 1477 1815 1520 augusti
1831 1485 1943 1518 MDCnl,

1204 1530 1409 1574 pontificatus
1428 1530 1527 1564 nostri
1545 1540 1630 1563 anno
1647 1539 1702 1563 xli.

1241 1592 1299 1619 Dat.
1316 1593 1359 1620 die
1374 1592 1390 1620 2
1405 1593 1511 1628 augusti
1523 1592 1602 1628 1603,
1618 1592 1713 1628 pontif.
1731 1600 1801 1619 anno
1818 1599 1866 1620 xit.

1985 1009 2102 1032 clausulae.

1490 1764 1669 1800 CCCXXIII.

1207 1856 1359 1890 Declarat
1369 1855 1536 1900 praesules
1549 1855 1777 1888 ecclesiasticos
1785 1857 1878 1899 requi
1887 1856 1949 1890 Po-

1253 1909 1370 1946 Ioniae,
1396 1909 1455 1953 qimi
1471 1909 1622 1949 comitiis,
1643 1908 1787 1942 consitiis
1811 1913 1839 1942 et
1862 1909 1949 1942 iudi-

1252 1963 1310 1995 ciis
1324 1963 1417 2005 reqni
1427 1972 1465 1995 ex
1476 1972 1609 1995 munere
1620 1962 1782 1995 senatorio
1799 1962 1950 1996 interesse

1252 2016 1375 2056 debent,
1392 2026 1486 2049 suam
1501 2016 1697 2049 sententiam
1710 2015 1814 2049 dicere
1825 2016 1950 2059 possint

1252 2070 1371 2113 absque
1390 2079 1603 2102 censurarum
1633 2073 1664 2102 ec
1689 2069 1950 2113 irreyulart'tatis

1253 2124 1400 2164 incursu,
1422 2129 1482 2157 ete.
1503 2123 1510 2140 ¹

1297 2203 1478 2231 charissimo
1498 2203 1528 2231 in
1545 2203 1662 2231 christo
1677 2202 1740 2231 filio
1755 2206 1861 2231 nostro

1209 2249 1399 2283 sigismundo
1411 2249 1551 2276 Poloniae
1567 2251 1598 2276 et
1609 2248 1729 2276 Svetiae
1743 2248 1807 2283 regi
1823 2249 1948 2282 illustri.

1393 2311 1549 2342 Clemens
1565 2311 1659 2352 Papa
1672 2311 1765 2342 VIII.

1291 2379 1472 2407 charissime
1491 2380 1523 2406 in
1543 2379 1660 2407 christo
1680 2379 1723 2407 fili
1745 2382 1860 2414 noster,

1242 2426 1371 2452 salutem
1390 2427 1421 2451 et
1441 2424 1636 2458 apostolicam
1654 2423 1902 2452 benedictionem.

1251 2495 1482 2539 §1.Seeu1‘itati
1496 2495 1707 2529 eonscientiae
1721 2495 1948 2531 venerabilium
1981 2500 2149 2549 „Bssfflss‘ssg‘gg‘

1207 2550 1342 2582 fratrum
1377 2548 1693 2592 archiepiscoporum
1725 2554 1756 2582 et
1787 2533 1978 2594 episcopo-¹¹
2143 2542 2148 2548 ⁵

476 2614 484 2639 1
505 2612 662 2641 Huiusmodi
678 2623 786 2651 quoque
799 2615 960 2652 rescriptum
976 2617 1093 2645 exulata
1108 2619 1174 2646 Bul·
1208 2612 1292 2643 sum,
1315 2612 1349 2634 ac
1367 2601 1502 2634 aliorum
1523 2601 1739 2645 praelatorum
1757 2602 1949 2636 eceleffiaffli'

440 2657 514 2684 lario
531 2658 566 2692 (n.
582 2658 630 2693 τ.).

1245 2665 1255 2690 ¹
1278 2662 1315 2691 Ex
1331 2663 1436 2699 Regest.
1452 2662 1479 2690 in
1493 2662 1597 2691 secret.
1612 2661 1747 2691 Brevium.
