2227 3241
43 261 90 288 An.
102 259 130 287 C.
152 258 219 286 1605

71 1226 178 1248 Clausulas
189 1231 225 1253 ap-

45 1257 107 1282 point.

93 2645 234 2674 Eanuutoros

57 2671 156 2698 designat.

899 255 961 279 LEO
982 256 1012 279 XI
1036 256 1079 278 Pr,

240 304 353 350 poenis
373 304 609 344 ecclesiasticis,
633 303 767 348 aliisque
788 305 981 347 opportunis

238 358 319 392 iuris
339 364 370 392 et
390 358 464 392 facti
484 358 647 398 remediis,
671 368 774 401 aeque
787 368 823 390 ac
841 367 905 390 non
927 367 980 390 ex-

239 417 366 455 emptos
384 411 455 454 cogi
473 417 504 445 et
521 411 670 455 compelli
690 421 795 455 posse,
818 421 923 454 neque
941 411 980 443 ab

239 465 426 499 huiusmodi
451 465 577 498 mediae
599 465 761 505 decimae,
784 475 840 498 seu
861 464 978 507 vigesi-

239 528 332 559 mae,
364 519 412 552 vel
442 518 586 561 integrae
619 518 763 551 decimae
794 518 976 557 solutione,

238 570 478 614 praedictarum
503 570 604 610 Pauli,
628 570 675 602 Pii
696 575 726 603 et
746 569 903 612 Gregorii,
928 576 981 607 aut

239 624 376 658 aliorum
397 623 590 657 Pontificum
620 623 908 667 praedecessorum
930 624 982 656 lit-

241 683 394 717 terarum,
411 682 466 710 aut
483 676 546 710 alio
560 676 673 720 quovis
690 682 868 720 praetextu,
886 679 981 710 causa

238 731 287 764 vel
308 730 477 773 occasione
502 730 637 771 resilire,
663 730 707 763 vel
731 730 871 764 deficere
901 731 982 764 ulla-

238 790 329 818 tenus
348 794 462 828 posse;
490 783 576 828 ipsos
604 794 679 817 vero
704 784 978 829 archiepiscopos,

238 837 424 882 episcopos,
447 848 484 871 ac
503 838 689 881 praesules,
715 844 745 871 et
770 838 923 882 capitula,
952 844 982 872 et

238 896 381 925 rectores
414 891 626 925 ecclesiarum
657 891 923 935 praedictarum,
952 898 983 926 et

237 946 315 980 alias
327 955 483 990 personas
496 944 737 987 ecclesiasticas,
747 946 864 990 quibus
877 945 983 979 liuius-

239 999 327 1033 modi
347 999 474 1032 mediae
495 1004 526 1032 et
546 998 691 1042 integrae
708 999 854 1033 decimae
875 1010 983 1044 respe-

239 1053 319 1086 ctive
333 1053 548 1093 debebuntur,
566 1062 677 1086 earum
697 1053 869 1094 solutione,
886 1059 984 1097 prout

240 1116 257 1139 a
274 1105 377 1147 nohis,
391 1106 631 1150 utpraefertur,
653 1111 808 1140 statutum
828 1112 885 1147 est,
906 1117 983 1140 eon-

241 1165 344 1194 tentos
361 1170 429 1193 esse
450 1159 582 1200 debere3

285 1213 300 1257 ξ
322 1213 372 1246 ll.
397 1213 584 1247 Praesentes
598 1224 728 1258 quoque
742 1214 874 1256 litteras,
893 1225 928 1249 ex
946 1225 984 1249 eo

241 1268 330 1312 quod
358 1273 465 1311 partes
497 1267 584 1312 ipsae
614 1268 799 1312 praemissis
819 1279 885 1302 non
906 1279 984 1302 con-

241 1321 417 1362 senserint,
438 1327 493 1354 aut
512 1321 575 1354 alio
596 1322 709 1366 quovis
736 1328 917 1366 praetextu,
946 1317 985 1356 dc

241 1374 470 1419 subreptionis,
499 1376 547 1408 vel
568 1375 785 1419 obreptionis,
807 1382 862 1409 aut
887 1376 984 1409 nulli-

241 1428 313 1461 tatis
337 1427 435 1469 vitio,
463 1438 520 1462 seu
546 1428 732 1462 intentionis
763 1435 908 1469 nostrae,
936 1431 984 1463 vel

240 1481 304 1515 alio
332 1491 539 1526 quocumque
565 1482 690 1515 defectu
718 1483 843 1523 notari,
872 1483 981 1527 impu-

240 1535 343 1577 gnari,
367 1535 535 1577 redargui,
568 1541 622 1568 aut
646 1535 790 1579 infringi,
818 1537 981 1580 suspendi,

240 1588 384 1629 limitari,
409 1588 590 1629 retraetari,
615 1590 779 1630 revocari,
808 1596 862 1624 aut
883 1590 915 1623 in
937 1591 985 1624 ius

240 1643 289 1676 vel
314 1642 567 1676 controversiam
593 1643 712 1684 vocari,
735 1654 792 1677 seu
812 1644 851 1677 ad
875 1645 984 1678 termi-

240 1705 299 1728 nos
312 1695 392 1729 iuris
411 1696 533 1737 reduci,
553 1702 608 1730 aut
627 1697 778 1731 advorsus
793 1697 862 1731 illas
883 1698 985 1742 quod-

241 1760 381 1794 cumque
412 1750 534 1792 gratiae
559 1751 606 1784 vel
635 1751 775 1785 iustitiae
804 1752 983 1786 remedium

242 1802 410 1847 impetrari
431 1804 614 1838 nullatenus
634 1815 738 1849 posse,
767 1806 822 1839 sed
843 1816 981 1850 semper,

241 1866 278 1890 ae
305 1862 464 1901 perpetuo
485 1857 605 1891 validas
634 1864 664 1891 et
684 1859 831 1892 efficaces
852 1860 985 1893 existere

241 1904 377 1950 ac'sore,
391 1920 427 1945 ac
446 1911 509 1944 illis
526 1912 676 1945 omnibus
691 1918 720 1946 et
738 1913 882 1955 singulis,
905 1924 985 1957 quos

242 1970 452 2004 concernunt,
476 1965 661 2008 plenissime
686 1966 867 2009 suffragari,
891 1978 928 1999 ac
946 1967 985 2000 ab

241 2016 303 2050 illis
320 2018 495 2062 respective
516 2019 679 2052 observari
698 2020 833 2053 debere:
861 2021 982 2065 sicque,

242 2076 272 2104 et
288 2081 354 2104 non
368 2071 462 2105 aliter
478 2082 536 2115 per
553 2083 777 2117 quoscumque
798 2073 920 2107 iudices
934 2085 986 2107 or-

242 2123 385 2157 dinarios
411 2130 442 2158 et
469 2125 652 2167 delegatos,
688 2126 784 2159 etiam
815 2137 984 2160 causarum

242 2177 355 2210 Palatii
376 2178 551 2221 Apostolici
577 2179 752 2221 auditores,
777 2191 813 2213 ac
834 2180 864 2214 S.
889 2181 924 2213 R.
949 2181 981 2213 E.

244 2232 435 2273 cardinales,
463 2233 559 2266 etiam
587 2234 626 2266 de
652 2234 752 2267 latere
775 2235 914 2276 legatos,
950 2245 986 2267 ac

244 2286 333 2319 Sedis
353 2286 556 2330 Apostolicae
577 2286 713 2319 nuncios
731 2287 870 2330 (sublata
891 2287 935 2320 eis
956 2293 986 2320 et

245 2347 355 2370 eorum
378 2337 509 2371 cuilibet
529 2338 640 2381 quavis
661 2338 754 2371 aliter
772 2337 935 2371 iudicandi
957 2345 987 2372 et

247 2390 478 2435 interpretandi
500 2392 651 2424 facultate
672 2397 703 2424 ct
724 2391 928 2434 auctoritate)
944 2391 987 2425 iu-

246 2442 345 2477 dicari
366 2450 397 2478 et
424 2444 552 2477 deliniri
580 2445 718 2484 debere,
742 2455 779 2477 ae
804 2444 931 2477 irritum
957 2450 988 2478 et

247 2496 340 2531 inane
364 2498 523 2542 quidquid
548 2509 640 2531 secus
664 2508 761 2542 super
785 2498 833 2531 bis
858 2509 875 2530 a
900 2509 983 2541 quo-

247 2562 365 2595 quam,
394 2552 505 2596 quavis
530 2551 741 2591 auctoritate,
770 2551 909 2585 scienter
939 2552 984 2584 vel

249 2605 444 2647 ignoranter,
471 2605 643 2648 contigerit
668 2605 827 2639 attentari.

293 2660 309 2700 ξ
336 2657 388 2691 12.
421 2658 575 2698 Quocirca
608 2659 782 2693 venerabili
812 2659 899 2691 fratri
931 2670 983 2692 ar-

330 2721 409 2748 Ball.
430 2722 510 2750 Rom.
531 2737 564 2741 —
585 2722 641 2749 Vol.
663 2722 712 2749 XI.
875 2720 909 2747 ⁹25

1015 303 1221 347 cliicpiseopo
1250 302 1425 343 Toletano,
1460 312 1497 335 ac
1529 301 1653 335 dilectis
1684 301 1758 335 filiis

1015 367 1183 389 causarum
1199 356 1308 389 curiae
1321 357 1472 389 Gamerae
1486 355 1689 400 Apostolicae
1703 366 1757 398 ge-

1015 410 1116 442 nerali
1135 410 1286 450 auditori,
1310 421 1345 442 ac
1371 415 1482 442 nostro
1504 415 1534 442 et
1553 409 1758 453 Apostolicae

1015 463 1105 495 Sedis
1124 463 1155 495 in
1183 463 1288 505 regnis
1313 463 1540 506 Hispaniarum
1562 462 1680 496 nuncio
1702 474 1759 507 per

1015 522 1200 559 praesentes
1236 517 1468 550 committimus
1500 522 1530 550 et
1566 516 1759 550 mandamus

1015 575 1174 613 quatenus
1199 570 1271 614 ipsi,
1295 571 1343 603 vel
1369 570 1445 611 duo,
1466 575 1520 603 aut
1540 580 1624 603 unus
1645 580 1757 604 eorum

1015 634 1074 667 per
1099 634 1143 664 se,
1172 624 1220 657 vel
1246 623 1360 664 alium,
1388 634 1444 656 seu
1465 624 1554 664 alios,
1573 630 1759 668 praesentes

1016 677 1148 717 litteras,
1173 683 1203 710 et
1228 677 1259 709 in
1281 677 1326 710 eis
1346 682 1497 710 contenta
1518 688 1755 721 quaecumque,

1015 730 1070 762 ubi
1097 735 1128 763 et
1153 730 1285 774 quando
1316 740 1396 774 opus
1421 730 1535 770 fuerit,
1564 741 1601 764 ac
1633 731 1759 774 quoties

1015 793 1075 827 pro
1100 789 1191 827 parte
1217 789 1281 816 tam
1307 783 1487 824 Societatis,
1512 794 1609 828 quam
1636 784 1760 828 capitu-

1015 837 1121 870 lorum
1143 842 1174 870 et
1191 837 1330 870 aliorum
1349 837 1603 881 praedictorum,
1623 848 1680 871 seu
1700 838 1759 871 ali-

1016 890 1107 924 cuius
1125 901 1239 924 eorum
1258 890 1376 924 suerint
1393 890 1550 934 requisiti,
1571 891 1760 925 solemniter

1016 944 1237 989 publicantes,
1268 944 1396 988 illisque
1422 944 1453 976 in
1479 944 1666 988 praemissis
1692 945 1761 978 effi-

1017 998 1100 1032 cacis
1130 997 1327 1031 defensionis
1358 997 1520 1041 praesidio
1552 998 1757 1039 assistentes,

1018 1052 1135 1086 saciant
1156 1052 1348 1085 auctoritate
1367 1054 1477 1085 nostra
1498 1051 1569 1085 illos
1593 1058 1624 1085 et
1647 1062 1760 1086 eorum

1017 1106 1160 1148 singulos
1175 1105 1365 1139 eorumdem
1379 1105 1631 1149 praemissorum
1648 1106 1761 1140 effectu

1018 1159 1152 1204 pacifice
1172 1159 1233 1192 srui
1255 1165 1285 1192 et
1309 1159 1461 1202 gaudere,
1489 1169 1554 1192 non
1574 1160 1763 1203 permitten-

1020 1219 1064 1247 tes
1096 1213 1168 1247 illos
1193 1219 1248 1247 aut
1278 1213 1404 1257 aliquos
1438 1222 1551 1246 eorum
1583 1213 1721 1258 desuper
1745 1224 1763 1247 a

1019 1277 1196 1311 quoquam,
1221 1267 1331 1311 quavis
1356 1266 1560 1307 auctoritate,
1582 1267 1762 1311 quomodo-

1019 1321 1097 1354 libet
1127 1320 1268 1353 indebite
1294 1320 1477 1353 molestari:
1506 1320 1762 1354 contradictores

1019 1385 1242 1418 quoscumque
1256 1384 1293 1407 ac
1313 1373 1497 1418 praemissis
1517 1383 1584 1407 non
1601 1380 1761 1418 parentes,

1019 1428 1129 1471 eisque
1154 1428 1321 1468 auxilium,
1350 1427 1520 1461 consilium
1541 1427 1588 1461 vel
1606 1428 1759 1468 favorem,
1785 1428 1793 1436 '

1020 1481 1146 1525 publice
1163 1481 1211 1513 vel
1233 1480 1370 1521 occulte,
1391 1480 1512 1514 directe
1533 1490 1589 1514 seu
1607 1481 1763 1514 indirecte

1019 1534 1265 1579 quomodolibet
1284 1539 1495 1578 praestantes,
1519 1545 1577 1578 per
1597 1545 1760 1575 censuras,

1020 1594 1048 1621 et
1070 1598 1191 1631 poenas
1212 1587 1456 1628 ecclesiasticas,
1484 1587 1613 1631 aliaque
1638 1597 1760 1631 oppor-

1021 1647 1097 1674 tuna
1123 1641 1201 1675 iuris
1222 1647 1253 1674 et
1273 1641 1346 1674 sacti
1372 1640 1526 1683 remedia,
1546 1641 1763 1685 appellatione

1019 1695 1208 1739 postposita,
1230 1694 1479 1739 compescendo,
1497 1694 1645 1728 invocato
1667 1695 1762 1728 etiam

1019 1749 1059 1782 ad
1084 1748 1164 1789 boc,
1193 1748 1217 1781 si
1244 1759 1325 1792 opus
1351 1748 1465 1789 suerit,
1493 1747 1613 1781 auxilio
1638 1748 1763 1782 brachii

1019 1802 1203 1836 saecularis.

1064 1858 1080 1898 ξ
1102 1856 1154 1889 13.
1171 1857 1240 1890 Non
1255 1855 1458 1889 obstantibus
1475 1855 1648 1899 praedictis
1662 1857 1763 1897 Pauli,

1020 1910 1077 1951 Pii,
1095 1910 1240 1953 Gregorii
1260 1916 1290 1943 et
1307 1909 1445 1943 aliorum
1464 1909 1656 1943 Pontificum
1675 1920 1764 1954 prae-

1020 1964 1225 1997 decessorum
1246 1963 1373 2003 litteris,
1394 1974 1431 1996 ac
1451 1963 1565 1996 similis
1585 1964 1763 1997 memoriae

1020 2018 1172 2051 Bonifacii
1186 2018 1290 2061 Papae
1305 2017 1369 2051 vtlt
1389 2017 1484 2051 ctiam
1505 2018 1763 2061 praedecessoris

1020 2071 1137 2104 nostris
1158 2071 1196 2104 de
1228 2073 1309 2111 una,
1338 2076 1369 2104 et
1401 2070 1433 2103 in
1459 2071 1598 2104 concilio
1619 2071 1762 2113 generali

1021 2125 1103 2158 edita
1126 2125 1165 2157 de
1193 2124 1318 2157 duabus
1343 2124 1447 2164 dietis,
1472 2125 1650 2158 dummodo
1679 2125 1764 2157 ultra

1021 2185 1084 2211 tres
1108 2179 1209 2211 dietas
1241 2178 1357 2222 aliquis
1387 2178 1580 2211 auctoritate
1608 2189 1762 2222 praesen-

1020 2233 1098 2265 tium
1120 2232 1159 2265 ad
1182 2231 1337 2265 iudicium
1359 2241 1424 2265 non
1447 2232 1603 2272 trabatur,
1628 2231 1763 2275 aliisque

1020 2285 1215 2329 apostolicis,
1237 2296 1272 2317 ac
1300 2284 1331 2317 in
1352 2285 1599 2324 universalibus,
1628 2285 1760 2328 provin-

1021 2338 1221 2382 cialibusque
1235 2344 1262 2371 et
1278 2338 1486 2382 synodalibus
1501 2337 1645 2370 conciliis
1660 2337 1764 2373 editis,

1020 2392 1225 2435 generalibus
1246 2393 1293 2424 vel
1315 2391 1509 2435 specialibus
1528 2391 1764 2424 constitutioni-

1021 2446 1079 2478 bus
1100 2452 1130 2478 et
1148 2445 1418 2485 ordinationibus,
1442 2456 1478 2477 ae
1499 2444 1618 2486 regulis
1639 2444 1764 2476 cancel-

1021 2499 1118 2532 lariae
1154 2504 1305 2538 nostrae,
1341 2504 1371 2531 et
1403 2497 1592 2541 praesertim
1624 2498 1663 2530 de
1696 2497 1763 2529 iure

1021 2552 1165 2596 quaesito
1180 2562 1245 2585 non
1264 2552 1417 2591 tollendo,
1435 2560 1560 2583 necnon
1583 2556 1645 2583 tam
1666 2550 1764 2594 ipsius

1020 2605 1206 2645 Societatis,
1230 2615 1326 2648 quam
1349 2614 1630 2647 quarumcumque
1656 2604 1760 2636 eccle-

1021 2659 1141 2692 siarum
1157 2657 1495 2702 metropolitanarum,
1513 2656 1759 2697 cathedralium,

1662 243 1726 276 ’193
1773 252 1957 280 A11.C.1605

1827 1872 1964 1892 (ll-stantibus

1779 1899 1811 1919 ilci
1818 1901 1875 1922 opat.
