2227 3241
13 296 63 323 An.
79 293 106 321 C.
127 291 194 320 1606

48 565 190 592 nequamus

13 593 118 620 ‹to-innau-

848 290 964 316 PAULUS
990 292 1007 313 V
1033 292 1078 315 Pr.

202 339 317 373 stantia
342 339 477 373 iudicari
503 345 534 373 et
562 331 688 373 definir'i
719 339 853 380 debere,
887 332 962 372 nect

202 402 267 426 non
281 391 406 425 irritum
421 400 450 426 et
464 392 557 426 inane
571 392 729 437 quidquid
743 402 833 426 secus
851 403 947 436 super

205 505 252 534 ter
269 500 316 534 vel
338 499 535 543 ignoranter,
559 500 731 542 contigerit
755 500 914 533 attentari.

249 554 266 596 ἕ
285 552 335 587 15.
359 554 517 593 Quocirca
537 553 776 587 venerabilibus
796 553 965 595 fratribus}

205 606 370 640 modernis
387 612 417 640 et
434 617 491 650 pro
512 613 656 651 [empore
675 607 884 640 existentibus
902 617 949 640 ar·
964 605 966 625 ¹

206 659 411 705 chiepiscopo
421 660 637 694 valentinensi
648 666 679 694 et
693 660 845 704 episcopo
855 660 949 702 Sego-

205 714 356 755 hrieensi,
369 724 406 747 ac
423 713 547 748 dilectis
561 713 636 748 siliis
650 724 820 747 causarum
839 714 949 747 euriae

205 767 356 802 Gamerae
388 767 590 812 Apostolicae
615 768 756 810 generali
783 768 922 802 auditori

206 832 243 855 ac
259 827 370 855 nostro
388 827 418 854 et
436 822 539 855 dictae
556 821 645 855 Sedis
663 822 695 855 in
713 822 820 865 regnis
837 821 949 866 Hispa-

206 875 335 909 niarum
360 874 546 909 huiusmodi
568 875 697 917 nuncio,
720 886 779 920 per
798 869 967 919 praesen-⁵

209 935 254 963 tes
274 930 475 971 mandamus,
500 936 657 975 quatenus
689 930 770 974 ipsi,
802 931 849 964 vel
871 931 946 971 duo,
966 952 967 960 ι

208 989 263 1016 aut
281 994 365 1017 unus
390 995 502 1018 eorum
527 995 585 1028 per
609 995 652 1026 se,
683 984 730 1018 vel
756 984 868 1024 alium,
894 995 949 1018 seu

209 1036 299 1078 alios,
319 1037 386 1079 ubi,
407 1038 538 1082 quando
556 1044 583 1072 et
604 1038 729 1082 quoties
746 1048 826 1082 opus
844 1038 950 1078 suerit,

208 1101 264 1124 seu
281 1092 406 1135 quoties
421 1102 479 1136 pro
492 1097 582 1136 parte
603 1098 765 1126 rectorum
779 1092 950 1136 parochia-

210 1144 287 1177 lium
310 1145 519 1179 ecclesiarum
541 1146 666 1179 noviter
691 1151 871 1179 erectarum
893 1146 951 1179 liu-

211 1198 361 1238 iusmodi‚
386 1205 440 1232 aut
460 1209 572 1232 eorum
592 1199 785 1240 collectoris,
813 1200 861 1232 vel
887 1199 948 1232 ali-

212 1251 302 1285 euius
334 1263 446 1286 eorum
481 1253 599 1286 suerint
634 1253 803 1297 requisiti,
835 1253 953 1286 saciant

211 1306 402 1340 auctoritate
420 1310 530 1340 nostra
546 1314 730 1351 praesentes
744 1313 773 1341 ct
788 1307 863 1341 dicti
877 1308 953 1341 Gre—
969 1309 971 1334 ἒ

211 1359 293 1403 gorii
310 1361 570 1404 praedecessoris
583 1361 706 1395 litteras
719 1372 756 1395 ac
774 1361 805 1394 in
820 1361 863 1395 eis
879 1372 954 1394 con-

213 1419 299 1446 tenta
319 1425 544 1458 quaecumque
565 1414 604 1447 ab
626 1415 788 1455 omnibus,
802 1425 883 1458 quos
902 1415 954 1447 illa
971 1408 972 1432 ³

213 1474 423 1508 concernunt,
445 1468 475 1500 in
495 1468 635 1502 futurum
656 1468 881 1501 iuxiolabilitei
899 1469 955 1501 ob·
971 1462 973 1489 ³

213 1521 409 1563 seiva1i‚ac
436 1522 562 1556 debitae
582 1523 790 1567 exequutioni
817 1523 952 1556 deman-

214 1575 300 1608 dari:
329 1585 456 1608 necnon
479 1581 565 1609 taxas
594 1576 625 1608 in
651 1576 714 1609 illis
739 1564 974 1621 etp1aedieto'3

214 1628 296 1662 libro
318 1634 494 1670 contentas,
516 1629 711 1674 illalumque
730 1630 884 1663 terminos
903 1624 975 1664 <te-l

215 1693 325 1717 cursos
358 1689 387 1717 et
420 1684 640 1718 decurrendos
665 1685 743 1727 (non
776 1690 895 1724 tamen,
924 1668 975 1732 uti

214 1737 415 1781 praefertur,
443 1738 610 1779 remissos,
639 1744 668 1771 et
694 1738 786 1771 dictis
818 1737 976 1782 capitulo&

216 1796 247 1824 et
271 1791 444 1832 canonicis,
474 1797 504 1825 ut
530 1793 720 1835 praefertur,
745 1785 976 1840 condonatosffl

217 1844 309 1888 exigi,
334 1845 469 1889 illosque
490 1846 581 1879 dictis
602 1845 842 1890 parochialibus
860 1851 891 1879 ot
908 1846 976 1879 ea=¹

217 1900 492 1942 iumiectoribus‚
511 1900 627 1943 quibus
649 1899 825 1944 respective
840 1899 977 1933 deben

218 1958 279 1993 tur,
302 1953 432 1987 realiter
452 1959 481 1987 et
503 1964 574 1987 cum
597 1953 712 1987 effectu
737 1953 875 1998 persolxi
898 1964 977 1987 cus

218 2011 290 2040 rent
309 2012 339 2040 et
359 2006 492 2040 faciant:
517 2017 582 2040 non
603 2006 825 2051 permittentes
841 2017 895 2040 eos
913 2007 978 2047 tel

219 2069 331 2094 eorum
353 2060 530 2105 quemlibet
561 2061 700 2105 desuper
731 2072 747 2094 a
779 2071 978 2105 quoquam,
976 2064 978 2091 t

220 2114 329 2159 quavis
349 2114 550 2155 auctoritate,
576 2115 823 2158 quomodolibet
840 2114 978 2148 inebite

221 2168 382 2202 molestari
404 2175 457 2202 aut
482 2169 685 2213 perturbari:
714 2175 745 2202 et
763 2169 847 2213 ipsos
870 2174 957 2202 taxa·
977 2160 978 2167 ἵ

967 1125 969 1139 l

222 2232 290 2255 rum
313 2223 501 2256 earumdem
525 2223 705 2262 debitores,
729 2223 837 2267 quoad
862 2219 979 2256 laicos‘

222 2275 380 2316 videlicet,
400 2276 494 2310 etiam
514 2287 572 2321 per
593 2276 803 2320 privationem
823 2276 962 2310 decima-

223 2339 292 2362 rum
318 2335 349 2364 et
367 2329 596 2374 primitiarum
621 2340 700 2374 quas
718 2329 910 2374 percipiunt
933 2335 979 2362 et

223 2383 355 2417 ulteiius
380 2385 462 2428 (tam
486 2385 592 2428 quoad
626 2385 711 2428 ipsos
739 2394 834 2427 quam
856 2366 981 2442 quoad}

225 2436 302 2470 alios
319 2437 573 2471 contradictores
595 2437 755 2481 quoslibet
776 2443 806 2471 ct
827 2425 981 2471 rebettcsl

226 2500 261 2523 ae
284 2491 466 2534 praemissis
487 2502 551 2524 non
575 2502 606 2535 p
598 2497 724 2525 nentes
745 2491 855 2535 eisquc
877 2490 962 2524 auxi

227 2543 314 2585 lium,
339 2545 507 2578 consilium
526 2546 574 2579 iel
594 2545 746 2585 saxorem,
771 2545 898 2589 publice
918 2545 981 2588 iel

227 2598 362 2638 occulte,
386 2599 507 2632 directe
531 2609 587 2632 seu
609 2598 764 2632 indirecte
785 2598 982 2642 quomodo-l

228 2649 304 2683 libet
322 2652 532 2695 praestantes)
557 2662 615 2696 per
638 2652 824 2692 sententias
846 2661 961 2685 censu
980 2640 982 2686 i

230 2713 279 2737 ias
303 2709 330 2737 et
360 2715 479 2749 poenas
501 2706 743 2748 ecclesiasticas,
769 2706 855 2740 iuxta
877 2712 965 2739 teno-
980 2689 982 2734 Ῐ

962 414 963 442 ι
980 393 1235 435 praedecessoris
1251 421 1257 434 ,

203 445 282 479 hisa
296 456 472 490 quoquam,
489 446 600 490 quavis
624 445 825 487 auctoritate,
845 445 947 480 scien-
963 452 964 492 ᾗ
981 445 1058 479 iuris
1077 452 1104 479 et
1126 446 1198 479 sacti
1225 447 1378 488 remedia,
1403 448 1491 481 omni
1518 454 1548 481 et
1568 458 1723 492 quaeum-

982 510 1043 543 que
1061 499 1277 543 appellatione
1298 501 1462 544 posposita
1475 507 1571 544 atque
1587 500 1722 543 remota,

978 349 1045 372 rem
1057 339 1214 373 dictarum
1228 340 1407 374 litterarum
1420 340 1564 374 eiusdem
1575 341 1721 384 Gregorii

1293 403 1418 427 necnon
1448 393 1511 427 alia
1539 399 1723 438 opportuna

983 553 1230 596 compescendo,
1248 564 1295 593 ac,
1312 554 1477 597 legittimis
1495 565 1592 599 super
1605 554 1655 588 his
1668 553 1724 588 ha-

964 632 966 651 ,
982 607 1096 640 bendis
1116 607 1249 640 servatis
1266 609 1481 651 processibus,
1506 609 1577 642 illos
1594 615 1724 642 senten-

965 660 1053 708 ,tias,
1082 671 1233 694 censuras
1259 667 1289 694 et
1320 672 1441 706 poenas
1466 661 1647 706 praedictas
1671 661 1727 695 in-

965 714 1121 761 3currisse
1147 721 1176 748 et
1197 714 1229 747 in
1256 715 1326 748 illas
1348 715 1496 749 incidisse
1517 715 1723 756 declarando,

938 796 944 809 ,
965 778 966 805 g
984 779 1019 802 ac
1040 768 1135 802 etiam
1157 768 1278 802 iteratis
1299 769 1421 802 vicibus
1442 769 1659 812 aggravando,
1680 769 1727 802 in-

984 828 1095 856 vocato
1113 822 1209 855 etiam
1227 823 1267 856 ad
1289 822 1360 863 lioc,
1385 823 1410 857 si
1429 834 1510 867 opus
1528 823 1637 863 suerit,
1658 823 1728 856 bra-

985 876 1047 910 chii
1070 877 1244 910 saecularis
1261 877 1391 910 auxilio.

1030 931 1045 972 5
1068 929 1119 963 ·16.
1143 931 1213 964 Non
1234 931 1435 964 obstantibus
1453 931 1568 965 litteris
1583 931 1728 965 Clemen-
1759 944 1930 969 ῃειοςιιιοςοῃ-

966 1019 967 1023 ,
985 984 1023 1017 tis
1036 984 1293 1028 praedecessoris
1307 984 1475 1028 praedicti,
1486 984 1620 1029 aliisque
1634 995 1727 1030 prae-

985 1038 1106 1079 missis,
1140 1049 1199 1072 nee
1230 1049 1295 1072 non
1327 1039 1519 1072 recolendae
1552 1039 1729 1073 memoriae

967 1092 1140 1125 ¹Bonifacii
1161 1093 1265 1136 Papae
1288 1092 1352 1126 VIlI
1373 1092 1521 1126 similiter
1540 1092 1730 1136 praedeces-

986 1145 1067 1179 soris
1091 1146 1192 1179 nostri
1214 1147 1253 1180 de
1271 1148 1345 1186 una,
1370 1152 1400 1180 et
1420 1146 1549 1179 concilii
1569 1145 1729 1189 generalis

968 1228 970 1239 ,
988 1200 1073 1233 edita
1094 1200 1133 1233 de
1154 1200 1279 1233 duabus
1304 1200 1427 1241 diaetis,
1444 1200 1622 1233 dummodo
1647 1200 1732 1233 ultra

969 1290 971 1300 ‚
991 1259 1053 1287 tres
1077 1255 1197 1288 diaetas
1223 1254 1337 1298 aliquis
1358 1261 1444 1287 extra
1456 1265 1545 1287 suam
1572 1254 1731 1288 civitatem

970 1336 971 1343 ,
989 1309 1036 1342 vel
1054 1308 1239 1349 dioecesim,
1256 1308 1365 1351 vigore
1379 1308 1566 1342 earumdem
1584 1318 1733 1352 praesen-

990 1363 1080 1402 tium,
1101 1363 1141 1395 ad
1160 1362 1313 1396 iudicium
1333 1373 1397 1396 non
1417 1362 1575 1403 trahatur,
1593 1373 1629 1395 ac
1643 1362 1734 1395 Late-

990 1415 1167 1449 teranensis
1195 1415 1326 1449 Concilii
1355 1415 1528 1449 novissime
1554 1415 1730 1454 celebrati,

990 1470 1125 1504 uniones
1145 1474 1317 1514 perpetuas
1338 1470 1397 1503 nisi
1427 1470 1458 1502 in
1479 1469 1605 1503 casibus
1626 1480 1644 1502 a
1664 1469 1734 1502 iure

972 1523 1153 1580 permissis
1174 1524 1243 1557 fieri
1262 1523 1475 1567 prohibentis,
1497 1534 1533 1556 ac
1558 1525 1669 1556 nostra
1687 1533 1736 1556 re-

991 1577 1152 1610 vocatori&
1174 1577 1331 1610 unionum
1354 1576 1502 1610 effectum
1524 1586 1589 1609 non
1611 1575 1736 1609 sortita-

973 1641 1074 1673 ιιιιιι,
1103 1636 1133 1664 et
1158 1631 1197 1664 de
1222 1641 1287 1663 non
1313 1630 1456 1663 tollendo
1483 1629 1551 1663 iure
1577 1628 1733 1673 quaesito,

992 1695 1029 1718 ac
1046 1685 1085 1718 de
1102 1684 1277 1718 unionibus
1295 1683 1537 1718 committendis
1555 1683 1595 1717 ad
1615 1688 1734 1727 partes,

993 1738 1112 1772 voeatis
1138 1749 1277 1782 quorum
1304 1738 1447 1778 interest,
1468 1743 1498 1771 et
1523 1737 1738 1781 exprimendo

993 1802 1067 1825 vero
1089 1792 1197 1825 valore
1219 1797 1281 1825 tam
1305 1791 1453 1825 beneficii
1476 1790 1619 1831 uniendi,
1641 1800 1737 1834 quam

975 1869 976 1887 3
995 1845 1078 1878 illius
1103 1845 1154 1878 cui
1173 1845 1255 1878 uniri
1278 1844 1426 1889 petitur¹‚
1444 1855 1480 1878 ac
1495 1845 1533 1878 de
1551 1843 1739 1888 supplendis

995 1899 1173 1933 defectibus
1194 1899 1225 1932 in
1247 1900 1375 1943 specie,
1401 1905 1430 1932 et
1451 1909 1517 1932 non
1542 1898 1574 1931 in
1595 1908 1735 1940 genere,

994 1963 1120 1987 necnon
1146 1952 1339 1997 praestando
1361 1963 1521 1986 consensu
1547 1951 1578 1984 in
1604 1950 1735 1995 pensio-

976 1996 1100 2047 nibus,
1115 2007 1249 2051 aliisque
1272 2007 1402 2049 regulis,
1423 2017 1479 2040 seu
1497 2005 1738 2040 constitutioni-

995 2061 1053 2094 bus
1078 2061 1294 2095 Cancellariac
1315 2060 1535 2105 Apostolicae,
1559 2059 1738 2104 privilegiis

995 2126 1145 2159 quoque.
1175 2115 1306 2148 indultis
1331 2120 1363 2148 et
1395 2114 1508 2148 litteris
1533 2113 1736 2158 apostolicis,

977 2169 1053 2202 ÷sub
1080 2169 1340 2212 quibuscumque
1367 2168 1533 2202 tenoribus
1558 2174 1589 2202 et
1614 2167 1736 2207 formis,

977 2234 1032 2259 lac
1052 2233 1124 2256 cum
1147 2222 1311 2267 quibusvis
1338 2222 1434 2256 etiam
1461 2221 1739 2264 derogatoriarum

978 2269 979 2320 ζ
997 2276 1220 2319 derogatoriis,
1243 2276 1379 2320 aliisque
1398 2275 1631 2309 efficacioribus
1650 2280 1680 2308 et
1698 2274 1743 2307 in-

996 2331 1097 2364 solitis
1124 2330 1292 2372 clausulis,
1323 2329 1589 2373 irritantibusquc
1617 2335 1645 2362 et
1671 2328 1741 2361 aliis

997 2375 1144 2423 decretis,
1174 2384 1204 2415 in
1226 2394 1343 2425 genere
1366 2384 1412 2416 vel
1443 2382 1474 2415 in
1495 2381 1613 2427 s'pecic,
1643 2381 1740 2415 etiam

999 2442 1098 2474 motu,
1123 2437 1253 2470 scientia
1286 2442 1316 2470 ct
1344 2435 1510 2480 potestatis
1540 2434 1740 2478 plenitudine

979 2488 1166 2531 similibus,
1191 2496 1219 2523 et
1246 2489 1523 2529 consistorialiter,
1545 2499 1581 2521 ac
1607 2487 1683 2521 alias
1709 2487 1741 2520 in

998 2543 1196 2577 contr-mium
1219 2543 1463 2587 quomodolibet
1492 2541 1661 2581 comessis,
1687 2551 1741 2584 ap-

980 2598 1142 2649 plebilis
1160 2604 1190 2630 et
1210 2597 1306 2630 innox
1311 2597 1378 2630 atis
1402 2596 1522 2635 Quibus
1539 2595 1690 2628 omnibus
1712 2601 1740 2627 et

1036 2670 1045 2695 1
1070 2668 1141 2695 llaec
1167 2668 1281 2696 formula
1308 2668 1349 2695 liic
1377 2666 1497 2694 adhibita
1526 2666 1665 2694 conliimat
1696 2675 1742 2693 no-

999 2717 1083 2742 stram
1096 2713 1278 2741 coniecturam
1294 2721 1353 2749 pag.
1372 2712 1404 2739 84
1421 2721 1437 2739 a
1452 2716 1508 2740 not.
1522 2712 1537 2738 ι’.
1556 2719 1592 2746 Ὶι[ι.
1615 2714 1662 2746 τ,).

1630 282 1693 316 293
1739 292 1790 320 Αιι.
1808 292 1836 320 c.
1857 292 1923 321 ¹606

1743 975 1863 998 trau-iorum.
