2227 3241
251 277 299 302 An.
323 276 352 303 c..
372 277 440 304 toto
485 268 548 300 6110

288 1720 420 1739 tut-iorum<

262 1746 420 1766 ecclesiasticae

264 1778 271 1791 v
278 1772 344 1793 index.

276 2330 396 2351 Misericors
413 2336 432 2350 in

251 2362 322 2378 omnes
336 2357 380 2377 fuit.

278 2462 383 2483 Beneficia
405 2464 434 2483 iu-

252 2491 285 2509 lla
307 2495 377 2509 sacros
399 2496 434 2509 ca-

251 2520 315 2536 n'ines
353 2521 435 2542 srmpir

252 2542 346 2563 contulit.

1023 276 1204 300 BULLARIUM
1228 276 1380 300 ROMANUM

1964 275 2014 302 An.
2029 274 2057 302 C.
2079 274 2148 304 1610

450 325 640 358 charismata
662 325 814 364 meliora,
842 325 881 357 ad
902 334 970 356 eam
997 324 1184 357 charitatem
1219 323 1440 357 ecclesiasticis
1468 323 1631 357 beneficiis
1656 329 1686 357 et
1715 324 1826 358 officiis
1846 325 1952 358 confe-

450 379 603 422 pervcnit,
627 388 689 421 qua
708 378 861 410 maiorem
884 377 1045 410 neminem
1066 377 1185 411 babere
1220 377 1326 410 rendis
1346 383 1511 420 ageretur3
1530 376 1688 410 beneficia
1705 377 1790 410 enim
1807 378 1867 411 nisi
1888 389 1954 412 ma-

449 432 600 464 Dominus
626 432 692 475 ipse
717 432 950 476 pronunciavit.
980 431 1073 471 Quasi
1100 432 1184 465 enim

448 495 560 527 parum
577 484 731 517 iudicaret
745 485 880 528 publicis
898 484 1185 528 supplicationibus

448 537 693 580 nudipedalibus
720 538 816 571 verbo
845 544 873 571 et
902 549 998 582 opere
1033 538 1184 572 inducere

448 591 567 623 clerum
587 596 617 623 et
634 591 788 634 populum
808 591 846 623 ad
861 591 1001 624 divinam
1016 591 1185 635 deprecan-

447 643 518 675 dam
539 643 726 683 vindictam,
751 649 779 677 et
801 644 839 677 ad
861 644 1092 688 poenitentiam
1111 655 1184 689 pro-

448 707 571 737 vocare,
594 696 719 741 aliaque
741 697 840 729 multa
866 697 896 729 in
916 705 1088 731 commune
1108 708 1184 731 con-

446 750 581 783 sulendo
606 750 740 784 sollicite
771 751 942 793 ordinare,
967 762 1026 795 pro
1052 762 1184 786 munere

445 800 619 846 pastorali,
648 815 781 837 cernens
810 805 840 837 id
876 804 969 838 etiam
1003 805 1182 839 animarum

445 856 538 889 saluti
557 863 587 890 et
607 858 710 900 gregis
731 858 972 892 necessitatibus
997 859 1027 891 in
1047 859 1183 893 Domino

446 911 607 954 expedire,
632 911 793 955 dispositis
811 912 906 946 rebus
926 913 990 946 suis
1011 918 1041 946 et
1058 913 1183 946 selectis

447 964 608 997 nonnullis
629 965 841 1006 adiutoribus,
866 966 1012 999 infirmos
1029 972 1091 999 tam
1114 966 1184 1000 civi-

447 1017 517 1049 tatis
531 1028 626 1061 quam
646 1018 801 1051 dioecesis
819 1019 1049 1064 cuiuscumque
1062 1019 1183 1052 ordinis

445 1070 496 1102 die
514 1075 670 1115 nocteque
682 1072 849 1114 visitando,
869 1073 1047 1117 spiritualia
1061 1079 1091 1107 et
1106 1078 1184 1106 tem-

445 1124 568 1167 poralia
593 1125 813 1163 ministrabat:
846 1126 1012 1161 defunctos
1037 1127 1179 1171 sepeliri,

447 1178 580 1211 infantes
601 1178 762 1223 orphanos
787 1180 914 1219 nutriri,
939 1191 974 1213 ac
996 1191 1052 1214 sua
1073 1192 1184 1225 quem-

445 1242 541 1275 quam
563 1242 662 1265 onera
687 1233 815 1276 publice
835 1234 1028 1267 demandata
1050 1234 1184 1277 diligen-

447 1291 492 1317 ter
505 1295 540 1318 ac
558 1285 694 1318 fideliter
712 1286 938 1320 administrare
959 1287 1102 1329 curabat,
1119 1298 1183 1321 non

446 1348 622 1382 pauperum
646 1339 886 1381 valetudinaria,
904 1351 969 1374 non
983 1341 1120 1375 humiles
1134 1352 1184 1375 ca-

441 1403 494 1426 sas
507 1392 620 1426 invisas
635 1393 764 1436 dimisit,
785 1404 848 1427 non
862 1395 900 1427 ad
917 1401 1118 1428 mortuorum
1134 1406 1184 1428 ca-

446 1445 561 1479 davera
586 1447 738 1481 accedere
757 1447 875 1481 veritus
893 1454 949 1488 est,
974 1454 1005 1481 ut
1028 1449 1183 1482 viventem

447 1499 672 1533 miserabiliter
701 1500 783 1534 inter
802 1507 945 1534 mortuos
972 1501 1126 1535 infantem
1145 1502 1184 1535 ab

447 1552 600 1585 uberibus
619 1553 787 1586 defunctae
807 1554 918 1587 matris
936 1554 1083 1598 eriperet,
1101 1555 1185 1588 etsie

448 1605 573 1646 agendo
598 1605 672 1638 boni
701 1606 835 1650 pastoris
861 1607 999 1650 expleret
1029 1607 1181 1648 officium,

449 1658 501 1702 qui
521 1658 660 1691 animam
683 1669 771 1692 suam
795 1660 883 1703 ponit
902 1670 959 1703 pro
980 1659 1092 1694 ovibus
1105 1661 1180 1693 suis.

493 1714 509 1754 ἕ
530 1712 581 1745 17.
603 1713 636 1746 Id
657 1714 742 1757 quod
758 1713 860 1747 facere
879 1714 972 1747 etiam
988 1725 1019 1747 se
1037 1721 1184 1758 paratum

449 1776 507 1808 pro
522 1766 647 1799 tuendis
661 1767 818 1800 Ecclesiae
834 1767 965 1805 iuribus,
980 1774 1006 1800 et
1023 1768 1185 1801 ecclesias-

450 1819 509 1853 tica
530 1820 727 1854 restituenda
752 1827 778 1854 et
807 1822 1022 1855 conservanda
1047 1822 1185 1855 auctori-

449 1879 520 1915 tate,
543 1884 607 1907 non
633 1875 730 1908 semel
757 1876 904 1916 ostendit,
930 1876 1048 1920 quippe
1073 1876 1127 1920 qui
1153 1876 1184 1909 in

447 1933 598 1971 promptu
623 1927 754 1961 baberet
781 1928 888 1962 ulcisci
915 1939 1044 1962 omnem
1077 1929 1185 1962 inobe-

448 1979 611 2021 dientiam,
636 1981 821 2015 mitissimus
846 1982 987 2026 alioquin
1010 1983 1057 2015 vir
1077 1988 1106 2016 et
1124 1983 1185 2016 cle-

449 2033 674 2075 mentissimus,
695 2035 736 2068 ita
754 2041 784 2068 ut
808 2036 994 2077 calumnias,
1020 2042 1185 2069 contume-

447 2086 505 2119 lias
520 2114 527 2127 ,
551 2097 725 2132 gravesque
750 2089 990 2132 persecutiones
1021 2089 1186 2133 patientis-

447 2140 527 2173 sime
545 2141 651 2174 serret.
669 2141 870 2186 Quapropter
887 2142 993 2175 oblata
1011 2143 1185 2186 aliquando

447 2192 566 2226 indicia
594 2194 785 2238 proditionis
810 2195 890 2228 vitae
914 2206 990 2228 suae
1023 2196 1182 2238 neglexit,

449 2252 477 2279 et
492 2246 612 2280 litteras
626 2258 685 2280 nec
702 2248 876 2291 resignatas
890 2249 1027 2282 {lammis
1041 2249 1182 2282 tradidit.

493 2301 508 2341 ξ
530 2299 581 2332 18.
611 2301 688 2334 Fere
709 2302 826 2341 nullus,
857 2312 1052 2346 quamquam
1079 2302 1186 2335 delicti

449 2362 532 2393 reus,
556 2353 624 2386 eius
651 2354 903 2387 misericordiam
934 2355 1101 2398 poenitens
1127 2355 1186 2387 im-

449 2406 597 2449 ploravit,
618 2407 672 2451 qui
699 2417 761 2440 non
784 2407 879 2440 suerit
896 2413 1121 2452 consequutus.

494 2460 510 2500 ξ
532 2458 583 2492 19.
608 2459 742 2492 Severus
767 2460 894 2493 tamcn¹
917 2461 1035 2493 arbiter
1062 2467 1128 2494 erat
1156 2461 1187 2494 in

450 2513 666 2555 expendendis
679 2513 799 2547 meritis
813 2524 1035 2557 personarum,
1059 2524 1130 2548 cum
1150 2515 1188 2548 de

489 2638 497 2663 t
521 2637 561 2664 Sic
582 2637 694 2673 legimus
714 2646 744 2665 ex
766 2642 904 2666 contextus
920 2638 1024 2665 ratione
1036 2642 1062 2665 et
1075 2646 1106 2666 ex
1122 2638 1187 2666 Che-

452 2681 572 2708 rubini01
595 2683 658 2708 edit.
683 2682 759 2709 Main.
782 2683 863 2710 babet
884 2686 941 2710 tam
959 2685 996 2712 (n.
1016 2683 1063 2717 τ.).

1219 429 1265 473 gis
1282 430 1405 464 idoneis
1426 440 1489 463 non
1510 430 1617 470 dabat,
1640 440 1743 474 neque
1764 430 1794 463 in
1816 430 1877 464 illis
1891 431 1953 465 dis-

1218 483 1390 528 pensandis
1405 483 1564 517 ullatenus
1584 494 1601 516 a
1617 493 1780 517 sacrorum
1795 493 1953 517 canonum

1219 538 1379 571 voluntate
1405 537 1583 571 recedebat.

1262 592 1278 633 ξ
1300 589 1352 623 020.
1373 591 1420 631 Et,
1442 596 1476 624 ut
1492 596 1599 624 sancte
1617 596 1648 623 et
1666 590 1744 624 iuste
1762 600 1868 624 coram
1890 590 1954 624 Deo
1994 600 2082 632 limma⁴
2096 607 2151 623 mu-

1219 650 1249 678 et
1269 644 1455 678 hominibus
1480 645 1589 678 omnia
1615 650 1772 685 tractaret,
1801 655 1819 678 a
1845 654 1955 678 mune·
1968 629 2099 654 ‘'mmm‘'

1218 698 1305 732 ribus
1324 699 1418 732 etiam
1446 699 1604 733 vilissimis
1623 699 1785 732 abstinuit.

1263 754 1279 795 ξ
1307 752 1358 785 et.
1393 752 1577 786 Tribunalia
1604 763 1661 786 sua
1690 758 1725 785 ut
1752 761 1816 786 non
1849 751 1952 785 solum
2028 760 2153 783 Tribunatu

1218 806 1326 849 quavis
1351 806 1422 839 labe
1448 805 1634 850 iniquitatis,
1655 806 1709 839 sed
1731 805 1824 840 etiarn
1849 804 1953 849 suspi-
1967 787 2152 840 3¹53,²¹.3„.¹‘;35¹;¹2'3

1911 858 1917 864 .
1968 839 2151 862 servaresiuduit.
2198 855 2199 858 ,

1217 859 1309 893 cione
1329 866 1489 901 vacarent,
1512 860 1599 892 omni
1625 859 1741 900 studio,
1764 864 1952 904 praesertim

1216 923 1310 956 saepe
1332 913 1384 946 illa
1405 913 1575 955 visitando,
1603 913 1771 957 praestitit.

1262 968 1277 1008 ξ
1299 965 1350 998 022.
1373 966 1499 999 Nullum
1517 972 1640 1011 tempus
1654 966 1751 999 animi
1767 966 1952 1000 relaxationi
1982 973 2090 1022 „an‘ssussff
2103 978 2153 1020 unffi

1217 1019 1323 1060 dabat,
1344 1020 1399 1053 sed
1424 1031 1504 1064 opus
1523 1020 1577 1053 Dei
1599 1026 1629 1053 et
1646 1019 1782 1064 proximi
1803 1019 1953 1053 continue
1968 1005 2153 1075 {ssssffflimuiigfi‘

1217 1073 1322 1116 agenti
1344 1073 1507 1117 negotium
1526 1073 1878 1117 negotiosuccedebat,
1899 1084 1954 1107 cn-
2121 1067 2126 1073 ¹

1219 1137 1284 1159 ram
1305 1138 1381 1160 cura
1402 1127 1589 1171 excipiebat.
1610 1127 1677 1161 Non
1696 1127 1810 1171 quietis
1829 1133 1954 1172 tempus

1218 1180 1348 1214 vacabat
1365 1181 1404 1214 ab
1419 1191 1526 1225 opere,
1544 1191 1608 1214 non
1626 1181 1818 1222 resectionis,
1834 1181 1952 1215 bonam

1218 1234 1302 1266 enim
1330 1234 1431 1268 noctis
1456 1240 1577 1278 partem
1604 1234 1756 1276 lectione,
1781 1241 1847 1268 tum
1869 1235 1955 1269 scri-

1218 1287 1338 1331 ptione,
1368 1294 1432 1321 tum
1459 1288 1605 1322 oratione
1629 1287 1833 1322 absumebat:
1859 1288 1955 1322 inter-

1219 1341 1293 1374 dum
1317 1341 1347 1373 in
1369 1341 1514 1376 oratione
1540 1342 1760 1386 pernoctabat,
1781 1352 1886 1386 neque
1907 1341 1956 1376 id-

1219 1394 1303 1427 circo
1322 1395 1486 1428 remissior
1507 1405 1600 1428 mane
1619 1395 1648 1428 in
1671 1395 1794 1439 agendo
1813 1400 1890 1435 erat,
1912 1394 1956 1428 ita

1219 1453 1252 1479 ut
1274 1447 1304 1480 in
1326 1447 1403 1481 actis
1418 1447 1501 1481 inter
1518 1455 1643 1482 caetera
1663 1448 1883 1491 consignatum
1900 1448 1952 1489 sit,

1219 1500 1316 1544 quod,
1334 1511 1405 1534 cum
1427 1501 1600 1545 aliquando
1617 1502 1737 1535 Romae
1751 1501 1782 1534 in
1795 1507 1956 1535 catacum-

1218 1553 1266 1587 bis
1284 1560 1422 1595 noctem,
1450 1565 1545 1598 quam
1580 1555 1734 1588 ieiunium
1767 1565 1952 1599 praecesse-

1221 1613 1279 1648 rat,
1296 1608 1419 1641 orando
1441 1608 1618 1642 insomnem
1639 1609 1763 1652 egisset,
1785 1619 1878 1643 mane
1891 1619 1956 1642 non

1219 1661 1322 1694 solum
1349 1662 1387 1694 de
1412 1662 1556 1706 corporis
1580 1662 1756 1696 refectione
1776 1668 1829 1696 aut
1849 1662 1957 1706 quiete

1219 1725 1283 1748 non
1297 1715 1457 1757 cogitavit,
1474 1715 1540 1755 sed,
1560 1715 1652 1749 valde
1663 1715 1759 1758 longa
1772 1716 1957 1759 peregrina-

1221 1768 1305 1800 tione
1323 1770 1478 1812 suscepta,
1495 1768 1534 1801 ad
1552 1768 1662 1801 beatae
1682 1768 1813 1811 virginis
1826 1768 1956 1811 Agnetis

1220 1821 1384 1854 ecclesiam
1407 1821 1542 1865 pedibus
1561 1821 1726 1866 processit,
1752 1821 1807 1855 ubi
1828 1821 1956 1855 missam

1220 1873 1343 1916 agendo
1369 1880 1399 1907 et
1424 1875 1546 1908 orando
1572 1880 1693 1920 tantum
1721 1874 1873 1919 temporis
1892 1885 1954 1919 po-

1219 1927 1291 1969 suit,
1310 1933 1340 1960 ut
1357 1933 1429 1961 ante
1447 1927 1630 1970 vigesimam
1652 1928 1824 1961 secundam
1845 1928 1957 1962 horam

1221 1980 1327 2014 cibum
1348 1991 1412 2014 non
1438 1987 1575 2025 caperet,
1602 1981 1705 2025 reipsa
1725 1981 1819 2025 plane
1844 1987 1954 2015 osten-

1221 2034 1308 2076 dens,
1333 2045 1428 2078 quam
1454 2035 1562 2068 omnia
1586 2041 1692 2080 posset
1717 2035 1747 2068 in
1774 2045 1822 2077 eo,
1847 2035 1901 2080 qui
1924 2035 1958 2067 il-

1220 2088 1285 2121 lum
1312 2082 1521 2122 co‘ntortabai.

1265 2143 1281 2184 g
1302 2141 1353 2175 23.
1376 2143 1438 2175 Has
1460 2152 1571 2176 omnes
1589 2147 1617 2176 et
1635 2147 1804 2186 sequentes
1825 2142 1957 2176 virtutes

1220 2195 1383 2228 exornavit
1404 2195 1521 2228 mirum
1544 2195 1574 2228 in
1601 2195 1732 2229 modum
1761 2195 1903 2229 castitate
1928 2201 1958 2229 et

1220 2248 1384 2292 pudicitia,
1408 2259 1503 2293 quam
1526 2249 1556 2282 in
1577 2248 1704 2282 florenti
1725 2249 1819 2282 etiam
1842 2254 1955 2289 aetate,

1221 2312 1415 2346 quamquam
1431 2313 1495 2336 non
1518 2302 1628 2336 leviter
1645 2307 1793 2344 tentatus,
1817 2302 1957 2336 illaesam

1223 2356 1344 2390 sortiter
1365 2357 1504 2391 defendit
1521 2367 1556 2391 ac
1570 2356 1814 2400 diligentissime
1831 2366 1959 2400 semper

1222 2409 1402 2443 custodivit.
1433 2410 1541 2454 Itaque
1570 2410 1704 2443 seminas
1733 2409 1801 2443 sine
1832 2408 1958 2442 arbitris

1223 2472 1286 2495 non
1318 2461 1560 2506 alloquebatur,
1585 2472 1780 2506 omnemque
1810 2460 1954 2495 occasio—

1223 2525 1294 2548 nem
1308 2515 1388 2548 vitae
1402 2515 1612 2549 labefaciendi
1626 2515 1797 2549 candorem
1812 2520 1958 2548 accurate

1223 2568 1443 2612 praecavebat.

1267 2623 1284 2663 ς
1304 2620 1357 2654 24.
1381 2621 1543 2654 Firmabat
1559 2631 1633 2655 vero
1654 2620 1721 2654 eius
1742 2621 1873 2654 virtutes
1890 2631 1959 2654 orn-
1993 2623 2156 2649 fide-dmm

1224 2685 1278 2708 nes
1306 2675 1442 2708 solidum
1468 2675 1732 2714 fundamentum,
1762 2675 1960 2718 praecellens
1973 2652 2150 2700 miani-mm·

1985 2143 2108 2164 eastitatom
2117 2142 2156 2163 tiit-

1971 2170 2043 2190 batam
2055 2171 2155 2190 servavit.
