2227 3241
23 221 212 265 '1n.c.1607

878 236 999 261 PAULUS
1020 238 1038 261 V
1056 238 1093 261 ΓΡ
1100 256 1105 261 ,

1652 222 1711 258 441
1764 233 1949 261 An.C.1607

41 285 315 321 azzaninae-idem
336 285 482 319 Clemens
497 286 558 319 tuis
575 284 866 329 supplicationilms
883 284 974 317 incli-
1008 285 1190 328 praedictos
1222 295 1279 328 pro
1309 285 1375 317 rata
1407 283 1612 317 contribuere
1643 283 1695 327 (ut
1720 283 1751 316 id

28 326 156 348 &arationes
176 330 214 351 ap-

42 379 71 400 ud
100 379 213 400 triennium

19 406 156 434 prorogavit.
228 403 383 436 personas
402 393 583 437 praedictas
595 393 634 426 ad
655 392 843 425 solvendum
865 391 974 435 gabel-

227 446 290 479 lam
312 457 369 479 seu
386 446 481 480 sisam
502 446 586 480 iusta
606 445 858 479 declarationem
878 454 973 488 prae-

228 498 348 533 dictam
363 499 484 543 <quoad
499 509 609 532 rerum
628 498 763 543 species,
784 508 848 531 non
864 504 972 531 autem

227 553 335 597 quoad
353 563 417 593 eas,
441 563 524 597 quae
541 562 600 596 pro
615 561 728 585 eorum
750 551 891 595 propriis
910 551 974 585 usi-

226 606 286 639 bus
308 606 550 649 consumerent)
576 606 615 639 ad
640 605 741 639 instar
760 605 918 639 laicorum
940 605 973 638 in

226 659 378 694 omnibus
400 665 431 694 et
449 670 508 704 per
526 659 636 693 onmia
657 660 765 703 quoad
779 658 904 703 reliqua
926 664 972 692 te-

188 737 197 743 .
212 719 390 754 ueremur,
415 719 542 758 tempus
561 723 635 746 vero
653 712 797 746 sexennii
811 712 851 745 ad
872 712 972 745 trien-

226 767 317 808 nium
329 777 347 800 a
362 766 426 800 fine
439 766 539 811 ipsius
553 765 697 800 sexennii
713 765 971 809 computandum

226 820 304 864 (quo
319 824 442 853 tantum
464 820 613 861 durante,
629 819 654 852 si
668 818 833 863 praedicta
847 828 973 852 summa

226 873 338 906 decem
376 879 406 907 et
441 879 515 907 octo
547 872 729 906 millionum
761 882 971 905 nummorum

225 936 400 960 aureorum
423 932 575 969 congesta
591 936 657 960 non
672 927 767 968 soret,
790 925 897 960 adhuc
915 936 970 968 ga-

224 979 325 1013 bellas
344 990 401 1013 seu
421 980 500 1013 sisas
521 980 707 1014 huiusmodi
728 979 914 1024 persolvere
932 979 972 1012 si·

224 1032 344 1066 militer
373 1038 579 1067 tenerentur:
608 1033 664 1067 sed
692 1033 718 1066 si
746 1038 819 1066 ante
846 1033 973 1076 lapsum

223 1086 299 1120 dieti
322 1085 450 1120 triennii
468 1086 654 1120 huiusmodi
668 1096 794 1119 summa
812 1091 977 1140 congestat

223 1142 316 1182 soret,
340 1140 379 1174 ab
404 1140 589 1174 huiusmodi
613 1140 774 1174 solutione
797 1139 891 1173 liberi
916 1150 963 1173 es-

224 1200 296 1228 sent
315 1204 353 1228 eo
370 1194 440 1238 ipso
454 1193 576 1238 absque
590 1193 652 1226 alia
666 1193 901 1238 declaratione)
920 1204 972 1226 ex-

224 1248 326 1282 tendit
343 1247 588 1292 etprorogavit3
610 1247 774 1290 voluitque
786 1252 818 1280 et
831 1247 958 1280 decrevi

223 1308 268 1342 ut,
289 1302 569 1346 quemadmodum
595 1301 627 1334 in
661 1301 732 1334 aliis
759 1300 823 1333 suis
857 1300 971 1333 litteris

224 1355 462 1396 declaraverat,
493 1353 598 1399 quod¹
627 1352 792 1397 exactores
813 1354 969 1398 praedicti

223 1419 289 1442 non
308 1419 365 1453 per
384 1419 417 1442 se
438 1408 524 1452 ipsos
544 1414 597 1441 aut
618 1407 697 1441 alios
718 1407 882 1441 ministros
902 1418 970 1441 sae-

225 1461 361 1501 culares,
378 1460 434 1494 sed
458 1470 518 1504 per
543 1460 689 1493 locorum
712 1458 900 1493 Ordinarios
921 1470 969 1492 re-

225 1520 372 1548 cusantes
392 1513 625 1548 ecclesiasticos
657 1514 911 1558 compellerent,
940 1520 969 1547 et

225 1579 334 1603 coram
363 1568 408 1602 eis
434 1568 662 1609 convenirent,
683 1568 821 1602 similem
848 1568 968 1602 eisdem

225 1621 402 1657 Ordinariis
421 1621 619 1666 procedendi
632 1621 815 1655 facultatem
833 1621 971 1655 tribuen-

226 1677 279 1718 do,
295 1687 393 1721 quam
405 1676 437 1710 in
453 1676 524 1709 aliis
537 1675 712 1720 praedictis
725 1675 839 1710 litteris
854 1676 970 1710 tribue·

227 1735 287 1770 rat,
305 1735 336 1763 et
352 1729 439 1773 quod
452 1729 530 1762 alias
542 1729 712 1773 disposuit,
727 1735 825 1773 prout
843 1729 875 1762 in
893 1729 971 1763 eius-

228 1784 300 1818 dem
321 1783 492 1818 Clementis
512 1784 583 1818 aliis
599 1783 714 1817 litteris
732 1783 763 1817 in
784 1783 970 1818 huiusmodi

228 1838 332 1871 forma
346 1837 453 1871 Brevis
467 1837 623 1881 expeditis
633 1837 692 1871 sub
707 1837 758 1871 die
770 1848 834 1872 xvn
848 1838 972 1872 decem-

228 1891 296 1925 bris
319 1901 417 1925 nncrv
442 1891 568 1936 plenius
588 1891 710 1936 pariter
730 1891 941 1925 continetur?

26 1947 216 2002 „l'fflssl'nllilliss'zss
273 1946 290 1988 ξ
311 1943 341 1978 ⁶2.
361 1945 438 1979 Cum
456 1950 574 1986 autem,
591 1945 672 1979 sicut
686 1945 797 1979 eadem
817 1945 972 1990 expositio

26 2001 184 2029 fflt’rfflossari-
229 1999 454 2042 subiungebat,
475 1998 638 2043 praedicta
663 2009 789 2032 summa
810 1999 919 2033 decem
942 2006 971 2033 et

229 2058 302 2086 octo
325 2053 505 2086 millionum
521 2063 729 2086 nummorum
745 2063 918 2086 aureorum
935 2064 970 2087 ex

228 2106 322 2140 dictis
342 2106 475 2149 gabellis
493 2117 548 2140 seu
569 2105 639 2140 sisis
659 2107 805 2140 nondum
827 2107 971 2140 confecta

227 2159 335 2200 suerit,
359 2170 418 2193 nec
438 2159 514 2193 dicti
537 2159 666 2193 triennii
689 2160 791 2204 spatio
810 2170 878 2193 eain
899 2170 971 2194 con-

226 2212 279 2246 fici
308 2223 402 2257 posse
433 2223 504 2257 spes
529 2213 585 2254 sit;
615 2219 788 2258 propterea
821 2214 968 2247 maiestas

227 2271 292 2307 tua,
315 2276 334 2299 a
353 2265 446 2300 nobis
467 2266 588 2300 dictum
607 2266 736 2300 triennii
760 2272 883 2312 tempus
899 2277 971 2311 pro-

227 2320 333 2364 rogari
351 2326 383 2354 et
401 2320 527 2354 extendi
549 2320 721 2354 desiderat.

31 2375 211 2427 nffflggwgffi
272 2376 288 2418 ἕ
309 2373 339 2408 3.
363 2374 426 2407 Nos
447 2373 544 2417 igitur
569 2374 649 2408 votis
675 2374 736 2407 tuis
761 2384 914 2416 annuere,
939 2381 969 2409 et

30 2427 146 2451 triennium.

228 2428 267 2461 ad
285 2428 468 2472 praedictae
485 2438 630 2462 summae
647 2428 826 2462 subsidium
846 2428 968 2472 integre

229 2481 386 2515 maiestati
404 2488 477 2515 tuae
493 2482 723 2527 praestandum
737 2482 968 2516 ecclesiasticos

265 2562 274 2587 1
293 2560 342 2588 Vel
357 2561 452 2596 partie.
470 2562 557 2596 quod,
575 2562 615 2589 vel
631 2562 759 2597 praeced.
777 2565 807 2589 ut
823 2562 966 2590 redundat.

263 2603 280 2631 2
300 2605 377 2631 Hanc
395 2605 542 2633 Clementis
565 2606 625 2634 VIII
646 2606 759 2633 Constit.
781 2606 866 2633 habes
886 2616 968 2642 supra

227 2657 290 2685 pag.
305 2650 358 2678 154
373 2649 401 2678 h.
417 2651 502 2684 torni3
518 2652 565 2678 sed
581 2651 649 2679 aliae
665 2651 734 2680 duae
750 2653 848 2679 desunt
864 2653 903 2688 (n.
918 2652 967 2687 T.).

278 2702 357 2732 Bull.
373 2703 457 2731 Rom.
478 2703 538 2732 Vol.
555 2704 604 2732 XI.
873 2705 908 2733 56

41 353 97 374 osuii
111 354 133 373 ez
149 351 176 372 aa
190 357 215 372 a·
229 345 322 372 natus
340 339 480 373 decrevit
500 345 531 372 et
550 338 724 373 declaravit
744 338 974 372 ecclesiasticas
1007 339 1094 382 quod
1121 339 1152 371 in
1174 339 1311 371 Domino
1334 338 1540 372 iustissimam
1561 338 1603 371 ob
1622 347 1750 371 causam

1007 402 1102 434 agere
1123 397 1310 435 coeperunt,
1331 402 1390 435 per
1408 393 1557 425 eumdem
1578 390 1750 425 Dominum

1006 444 1201 489 perficiant)
1237 445 1380 478 volentes
1397 445 1428 486 ¹,
1461 444 1752 489 supplicationibus

1009 498 1183 532 maiestatis
1212 504 1284 532 tuae
1306 500 1437 532 nominc
1467 499 1561 532 nobis
1587 498 1752 531 humiliter

1008 552 1165 596 porrectis
1191 552 1334 585 inclinati
1351 567 1369 594 ῃ
1385 552 1589 596 praedictum
1621 551 1750 585 triennii

1009 611 1134 648 tempus
1160 605 1191 638 in
1218 605 1311 638 dictis
1336 605 1507 639 Clementis
1531 605 1646 639 litteris
1667 615 1748 638 con-

1007 669 1132 692 cessum
1152 665 1182 692 et
1203 665 1427 703 prorogatum,
1451 670 1512 693 nee
1530 670 1596 692 non
1621 659 1750 693 easdem

1007 712 1128 746 litteras
1150 713 1290 757 desuper
1310 712 1475 757 expeditas
1505 713 1656 756 (quarum
1683 723 1752 746 om-

1006 765 1096 799 nium
1127 765 1269 799 veriores
1302 772 1429 800 tenores
1454 765 1678 810 praesentibus
1696 765 1752 798 ha-

1006 819 1075 852 beri
1101 819 1250 853 volumus
1275 829 1334 863 pro
1360 818 1557 852 sufficienter
1581 818 1748 863 expressis,

1006 874 1069 905 una
1091 882 1163 906 cum
1186 872 1338 905 omnibus
1358 872 1391 905 in
1411 872 1449 905 iis
1470 872 1630 905 contentis
1650 871 1752 904 decla-

1007 925 1199 966 rationibus,
1220 926 1371 960 clausulis
1384 920 1415 959 et
1435 925 1585 970 decretis)
1603 926 1643 959 ad
1664 925 1751 958 aliud

1008 979 1201 1020 triennium,
1225 990 1243 1012 a
1268 979 1333 1012 fine
1358 979 1434 1013 dicti
1461 979 1590 1012 triennii
1616 989 1750 1023 compu-

1009 1033 1141 1066 tandum
1172 1033 1234 1077 <ita
1268 1039 1396 1074 tamen,
1426 1039 1460 1066 ut
1490 1032 1516 1066 si
1548 1037 1621 1065 ante
1653 1031 1751 1065 finem

1009 1086 1136 1121 triennii
1155 1086 1342 1120 huiusmodi
1360 1097 1487 1120 summa
1501 1085 1611 1120 decem
1627 1091 1658 1119 et
1678 1091 1751 1120 octo

1009 1140 1189 1174 millionurn
1211 1150 1420 1173 nummorum
1439 1150 1612 1174 aureorum
1627 1150 1685 1184 per
1701 1150 1752 1173 so-

1009 1194 1164 1228 lutionem
1186 1193 1344 1227 dictarum
1366 1193 1567 1236 gabellarum
1593 1203 1649 1226 seu
1674 1192 1752 1226 sisa-

1007 1258 1078 1280 rum
1101 1247 1139 1280 ab
1158 1246 1391 1287 ecclesiasticis,
1415 1252 1449 1279 ut
1468 1246 1661 1291 praefertur,
1682 1251 1713 1279 et
1732 1256 1751 1279 a

1006 1300 1095 1333 laicis
1116 1300 1295 1333 faciendam
1309 1300 1320 1316 ²
1339 1299 1485 1333 confecta
1506 1299 1612 1339 fuerit,
1641 1299 1746 1332 eccle-

1005 1353 1122 1387 siastici
1141 1354 1180 1386 ab
1195 1353 1381 1387 huiusmodi
1395 1353 1556 1386 solutione
1576 1352 1669 1386 liberi
1686 1352 1750 1386 sint

1005 1413 1033 1440 et
1056 1407 1227 1448 immunes,
1249 1412 1278 1440 et
1304 1417 1455 1451 praesens
1476 1406 1663 1450 prorogatio
1689 1416 1744 1439 ex-

1003 1461 1087 1505 piret
1099 1461 1167 1505 ipso
1187 1461 1281 1501 sacto,
1296 1461 1417 1504 absque
1431 1460 1493 1493 alia
1505 1460 1748 1504 declaratione),

1003 1515 1194 1548 auctoritate
1220 1514 1413 1559 apostolica,
1447 1519 1558 1547 tenore
1589 1524 1744 1558 praesen-

1005 1569 1094 1610 tium,
1116 1569 1318 1603 extendimus
1344 1574 1373 1601 et
1398 1578 1625 1612 prorogamus,
1648 1575 1748 1612 utque

1004 1624 1189 1657 huiusmodi
1217 1623 1357 1657 triennio
1379 1623 1516 1656 durante
1541 1622 1747 1656 ecclesiastici

1003 1677 1161 1722 praedicti
1187 1677 1219 1710 in
1249 1677 1343 1710 dictis
1370 1677 1478 1719 regnis
1506 1682 1747 1710 commorantes

1005 1732 1068 1775 (ad
1088 1731 1189 1765 instar
1213 1731 1372 1765 laicorum
1398 1735 1429 1764 et
1449 1735 1609 1774 quatenus
1634 1730 1679 1762 illi
1701 1729 1747 1763 di—

1004 1790 1070 1819 ctas
1087 1785 1228 1828 gabellas
1249 1795 1304 1819 seu
1316 1784 1394 1818 sisas
1412 1784 1549 1827 solvant)
1564 1783 1604 1817 ad
1625 1793 1748 1817 earum-

1005 1839 1077 1873 dem
1091 1839 1285 1873 solutionem
1305 1838 1437 1871 omnino
1452 1843 1481 1871 et
1499 1838 1585 1871 iuxta
1611 1837 1746 1870 sormam

1005 1898 1035 1926 et
1053 1899 1198 1926 tenorem
1217 1892 1456 1936 praedictarum
1477 1890 1648 1925 Clementis
1660 1901 1748 1935 prae-

1005 1945 1181 1979 decessoris
1210 1945 1391 1979 litterarum
1414 1950 1606 1986 teneantur,
1634 1944 1746 1978 decer-

1004 1999 1111 2032 nimus
1132 2004 1163 2033 et
1183 1999 1396 2033 declaramus.

1050 2054 1066 2095 ξ
1098 2052 1128 2085 4,
1160 2053 1229 2086 Non
1265 2052 1467 2086 obstantibus
1499 2052 1685 2096 praemissis
1717 2058 1747 2085 et

1004 2105 1154 2139 omnibus
1169 2106 1240 2147 illis,
1257 2117 1339 2150 quae
1363 2106 1466 2140 dictus
1488 2105 1632 2140 Clemens
1655 2116 1748 2150 prae-

1004 2160 1154 2193 deeessor
1175 2160 1206 2192 in
1221 2159 1341 2193 eisdem
1363 2159 1476 2194 litteris
1487 2159 1553 2193 suis
1568 2159 1668 2193 voluit
1681 2169 1745 2192 non

1004 2213 1144 2247 obstare.

1046 2269 1062 2310 ἓ
1084 2267 1114 2300 5.
1140 2266 1294 2301 Volumus
1314 2273 1434 2308 autem,
1463 2272 1493 2300 et
1518 2266 1630 2300 harum
1653 2272 1744 2300 teno-
1782 2274 1947 2296 Ecctesiasuens

1002 2332 1036 2355 re
1061 2321 1274 2361 decernimus,
1291 2326 1323 2354 ut
1355 2327 1520 2354 exactores
1544 2321 1742 2364 gabellarum
1759 2303 1946 2349 ffllffirflffffissl

1001 2385 1056 2409 seu
1077 2374 1213 2408 sisarum
1232 2374 1470 2418 praedictarum
1486 2385 1550 2407 non
1571 2385 1630 2418 per
1646 2385 1679 2407 se
1697 2374 1744 2418 ip-
1759 2355 1855 2406 ἷιιῖῗιὶςύῃ
1869 2360 1948 2376 ΜΨ

1001 2439 1063 2469 sm,
1087 2438 1145 2462 nec
1167 2439 1223 2473 per
1236 2428 1315 2462 alios
1330 2428 1504 2469 ministros,
1523 2428 1654 2467 iudices,
1678 2438 1743 2461 ma-

1001 2482 1152 2525 gistratus
1172 2487 1226 2515 aut
1246 2492 1473 2526 quoscumque
1494 2481 1572 2515 alios
1590 2481 1743 2516 officiales

1790 2062 1883 2089 Dei-ngat
1898 2067 1947 2083 con-

1763 2090 1842 2110 trariis.

1039 2563 1048 2589 t
1073 2562 1149 2589 Hanc
1174 2570 1269 2589 vocem
1296 2562 1416 2590 volentes
1445 2568 1494 2588 nos
1517 2560 1612 2588 deesse
1631 2553 1743 2589 ce'r'isui·

1002 2615 1064 2634 mus
1082 2609 1115 2641 [a.
1129 2606 1180 2641 τ.>.

1037 2651 1053 2678 ⁶2
1073 2652 1143 2679 Male
1164 2651 1229 2679 edit.
1251 2648 1334 2679 Maiu.
1356 2650 1441 2678 habet
1459 2649 1591 2685 facienda
1606 2650 1707 2687 (n.·t·.).
