2227 3241
267 246 316 274 An.
339 246 367 274 c.
391 245 459 274 1605
504 235 568 270 230

288 1057 406 1084 Capitulum
417 1063 450 1082 ge-

265 1086 336 1106 noraha
357 1085 451 1110 quotum-t

266 1111 366 1132 sexennio
395 1112 450 1131 cele-

266 1138 377 1161 brandum,
387 1139 405 1158 in
416 1143 450 1159 eo-

266 1171 307 1190 que
344 1167 451 1185 corrector

266 1192 370 1217 generalis
386 1191 451 1212 illins-

267 1224 308 1244 que
320 1219 416 1243 collegae
425 1223 450 1238 ac

266 1247 390 1271 procuratur
416 1250 450 1270 ge·

265 1273 342 1292 aeratis
351 1271 448 1296 eligendi.

295 2125 414 2150 Eorumque
423 2123 452 2153 ⁰.s·

269 2153 317 2172 ficia
352 2156 452 2171 sexennio

268 2178 420 2200 concludenda.

466 293 560 328 etiam
582 303 619 327 ex
632 292 700 336 ipso
716 291 877 332 triennali,
893 290 938 325 sie
956 297 991 325 ut
1010 293 1202 336 praefertur,

466 347 561 380 totius
578 345 704 379 Ordinis
718 344 874 389 praedicti
889 345 1135 389 provincialium
1153 356 1206 380 eo-

463 408 600 442 rumque
621 397 869 431 eommissorum
892 398 931 430 ad
953 398 1127 442 capitulum
1150 409 1204 441 ge-

462 452 570 485 nerale
588 451 773 484 huiusmodi
796 450 1024 484 celebrandum
1046 457 1205 485 conventu

462 505 607 548 ingentes
637 510 807 549 sumptus,
831 514 1010 549 gravesque
1043 505 1205 539 molestias

462 558 565 593 dictus
589 558 676 593 Ordo
707 558 815 593 subire
840 564 993 602 cogatur;
1029 559 1145 603 quibus
1176 565 1205 592 et

462 613 532 646 aliis
552 613 660 646 forsan
681 613 785 647 causis
810 623 867 657 per
891 623 949 647 nos
969 613 1103 657 provide
1124 623 1201 646 con-

462 666 620 707 sideratis,
644 672 675 700 et
695 677 728 700 re
750 666 818 710 ipsa
838 676 855 700 a
876 667 1000 700 dilectis
1024 666 1097 700 filiis
1114 677 1205 710 prae-

463 719 535 752 latis
560 719 827 762 Congregationis
857 720 1107 753 Reformationis
1137 730 1204 752 ma-

464 779 534 806 ture
567 772 719 814 discussa,
752 773 792 807 ad
825 773 988 807 evitandos
1019 773 1205 807 huiusmodi

465 832 611 870 sumptus
623 832 653 860 et
664 837 828 870 expensas
843 837 879 860 ac
892 827 1109 867 incommoda,
1124 837 1206 871 quae

465 880 718 925 praemissorum
748 881 917 915 occasione
945 881 1022 915 oriri
1048 887 1202 930 possunt,

464 934 562 968 modo
583 934 771 979 infrascipto
791 935 1025 980 providendum
1049 946 1115 969 esse
1142 935 1203 969 du-

464 988 579 1022 ximus.

510 1043 526 1084 ἓ
546 1041 576 1074 2.
601 1042 663 1076 Nos
690 1042 798 1085 igitur,
820 1042 850 1075 in
869 1053 1021 1086 supremo
1042 1042 1206 1085 dignitatis

466 1095 625 1136 culmine,
645 1096 750 1129 divina
771 1096 893 1129 favente
914 1096 1099 1137 clementia,
1123 1106 1201 1129 con-

465 1148 578 1190 stituti,
599 1149 639 1182 ad
657 1159 704 1190 ea,
721 1160 779 1193 per
799 1160 881 1193 quae
895 1149 1119 1192 religiosorum
1133 1149 1206 1192 piae

466 1201 549 1235 vitae
585 1201 748 1245 divinique
778 1202 919 1235 numinis
953 1202 1115 1245 obsequiis
1147 1201 1205 1234 sub

465 1254 622 1297 regularis
639 1255 860 1289 observantiae
877 1254 992 1288 norma
1021 1255 1204 1288 vacantium

465 1312 565 1341 status
581 1308 752 1342 salubriter
766 1308 859 1351 dirigi
876 1308 989 1349 valeat,
1006 1308 1144 1342 libenter
1157 1313 1204 1341 at-

465 1361 643 1402 tendentes,
656 1367 746 1395 motu
759 1361 902 1406 proprio,
916 1367 946 1395 et
960 1372 995 1395 ex
1010 1364 1095 1395 certa
1107 1362 1206 1395 scien-

466 1415 509 1448 tia
529 1426 565 1448 ac
586 1417 676 1448 mera
697 1415 930 1449 deliberatione
950 1418 1077 1455 nostra,
1101 1416 1205 1459 deque

465 1468 660 1512 apostolicae
680 1469 848 1512 potestatis
874 1468 1086 1512 plenitudine,
1118 1468 1205 1512 quod

465 1523 504 1556 de
525 1528 652 1556 caetero
673 1522 838 1566 perpetuis
866 1522 980 1556 futuris
1006 1522 1205 1566 temporibus

465 1575 586 1609 dictum
607 1576 784 1620 capitulum
806 1576 966 1618 generale,
983 1585 1047 1609 non
1061 1575 1206 1619 quolibet

465 1628 615 1668 triennio,
632 1634 729 1673 prout
745 1628 900 1662 hactenus
915 1629 1116 1662 observatum
1136 1629 1205 1669 fuit,

465 1681 521 1715 sed
541 1682 580 1715 de
601 1682 754 1715 sexennio
768 1681 799 1715 in
812 1681 999 1716 sexennium
1015 1682 1206 1723 celebretur,

466 1735 498 1768 in
531 1745 633 1779 eoque
669 1741 832 1769 corrector
863 1736 1022 1778 generalis
1057 1735 1206 1780 illiusque

467 1789 608 1831 collegae
630 1800 666 1822 ac
694 1789 816 1823 zelosus
848 1800 903 1822 seu
933 1795 1128 1833 procurator
1151 1799 1206 1831 ge-

466 1842 594 1884 neralis,
622 1842 777 1886 praedicti
803 1842 931 1876 Ordinis
956 1843 1207 1887 provincialibus

466 1906 645 1939 eorumque
665 1896 843 1929 commissis
865 1896 1079 1939 congregatis,
1104 1907 1138 1929 ac
1158 1907 1207 1929 re-

466 1949 561 1993 liquis
586 1949 750 1983 observari
775 1949 877 1982 solitis
902 1950 1031 1983 servatis
1047 1977 1054 1991 ‚
1077 1950 1116 1983 ad
1141 1950 1204 1982 bu-

467 2002 604 2036 iusmodi
617 2003 803 2036 sexennium
820 2003 989 2045 eligantur,
1005 2013 1040 2036 ac
1051 2002 1206 2036 celebrari

467 2061 498 2090 et
518 2056 593 2099 eligi
611 2056 760 2095 debeant3

512 2110 529 2151 ξ
550 2108 579 2142 3.
604 2110 696 2143 itaut
715 2110 829 2144 electio
851 2110 957 2144 dilecti
974 2110 1030 2143 filii
1053 2109 1205 2154 Stephani

467 2162 600 2205 Augerii
615 2163 762 2197 moderni
777 2163 852 2197 dieti
870 2163 998 2197 Ordinis
1013 2164 1206 2197 correctoris

467 2216 625 2259 generalis
642 2217 775 2261 eiusque
800 2218 1009 2260 collegarum,
1038 2228 1074 2252 ae
1099 2218 1205 2251 dilecti

466 2269 563 2304 etiam
584 2270 641 2303 filii
662 2271 770 2304 fratris
787 2272 972 2316 Hieronymi
991 2272 1134 2306 Durandi
1155 2283 1205 2306 ze-

465 2323 525 2357 losi
555 2334 612 2358 seu
641 2325 861 2368 procuratoris
878 2325 1048 2368 generalis,
1073 2337 1130 2370 per
1151 2337 1203 2359 se-

465 2376 638 2410 xennium¹
663 2388 680 2411 a
702 2378 753 2412 die
777 2378 952 2412 festivitatis
984 2379 1206 2412 sanctissimae

465 2429 667 2464 Pentecostes
695 2431 880 2465 huiusmodi
909 2432 1056 2476 proxime
1080 2437 1207 2476 praete-

467 2483 528 2516 rita
559 2485 808 2529 computandam
834 2485 938 2526 duret,
965 2492 1063 2530 prout
1083 2496 1141 2520 nos
1163 2486 1202 2518 il-

468 2537 531 2571 lam
567 2538 608 2572 ad
645 2538 831 2573 huiusmodi
867 2539 1055 2573 sexennium
1092 2545 1203 2573 exten-

469 2590 575 2625 dimus
599 2597 630 2625 et
657 2592 861 2636 ampliamus.
889 2592 958 2632 Quo
995 2593 1125 2637 quidem
1151 2604 1203 2628 se-

505 2654 515 2680 1
533 2653 620 2681 Verba
630 2662 684 2688 per
697 2655 869 2683 sexennium
884 2663 932 2683 nos
948 2655 1096 2684 adiecimus
1108 2657 1144 2694 (n.
1157 2658 1194 2685 ”nl

1188 2686 1191 2693 s

1042 245 1139 270 BULLA
1145 244 1223 271 RIUM
1247 246 1399 271 ROMANUM

1240 293 1357 327 xennio
1389 293 1525 326 durante
1540 320 1548 333 ,
1580 292 1639 336 ipsi
1661 297 1691 326 et
1711 302 1824 326 eorum
1845 292 1980 337 quilibet

1241 347 1359 380 eisdem
1381 345 1568 390 privilegiis,
1593 346 1834 389 praerogativis,
1855 347 1979 380 antela-

1242 400 1403 440 tionibus‚
1433 399 1606 439 favoribus,
1629 399 1831 440 auctoritate,
1859 399 1977 440 officio,

1240 453 1495 497 praeeminentia
1520 458 1550 486 et
1574 452 1818 496 iurisdictione,
1845 453 1980 497 aliisque

1240 506 1361 549 gratiis,
1387 512 1449 539 tam
1468 505 1688 550 spiritualibus
1702 516 1798 550 quam
1820 512 1981 550 tempora-

1241 559 1378 599 ralibus,
1413 559 1530 603 quibus
1558 558 1632 592 dicti
1661 558 1789 593 Ordinis
1817 564 1981 593 corrector

1240 613 1408 655 generalis,
1426 612 1558 656 eiusque
1579 612 1721 656 collegae
1742 618 1773 646 et
1789 612 1912 646 zelosus
1925 622 1981 646 seu

1240 673 1433 709 procurator
1457 666 1614 709 generalis
1634 665 1789 700 hactenus
1808 666 1869 708 usi,
1888 665 1981 711 potiti

1241 724 1271 752 et
1291 711 1406 761 gravisi
1428 719 1558 761 fuerint,
1574 730 1609 752 ac
1622 719 1738 763 quibus
1756 719 1795 753 de
1815 719 1894 762 iure,
1906 729 1978 761 usu,

1241 773 1496 814 consuetudine,
1520 773 1692 817 privilegio
1719 778 1774 806 aut
1800 772 1877 807 alias
1901 782 1982 817 quo-

1242 826 1419 859 modolibet
1434 831 1579 867 utuntur,
1599 826 1767 870 potiuntur
1784 832 1814 860 et
1827 826 1978 870 gaudent,

1243 890 1279 912 ac
1299 879 1356 920 uti,
1378 879 1475 923 potiri
1497 886 1526 913 et
1545 880 1687 923 gaudere
1712 885 1845 924 possunt
1865 886 1896 914 et
1917 890 1979 924 po-

1243 937 1349 966 terunt
1379 933 1626 977 quomodolibet
1656 933 1688 966 in
1720 934 1862 967 futurum
1877 961 1884 975 ,
1921 933 1981 977 ipsi

1241 986 1362 1029 pariter
1382 992 1412 1020 et
1428 987 1647 1030 pariformiter
1663 987 1785 1031 absque
1805 987 1872 1021 utta
1889 997 1982 1031 pror-

1241 1050 1294 1072 sus
1313 1040 1493 1074 differentia
1513 1046 1654 1082 utantur,
1675 1041 1841 1085 potiantur
1858 1046 1889 1074 et
1905 1051 1983 1084 gau-

1242 1093 1348 1135 deant,
1373 1094 1524 1138 dictoque
1544 1094 1696 1128 sexennio
1720 1095 1840 1139 elapso,
1864 1100 1895 1128 et
1915 1104 1982 1128 non

1242 1153 1347 1188 antea,
1372 1148 1493 1181 dictum
1519 1149 1695 1192 capitulum
1717 1149 1868 1191 generale
1892 1148 1979 1182 cele-

1241 1201 1353 1234 bretur
1366 1207 1396 1234 et
1407 1201 1564 1235 celebrari
1586 1202 1711 1243 debeat,
1729 1201 1761 1234 in
1773 1212 1886 1245 eoque,
1901 1212 1983 1245 quae

1241 1253 1280 1286 de
1301 1264 1390 1288 more
1411 1254 1608 1296 fierisolent,
1630 1254 1715 1287 dicto
1733 1254 1871 1288 triennio
1891 1254 1982 1298 peni-

1241 1312 1289 1340 tus
1315 1307 1454 1349 excluso,
1478 1307 1557 1340 fiant
1577 1312 1608 1340 et
1625 1308 1846 1348 observentur;
2188 1346 2191 1351 ,

1285 1363 1301 1404 g
1322 1360 1352 1394 4.
1377 1360 1438 1394 Alii
1463 1371 1539 1394 vero
1567 1360 1730 1402 officiales,
1754 1360 1978 1405 provinciales,
2022 1371 2201 1404 'Ainautamgff

1241 1424 1418 1458 eorumque
1439 1414 1581 1456 collegae
1607 1413 1646 1447 de
1667 1414 1806 1448 triennio
1824 1414 1856 1447 in
1876 1414 1977 1448 trien·
1995 1399 2177 1456 ῗῗὲῗὲξέᾈῖηᾞξι
2195 1418 2203 1439 «“

1240 1467 1342 1509 nium,
1360 1478 1396 1501 ac
1416 1473 1617 1501 correctores
1631 1467 1802 1501 domorum
1825 1467 1901 1501 dieti
1921 1467 1980 1501 Or·
1992 1452 2194 1504 ῗιῗῖιιῗιῖἃῖῗῖῗηϋ

1241 1521 1324 1554 dinis
1341 1522 1381 1554 dc
1401 1531 1485 1554 anno
1506 1521 1538 1553 in
1555 1531 1687 1561 annum,
1704 1527 1800 1565 prout
1817 1531 1854 1554 ex
1870 1521 1982 1564 regula
1996 1505 2172 1563 gff‘ss‘ggssffiffi
2191 1527 2193 1531 “

1241 1575 1318 1608 dicti
1338 1575 1466 1609 Ordinis
1491 1574 1683 1618 disponitur,
1707 1580 1858 1608 creentur
1877 1580 1909 1608 et
1928 1575 1983 1609 de·
1997 1559 2068 1586 “⁰¹¹⁶''

1241 1634 1405 1673 putentur,
1429 1634 1588 1673 perpetuo
1610 1629 1780 1662 statuimus
1803 1634 1833 1662 et
1852 1628 1982 1663 ordina-

1243 1693 1325 1716 mus.

1287 1738 1303 1779 ἓ
1321 1736 1350 1769 5.
1380 1737 1416 1770 Et
1437 1737 1480 1769 ita
1501 1737 1559 1770 sub
1582 1736 1814 1779 indignationis
1838 1742 1978 1779 nostrae,
2019 1749 2179 1772 nommant·
2198 1763 2199 1782 2

1242 1799 1368 1823 necnon
1386 1789 1574 1833 privationis
1594 1789 1680 1823 vocis
1694 1789 1816 1823 activae
1833 1797 1864 1823 et
1882 1790 1983 1835 passi·
1997 1778 2199 1834 22³sl¹l¹0¹1¹2²rssu¹22ss

1243 1854 1309 1883 vae,
1330 1853 1366 1877 ac
1380 1843 1591 1877 inhabilitatis
1609 1844 1648 1876 ad
1667 1854 1891 1888 quaecumque
1904 1844 1981 1878 dicti
2190 1840 2191 1844 ’

1242 1896 1369 1930 Ordinis
1383 1896 1564 1940 dignitates,
1579 1897 1859 1940 praeeminentias,
1876 1897 1983 1931 officia

1243 1955 1273 1983 et
1286 1950 1396 1983 munia
1407 1950 1628 1994 recipiendum
1639 1956 1670 1984 et
1686 1950 1902 1993 retinendum,
1914 1950 1983 1995 ipso

1242 2004 1324 2037 facto
1342 2004 1536 2037 incurrentia
1556 2006 1662 2048 poena
1681 2015 1740 2048 per
1760 2015 1983 2049 quoscumque

1243 2056 1317 2090 dieti
1337 2057 1464 2091 Ordinis
1478 2058 1592 2091 fratres
1604 2063 1633 2091 et
1649 2058 1823 2100 regulares,
1840 2068 1877 2092 ac
1889 2068 1983 2102 quos-

1241 2111 1285 2144 vis
1303 2111 1394 2152 alios,
1419 2111 1580 2145 observari
1606 2111 1820 2155 praecipimus
1840 2117 1871 2145 et
1891 2121 1982 2145 man-

1242 2164 1365 2198 damus.
1614 2158 1620 2163 *
2156 2203 2158 2206 y
2176 2204 2178 2206 v

1285 2220 1301 2260 g
1322 2217 1352 2251 [3.
1375 2218 1590 2252 Decernentes
1607 2224 1791 2262 praesentes
1804 2219 1925 2252 litteras
1942 2218 2001 2262 de·
2027 2229 2125 2252 ciausnia
2190 2210 2191 2213 ¹

1240 2272 1457 2317 subreptionis
1469 2274 1515 2307 vel
1530 2272 1738 2317 obreptionis,
1752 2278 1806 2306 aut
1826 2271 1982 2306 nullitatis
1996 2256 2139 2320 ἱῖἒέἓᾷἶῖἳῗίυ

1240 2326 1328 2368 vitio,
1350 2332 1403 2360 aut
1420 2326 1607 2360 intentionis
1625 2332 1753 2359 nostrae
1767 2326 1814 2359 vel
1827 2325 1980 2371 quopiam
2173 2314 2178 2326 ¹

1240 2376 1304 2414 alio
1334 2381 1460 2414 defectu
1490 2380 1595 2414 notari
1620 2380 1667 2413 vel
1698 2379 1904 2424 impugnari,
1927 2385 1982 2413 aut
2160 2415 2163 2417 ,

1241 2433 1320 2467 alias
1331 2434 1578 2478 quomodolibet
1595 2433 1727 2476 infringi
1741 2433 1978 2473 velretractari,
2147 2452 2161 2478 ἒ
2190 2455 2192 2458 -
2214 2440 2218 2450 ’

1241 2497 1297 2521 seu
1315 2487 1498 2529 invalidari,
1527 2493 1581 2521 aut
1604 2488 1644 2520 ad
1665 2487 1747 2520 viam
1777 2492 1807 2520 et
1828 2486 1982 2520 terminos
2147 2489 2150 2496 ’

1242 2541 1320 2575 iuris
1335 2541 1458 2582 reduci,
1473 2552 1529 2575 seu
1549 2541 1582 2574 in
1600 2541 1648 2574 ius
1666 2542 1713 2575 vel
1729 2541 1980 2575 controversiam

1242 2595 1361 2637 vocari,
1372 2595 1586 2629 autadversus
1600 2605 1652 2628 cas
1663 2596 1891 2640 quodcumque
1904 2595 1982 2630 iuris

1242 2653 1272 2681 et
1296 2648 1388 2690 facti,
1408 2649 1456 2682 vel
1482 2647 1621 2683 iustitiae
1647 2654 1699 2682 aut
1725 2648 1847 2692 gratiae
1871 2659 1978 2683 reme-
