2227 3241
44 250 94 280 Ᾱη.
111 251 225 279 &1604

860 256 1003 285 CLEMENS
1023 263 1080 288 vm
1098 265 1147 288 pp,
1663 260 1726 294 117

287 301 351 344 ξὸ.
377 303 453 336 Cum
478 310 585 338 autem
617 306 716 341 felicis
747 309 979 344 reeordationis

238 355 399 390 Adrianus
427 358 512 402 Papa
538 359 574 392 VI
596 361 825 404 praedecessor
849 369 978 406 noster,

239 410 275 442 ea
295 410 500 453 potissimum
531 414 569 446 de
591 417 685 448 causa
706 416 835 450 coronis
856 428 975 460 regno-

238 472 310 494 rum
336 463 489 498 Castellae
516 472 546 500 et
571 467 720 510 Legionis
749 469 814 503 sive
838 470 977 504 aliorum

238 525 410 558 regnorum
421 518 647 563 Hispaniarum
662 523 975 559 administrationem

238 570 484 612 magistratuum
506 573 604 606 trium
625 576 885 619 supradictarum
911 579 974 612 mi-

237 621 378 658 litiarum
396 626 498 659 sancti
518 627 625 661 Iacobi
646 629 686 663 de
706 630 840 674 Spatba,
864 633 978 666 Alcan-

238 681 324 711 tarae
352 684 383 712 et
400 678 585 715 Calatravae
608 690 767 728 perpetuo
789 685 927 721 univerit
947 694 977 721 et

235 730 506 777 incorporaverit,
532 742 567 770 ut
597 737 751 772 nimirum
778 741 883 774 clarae
905 752 973 775 me-

236 786 359 820 moriae
379 787 509 823 Carolus
530 790 552 823 V
573 791 794 827 Romanorum
821 800 895 828 tunc
916 795 976 829 im-

233 845 364 882 perator
389 847 420 875 et
442 843 670 888 Hispaniarum
691 858 764 889 rex,
790 849 923 893 eiusque
944 850 976 883 in

233 892 326 927 dictis
347 896 454 938 regnis
473 908 673 934 successores
694 912 765 935 cum
786 904 975 937 eorumdem

232 948 477 990 magistratuum
492 953 871 996 redditibus,introitibus
882 964 977 1003 atque

232 1003 440 1045 proventibus
469 1006 607 1041 maiores
632 1008 725 1052 vires,
757 1010 789 1044 in
818 1012 976 1047 catholica

232 1055 296 1090 fide
329 1059 465 1100 tuenda,
498 1060 685 1097 haeresibus
717 1065 913 1110 extirpandis
946 1073 976 1101 et

233 1106 425 1144 christianae
446 1111 612 1155 religionis
631 1115 776 1150 hostibus
796 1119 975 1163 reprimen-

233 1158 280 1192 dis
300 1165 331 1193 et
343 1161 543 1197 debellandis
556 1164 740 1209 haberent¹;
758 1174 788 1202 et
801 1169 874 1203 licet
888 1171 972 1205 idem

231 1211 364 1248 Carolus
400 1215 577 1260 imperator
607 1230 625 1252 a
656 1221 761 1256 clarae
796 1225 973 1260 memoriae

231 1264 396 1301 Clemente
422 1269 507 1314 Papa
531 1272 580 1305 VII
601 1274 697 1308 etiam
724 1277 972 1319 praedecessore

230 1327 351 1363 nostro,
380 1323 435 1367 qui
461 1325 614 1360 unionem
635 1329 835 1372 praedictam
857 1333 973 1366 confir-

230 1381 382 1418 maverat,
399 1377 583 1412 facultatem
604 1381 797 1417 obtinuisset
816 1386 970 1429 redditus,

229 1428 377 1464 introitus
404 1437 499 1476 atque
524 1441 698 1477 proventus
719 1437 880 1472 dictorum
902 1451 971 1473 ma-

228 1482 418 1525 gistratuum
436 1496 496 1530 pro
517 1487 677 1523 solutione
695 1501 827 1525 suorum
847 1493 971 1528 debito-

228 1546 299 1569 rum
314 1537 353 1571 ad
368 1538 573 1582 decennium,
588 1553 644 1576 seu
658 1543 736 1578 alias
750 1551 873 1579 certum
896 1552 970 1581 tunc

228 1599 412 1635 expressum
436 1599 571 1638 tempus,
589 1596 783 1640 obligandi2,
805 1611 906 1645 eaque
929 1603 971 1635 sa-

228 1644 328 1678 cultas
348 1656 407 1689 per
425 1646 538 1682 similis
559 1651 736 1686 memoriae
758 1653 891 1687 Paulum
913 1656 970 1689 Pa-

226 1709 300 1743 pam
315 1701 353 1734 111
367 1701 516 1736 similiter
527 1705 808 1748 praedecessorem
824 1715 967 1744 nostrum

227 1753 417 1789 confirmata
434 1757 616 1800 extitisset³‚
633 1760 844 1797 nihilominus
857 1775 969 1808 supra-

226 1807 330 1842 dictus
350 1809 517 1854 Philippus
538 1811 562 1845 11
584 1824 638 1847 rex
656 1815 696 1848 dc
721 1816 842 1851 eisdem
862 1818 968 1852 reddi-

227 1860 327 1903 tibus,
355 1863 540 1901 introitibus
565 1873 662 1912 atque
686 1871 896 1913 proventibus
925 1872 964 1905 li-

226 1914 302 1949 bere
322 1927 451 1962 semper
464 1919 652 1964 disposuit⁴,
676 1933 712 1957 ac
732 1935 792 1968 pro
807 1925 966 1960 solutione

225 1969 307 2003 aeris
327 1970 434 2013 alieni,
452 1977 518 2006 tum
532 1974 607 2008 dicti
627 1975 729 2010 Caroli
748 1977 963 2022 imperatoris,

227 2027 294 2056 tum
309 2025 405 2058 etiam
424 2025 553 2062 inclitae
575 2031 750 2065 memoriae
771 2033 965 2069 Ferdinandi

226 2081 256 2109 et
282 2077 485 2114 Elisabethae
512 2092 625 2125 regum
654 2085 912 2130 catholicorum,
937 2095 967 2123 et

226 2129 361 2165 aliarum
384 2134 538 2176 regalium
561 2147 772 2180 personarum
795 2141 962 2175 defuncta-

225 2281 277 2302 una
291 2275 437 2305 Clementis
458 2278 512 2306 Vlll
531 2280 688 2309 Constitutio
704 2283 736 2311 ad
753 2284 839 2320 ipsum
862 2286 964 2322 Philip-

224 2327 285 2354 pum
303 2320 322 2347 ll
339 2325 481 2357 spectans,
501 2324 547 2352 sed
569 2325 617 2353 ista
633 2326 666 2354 de
681 2336 733 2363 qua
749 2328 789 2355 liic
807 2330 897 2365 agitur
913 2340 964 2360 non

223 2363 338 2392 habetur
353 2373 388 2400 (a.
406 2368 454 2403 T.).

260 2411 269 2437 1
293 2410 358 2439 Vide
377 2420 460 2448 super
480 2414 531 2442 hoc
551 2416 642 2444 Const.
667 2426 692 2445 tv
718 2419 845 2448 Hadriani
867 2422 915 2456 Vl,
937 2423 961 2450 in

223 2457 286 2481 tom.
308 2462 334 2483 vt
354 2457 483 2487 Bzcllarz'i
503 2459 528 2487 b.
552 2469 578 2488 n.
600 2462 664 2489 edit.
686 2472 748 2499 pag.
771 2464 803 2491 13
822 2466 862 2499 (tt.
878 2467 926 2501 T.).

256 2499 272 2525 2
294 2499 434 2530 Praedicta
449 2503 501 2532 duo
516 2504 663 2541 diplomata
679 2508 823 2537 Clementis
838 2510 882 2537 Vll
897 2519 963 2540 exu-

223 2542 277 2570 lant
296 2552 311 2571 a
330 2545 407 2573 Ball.
422 2548 461 2582 (tt.
478 2549 526 2583 Τ.).

258 2589 273 2616 3
293 2590 346 2618 Ista
361 2600 469 2629 quoque
485 2595 559 2623 Pauli
575 2597 608 2624 ΙΙΙ
629 2598 718 2627 Const.
741 2600 816 2628 deest
838 2604 873 2637 [a.
885 2604 933 2636 τ.).

257 2634 273 2660 4
294 2634 392 2663 Forsan
413 2637 554 2674 legendum
569 2642 742 2677 disposuerit
762 2649 788 2672 et
804 2647 883 2681 paulo
902 2651 960 2682 post

223 2681 406 2714 applicaverit
430 2687 462 2718 Qtt.
479 2691 526 2719 r).

1015 322 1098 353 1‘um,
1116 314 1286 357 applicavit
1300 317 1456 360 quosdam
1471 327 1594 352 annuos
1612 319 1758 353 redditus

1015 365 1124 408 viginti
1146 367 1283 402 millium
1311 370 1438 404 circiter
1463 372 1654 407 ducatorum
1675 373 1756 408 libe-

1014 428 1066 452 ros
1093 420 1132 453 ad
1160 421 1228 455 eius
1257 422 1503 467 dispositionem
1531 437 1629 471 supra
1662 427 1756 461 dictis

1015 472 1260 515 magistratuum
1281 477 1472 521 redditibus,
1498 480 1682 515 introitibus
1703 488 1757 515 at—

1013 537 1075 569 que
1095 530 1306 571 proventibus
1328 534 1585 576 remanentibus,

1059 582 1074 622 ξ
1101 580 1130 613 ti.
1159 582 1318 628 Cumque,
1342 585 1424 619 sicut
1442 588 1537 621 etiam
1558 589 1752 633 accepimus,

1013 633 1220 670 charissimus
1241 637 1273 670 in
1293 638 1417 673 Christo
1439 640 1524 675 silius
1551 648 1661 676 noster
1681 643 1755 676 Pbi-

1013 687 1119 732 lippus
1145 689 1184 723 Ill
1214 691 1441 735 Hispaniarum
1473 706 1525 729 rex
1558 696 1751 737 catholicus,

1012 742 1078 785 qui,
1088 753 1148 786 pro
1161 754 1288 779 summo
1303 746 1371 780 eius
1382 748 1574 784 christianae
1589 751 1754 794 religionis

1012 796 1091 838 zelo,
1109 797 1140 830 in
1154 797 1207 832 illa
1223 800 1340 834 tuenda
1358 807 1387 835 et
1404 802 1605 838 defendenda
1623 816 1755 839 suorum

1012 850 1172 885 maiorum
1206 853 1338 897 vestigia
1373 857 1489 889 sectari
1520 868 1585 892 non
1614 859 1751 901 desinit,

1012 905 1216 946 gravissimos
1235 909 1271 940 ea
1292 907 1330 941 de
1349 911 1443 942 causa
1463 917 1609 955 sumptus
1627 913 1754 947 assidue

1012 958 1117 992 tacere
1153 966 1304 1003 cogatur,
1338 968 1369 996 et
1399 969 1573 1008 propterea
1606 966 1753 1001 redditus

1012 1012 1173 1047 dictorum
1195 1015 1442 1058 magistratuum
1463 1018 1523 1062 ipsi
1542 1019 1581 1053 ad
1603 1031 1687 1062 eum,
1712 1022 1752 1055 ad

1011 1078 1108 1110 quem
1137 1069 1287 1117 destinati
1309 1076 1393 1112 sunt,
1422 1071 1519 1105 finem
1546 1074 1751 1119 potissimum

1010 1122 1181 1156 necessarii
1203 1123 1280 1164 sint,
1302 1130 1329 1157 et
1345 1125 1369 1157 si
1391 1125 1478 1160 iuxta
1497 1132 1640 1161 tenorem
1659 1140 1753 1173 prae-

1010 1176 1169 1209 dictarum
1191 1183 1374 1212 nostrarum
1404 1179 1585 1215 litterarum
1616 1183 1749 1225 fructus,

1009 1230 1163 1271 redditus,
1187 1238 1374 1276 proventus,
1393 1233 1473 1275 iura,
1490 1235 1700 1270 obventiones
1722 1244 1753 1270 et

1009 1285 1228 1319 emolumenta
1242 1297 1427 1321 mensarum
1450 1289 1682 1332 magistralium
1697 1291 1752 1324 hu-

1009 1336 1147 1372 iusmodi
1173 1341 1330 1383 praedicti
1351 1341 1490 1386 Philippi
1509 1343 1534 1376 ΙΙ
1555 1343 1682 1386 debitis,
1707 1345 1751 1379 le-

1007 1391 1089 1433 gatis
1114 1397 1145 1425 et
1169 1394 1322 1428 oneribus
1341 1396 1563 1439 persolvendis
1583 1408 1686 1442 usque
1709 1400 1749 1433 ad

1007 1444 1137 1478 finalem
1158 1457 1272 1480 corum
1290 1448 1485 1482 solutionem
1507 1455 1538 1483 et
1558 1450 1750 1486 satisfactio-

1007 1509 1080 1532 nem
1117 1500 1255 1535 obnoxia
1285 1508 1314 1536 et
1343 1502 1485 1546 obligata
1518 1512 1746 1547 remanerent,

1006 1552 1091 1586 idem
1118 1555 1183 1588 scre
1209 1561 1301 1597 esset,
1330 1567 1366 1589 ac
1386 1557 1411 1590 si
1429 1557 1468 1590 ab
1488 1557 1610 1592 eisdem
1629 1560 1749 1594 mensis

1006 1607 1246 1650 magistralibus
1266 1615 1424 1654 perpetuo
1443 1611 1673 1647 dismembrata
1695 1625 1748 1647 ex-

1007 1660 1151 1704 titissent,
1165 1673 1224 1696 nco
1238 1663 1400 1709 deinceps,
1415 1666 1481 1699 ullo
1495 1667 1586 1710 quasi
1603 1673 1748 1712 tempore

1004 1714 1035 1747 in
1050 1726 1126 1748 usus
1139 1716 1332 1760 praedit-tos,
1347 1719 1386 1752 ad
1404 1729 1485 1763 quos
1506 1720 1663 1755 destinata
1681 1722 1747 1756 suc·

1004 1775 1073 1802 rant
1096 1771 1239 1804 converti
1260 1778 1407 1815 possent:

1049 1824 1064 1865 ξ
1087 1823 1116 1856 7.
1140 1824 1214 1865 Nos,
1239 1826 1481 1861 considerantes
1503 1828 1606 1873 ipsum
1625 1830 1746 1875 Philip—

1003 1888 1080 1921 pum
1103 1878 1140 1911 111
1167 1889 1276 1921 regem
1297 1891 1358 1924 pro
1386 1883 1442 1914 sua
1467 1881 1498 1915 in
1525 1882 1646 1916 dictum
1664 1884 1741 1917 Phi-

1003 1930 1125 1975 lippum
1140 1931 1166 1965 11
1184 1931 1252 1966 eius
1265 1939 1434 1977 parentem
1453 1934 1611 1979 optimum
1626 1937 1744 1981 pietate

1002 1985 1133 2019 aliunde
1154 1992 1354 2029 curaturum,
1377 1993 1412 2021 ut
1433 1989 1648 2025 creditoribus
1669 1992 1744 2026 dicti

1001 2038 1140 2083 Philippi
1155 2040 1223 2074 eius
1244 2041 1409 2084 genitoris,
1433 2053 1469 2076 ac
1487 2043 1599 2087 legatis
1620 2051 1651 2079 et
1668 2056 1745 2080 one-

1002 2092 1091 2126 ribus
1118 2094 1157 2127 ab
1187 2104 1225 2128 eo
1256 2095 1376 2129 relictis
1404 2097 1567 2131 cumulate
1597 2099 1741 2141 satisfiat,

1001 2146 1201 2192 scientesque
1222 2148 1327 2192 ipsum
1346 2149 1531 2195 Philippum
1545 2152 1583 2185 111
1603 2159 1675 2197 post
1695 2154 1743 2187 di-

1001 2206 1087 2234 ctum
1109 2202 1246 2246 Philippi
1259 2203 1284 2236 lt
1299 2203 1367 2237 eius
1381 2205 1536 2247 genitoris
1557 2206 1680 2240 obitum
1696 2209 1743 2241 ul-

1003 2260 1049 2288 tra
1069 2265 1122 2288 sex
1143 2255 1249 2290 decies
1270 2262 1404 2291 centena
1419 2258 1519 2292 millia
1532 2270 1741 2295 nummorum

1000 2318 1172 2342 aureorum
1187 2309 1319 2343 diversis
1334 2311 1477 2345 ciusdem
1490 2313 1629 2358 Philippi
1642 2315 1668 2348 II
1688 2325 1741 2358 ge-

1000 2362 1114 2396 nitoris
1142 2364 1190 2397 sui
1218 2365 1434 2400 creditoribus
1465 2367 1674 2411 persolvisse3
1702 2380 1739 2403 ae

999 2421 1167 2459 practerea
1182 2417 1212 2450 in
1227 2418 1336 2452 animo
1354 2419 1473 2453 habere
1488 2420 1737 2464 assignationem

998 2475 1122 2503 cautam
1139 2476 1169 2505 et
1182 2482 1329 2505 securam
1345 2474 1442 2507 annui
1464 2475 1609 2509 redditus
1626 2476 1737 2520 viginti

999 2523 1135 2557 millium
1150 2525 1341 2559 ducatorum
1358 2533 1505 2562 monetae
1520 2529 1677 2563 dictorum
1692 2542 1738 2564 re-

996 2586 1135 2618 gnorum
1157 2579 1374 2614 creditoribus
1394 2581 1470 2615 dicti
1493 2581 1631 2627 Philippi
1652 2584 1736 2627 regis

995 2630 1063 2664 eius
1084 2633 1260 2674 genitoris,
1289 2644 1323 2666 ac
1345 2643 1404 2677 pro
1430 2635 1590 2669 solvendis
1623 2636 1735 2680 legatis

995 2691 1022 2719 et
1037 2685 1105 2719 aliis
1118 2687 1269 2720 oneribus
1290 2688 1328 2721 ab
1347 2698 1384 2721 co
1406 2688 1534 2730 relictis,
1557 2689 1646 2725 initio
1659 2691 1733 2725 anni

1772 272 1821 298 An.
1839 271 1867 299 C.
1891 273 1957 300 1604

1793 587 1873 609 Damna
1885 595 1908 610 ex
1921 595 1954 610 su-

1770 615 1956 645 pradictomdultu

1770 645 1925 668 promanantia.

1801 1834 1896 1856 Clemens
1914 1835 1946 1856 di-

1760 1864 1815 1882 ctam
1826 1868 1885 1882 suam
1896 1867 1946 1883 eon-

1760 1889 1877 1909 cmi-mem
1919 1889 1946 1910 ad

1759 1916 1859 1936 terminos
1895 1916 1946 1936 iuris

1760 1943 1849 1963 reducit.
