2227 3241
215 283 263 308 An.
285 282 312 308 C.
332 281 399 310 1610

244 1408 349 1427 lnttitu'io
365 1407 400 1428 tin-

218 1440 303 1460 guaruin
319 1434 402 1454 hebrai-

219 1467 272 1481 rac.
305 1466 402 1486 graecae,

219 1488 296 1507 latinae
317 1490 337 1507 et
356 1493 402 1507 ara-

218 1514 279 1534 bicae
294 1514 313 1533 in
329 1514 403 1535 studiis

218 1541 350 1566 regularium.

445 271 508 306 626

415 328 650 374 praedicatores
680 334 709 361 et
739 328 886 360 doctores
913 326 1000 358 verbi
1030 326 1083 359 Dei
1110 326 1149 360 ad

415 393 494 426 opus
515 381 568 415 Dei
589 381 790 424 operandum
809 379 953 412 instructi
976 380 1151 412 reddantur

416 435 445 467 in
476 434 543 467 (lies
569 433 680 475 magis,
698 438 729 465 ct
748 438 855 476 partes
880 442 952 465 suas
967 459 974 473 ,
995 438 1150 476 quantum

415 485 643 519 cunLDomino
658 485 728 518 fieri
742 491 856 529 potest,
875 485 915 518 ad
932 485 1066 527 gloriam
1086 485 1152 519 eius

415 545 442 572 et
465 538 632 572 utilitatem
665 538 846 571 animarum
872 538 1016 582 quotidie
1039 538 1153 572 melius

414 598 442 625 et
463 591 584 624 felicius
605 590 811 634 adimpleant.
826 590 882 624 Cui
897 590 942 624 rei
975 591 1151 635 plurimum

414 645 594 679 conducere
612 643 687 677 satis
700 649 824 677 constat
840 643 1023 686 linguarum
1044 644 1151 687 cogni-

416 697 552 737 tionem,
578 696 748 730 hebraicae
779 697 978 740 praesertim,
1004 707 1149 740 graecae,

414 751 529 784 latinae
551 756 581 783 et
609 750 772 784 arabicae:
806 751 886 784 haec
910 751 995 785 enim
1022 761 1152 785 conver-

414 804 495 837 sioni
520 803 699 837 infidelium
721 804 993 848 opportunissima
1018 816 1085 839 esse
1107 805 1153 838 di-

414 857 596 901 gnoscitur,
626 857 755 901 quando
789 868 905 901 magna
935 868 1046 892 eorum
1080 868 1153 902 pars

415 917 469 945 aut
494 910 621 944 arabice
648 910 812 954 loquitur,
841 911 1087 954 aut-intelligit:
1117 922 1153 945 ac

414 966 438 999 si
461 975 602 1009 unquam
632 964 830 1008 reliquarum
855 964 951 998 trium
970 964 1152 1008 linguarum

417 1017 528 1051 notitia
556 1017 587 1050 in
608 1017 747 1051 Ecclesia
763 1017 817 1051 Dei
838 1017 926 1051 utilis
952 1018 1021 1059 fuit,
1041 1018 1154 1052 diebus

416 1072 532 1106 nostris
565 1072 708 1115 profecto
744 1070 914 1105 utilissima
953 1078 1020 1105 est:
1054 1071 1154 1106 bostis

417 1126 501 1159 enim
518 1125 650 1159 humani
665 1125 791 1167 generis
811 1125 994 1168 linguarum
1006 1125 1150 1167 scientia,

419 1179 573 1222 singulari
596 1178 681 1212 dono
710 1178 765 1212 Dei
798 1178 986 1212 hominibus
1016 1179 1151 1220 tradita,

418 1233 456 1266 ad
479 1232 576 1276 ipsius
594 1231 755 1275 largitoris
776 1232 1003 1265 contumeliam
1026 1238 1056 1265 et
1080 1232 1154 1267 fidei

417 1296 493 1320 suae
518 1285 696 1319 catholicae
717 1285 944 1319 detrimentum
970 1284 1063 1319 tunc¹
1090 1296 1155 1319 ma-

418 1341 501 1374 xime
522 1340 675 1374 abutitur.

983 280 1078 303 BELLA
1085 279 1159 303 utUM
1186 279 1336 304 ROMANUM

1927 281 1979 308 An.
2001 281 2030 308 C.
2051 281 2121 309 16¹0

1184 326 1296 360 studiis
1334 337 1408 360 vero
1444 327 1587 360 locorum
1603 354 1611 368 ,
1645 327 1699 361 ubi
1736 327 1920 362 huiusmodi

1186 380 1334 413 doctores
1364 380 1499 421 desunt,
1527 390 1600 414 cum
1629 380 1772 424 primum
1794 381 1827 414 in
1852 381 1922 416 aliis

1186 433 1308 474 studiis,
1322 433 1376 466 ubi
1390 433 1518 476 linguae
1543 433 1729 467 huiusmodi
1754 433 1920 468 docebun-

1188 492 1248 527 tur,
1269 485 1430 520 scholares
1448 491 1571 519 tantum
1591 486 1796 530 profecerint,
1816 491 1852 520 ut
1869 486 1926 520 do-

1187 539 1296 573 cendis
1317 539 1386 573 aliis
1405 539 1513 573 idonei
1532 539 1605 581 sint,
1630 539 1668 573 de
1689 539 1802 573 iisdem
1826 539 1922 574 scho—

1187 593 1308 626 laribus
1324 592 1540 636 provideatur.
1899 593 1901 597 ⁴

1232 648 1248 688 ξ
1281 646 1311 679 3.
1342 646 1433 685 Quod
1464 651 1498 679 ut
1523 645 1614 679 citius
1646 650 1676 679 et
1704 645 1827 680 facilius
1856 645 2124 702 sierideffifffigkfflffl

1188 699 1287 742 possit
1317 706 1347 732 ct
1378 698 1496 743 sperati
1526 699 1646 732 fructus
1678 709 1713 732 ex
1741 698 1926 742 linguarum

1188 753 1372 787 huiusmodi
1393 753 1498 787 studio
1516 758 1702 797 appareant,
1726 752 1876 787 omnibus
1893 758 1925 787 et

1188 806 1320 850 singulis
1356 806 1553 850 regularium
1590 805 1834 850 superioribus,
1867 805 1926 840 sub

1189 859 1419 902 indignationis
1443 865 1572 893 nostrae
1592 861 1708 904 poena,
1732 853 1842 893 eadem
1865 869 1924 892 au-

1188 913 1347 954 ctoritate,
1375 919 1485 947 tenore
1509 912 1738 957 praesentium,
1767 912 1927 957 praecipi-

1189 977 1259 1000 mus
1277 972 1307 1000 et
1327 967 1527 1007 mandamus,
1544 972 1585 1007 et,
1604 966 1630 999 si
1651 965 1710 1010 ipsi
1731 965 1929 1009 negligentes

1188 1019 1326 1061 fuerint,
1351 1020 1536 1053 eorumdem
1558 1019 1713 1054 Ordinum
1731 1019 1927 1062 regularium

1189 1073 1273 1116 apud
1295 1082 1353 1106 nos
1374 1078 1404 1106 et
1432 1073 1545 1107 Sedem
1574 1072 1789 1116 Apostolicam
1821 1077 1928 1116 prote-

1189 1126 1331 1160 ctoribus
1352 1126 1560 1169 iniungimus,
1584 1137 1695 1160 eorum
1717 1126 1929 1161 conscientias

1190 1180 1328 1223 desuper
1349 1185 1530 1221 onerantes,
1547 1185 1581 1213 ut
1601 1180 1688 1214 omni
1703 1182 1779 1214 cura
1793 1184 1824 1213 et
1843 1179 1929 1213 solli-

1191 1232 1332 1266 citudine
1363 1238 1483 1276 quanto
1516 1233 1609 1267 citius
1646 1234 1861 1278 provideant,
1895 1239 1931 1267 ut

1190 1286 1319 1320 scholae
1344 1287 1526 1330 linguarum
1553 1287 1737 1320 huiusmodi
1758 1287 1926 1331 quampri-

1192 1351 1278 1373 mum
1301 1340 1518 1381 instituantur,
1546 1350 1582 1373 ac
1607 1340 1755 1374 doctores
1774 1340 1930 1384 praedicti

463 1396 479 1437 ξ
500 1394 529 1427 Q.
560 1393 775 1433 Quamobrem
802 1394 900 1428 felicis
923 1394 1156 1428 recordationis
1171 1391 1395 1438 tdeputentur,
1420 1394 1672 1438 earumdemque
1689 1393 1871 1437 linguarum
1886 1395 1931 1428 le-

417 1449 585 1483 Clementis
606 1449 709 1492 Papae
730 1447 753 1481 V
766 1448 1021 1492 praedecessoris
1041 1449 1153 1491 nostri,

418 1508 573 1547 quantum
599 1502 741 1536 conditio
768 1502 920 1547 temporis
945 1502 1075 1546 patitur,
1103 1514 1155 1536 ve-

419 1555 518 1598 stigiis
532 1555 723 1597 insistentes,
735 1560 822 1589 motu
836 1556 967 1599 proprio
978 1561 1056 1589 etex
1071 1558 1155 1590 certa

416 1609 558 1649 scientia,
577 1611 766 1653 maturaque
781 1609 1152 1651 deliberationenostris,

418 1664 521 1707 deque
542 1663 738 1707 apostolicae
758 1662 850 1696 nobis
875 1663 1049 1696 attributae
1067 1669 1153 1707 pote-

418 1717 506 1750 statis
531 1716 751 1761 plenitudine,
779 1717 839 1749 liae
864 1718 974 1749 nostra
998 1723 1155 1761 perpetuo

418 1772 551 1805 valitura
563 1771 788 1805 constitutione
800 1770 971 1811 sancimus,
988 1771 1156 1804 statuimus

418 1831 449 1859 et
469 1825 667 1865 ordinamus,
684 1825 763 1858 utin
778 1824 1009 1868 cuiuscumque
1030 1824 1156 1858 Ordinis

419 1885 448 1912 et
473 1879 605 1911 instituti
633 1879 855 1921 regularium,
885 1883 946 1911 tam
973 1877 1155 1911 Mendicau-

420 1933 497 1967 tium
512 1944 607 1977 quam
623 1943 686 1965 non
699 1932 959 1973 Mendicantium,
972 1932 1066 1966 etiam
1082 1942 1157 1975 quo-

420 1987 597 2020 modolibet
635 1992 856 2030 exemplorum
891 1992 920 2019 et
954 1986 1156 2030 Apostolicae

419 2039 491 2073 Scdi
510 2039 694 2073 immediate
715 2039 945 2080 subiectorum,
962 2039 1075 2072 studiis
1089 2049 1157 2072 om-

420 2093 513 2126 nibus
540 2093 634 2125 trium
662 2093 844 2135 linguarum
872 2092 1071 2133 huiusmodi,
1096 2092 1154 2126 he-

420 2146 546 2179 braicae
565 2146 732 2187 videlicet,
757 2157 890 2189 graecae
916 2152 947 2179 et
966 2146 1095 2186 latinae,
1125 2145 1156 2179 in

421 2200 597 2233 maioribus
622 2210 708 2241 vero,
732 2211 768 2233 ac
793 2201 1034 2241 celebrioribus,
1063 2199 1156 2233 etiam

421 2254 567 2287 arabicae
594 2253 762 2293 doctores,
786 2254 947 2295 regulares
972 2253 1101 2297 quidem
1129 2258 1159 2286 et

421 2307 563 2341 eiusdem
586 2305 723 2347 Ordinis,
744 2305 814 2338 siin
836 2306 889 2339 illo
904 2306 1019 2339 barum
1034 2306 1159 2349 lingua-

422 2372 492 2394 rum
514 2360 725 2394 sufficientem
747 2359 892 2393 notitiam
915 2360 1068 2393 habentes
1082 2360 1155 2400 sint,

421 2415 468 2448 sin
490 2415 605 2455 minus,
630 2414 819 2454 saeculares,
841 2419 894 2446 aut
915 2414 1046 2447 alterius
1066 2414 1158 2448 Ordi-

421 2468 468 2501 nis
489 2468 662 2510 regulares,
688 2467 740 2511 qui
764 2467 832 2499 illas
852 2472 925 2499 actu
943 2473 971 2499 et
991 2467 1160 2510 diligenter

423 2522 568 2561 doceant,
592 2521 782 2559 habeantur,
803 2520 828 2553 si
849 2520 952 2553 studia
971 2520 1000 2552 in
1026 2520 1160 2554 urbibus

423 2579 451 2606 et
473 2573 549 2606 locis
574 2573 721 2613 existunt,
746 2573 798 2605 ubi
825 2573 1006 2615 linguarum
1034 2573 1159 2616 praedi-

1192 1448 1352 1482 ctionibus
1371 1448 1534 1481 scholares
1554 1447 1767 1491 assignentur,
1792 1447 1846 1492 qui
1867 1447 1929 1482 illis

1191 1502 1334 1535 sedulam
1358 1507 1388 1534 et
1405 1501 1564 1534 assiduam
1588 1511 1718 1545 operam
1736 1506 1863 1535 navent.

1235 1558 1251 1598 ξ
1272 1555 1302 1588 st.
1327 1555 1364 1588 Ili
1383 1565 1456 1588 vero
1478 1555 1638 1588 scholares
1659 1560 1693 1588 ut
1706 1554 1842 1589 alacrius
1855 1555 1929 1590 huic

1190 1609 1295 1642 studio
1322 1609 1525 1649 incumbant,
1550 1609 1698 1642 volumus
1721 1613 1752 1642 et
1777 1607 2132 1659 d⁶081‘ni·tll‚2„a„3{3²³‘lffl

1191 1672 1261 1695 mus
1291 1668 1322 1694 ut
1344 1689 1349 1702 ,
1385 1662 1417 1694 in
1447 1660 1653 1706 promotione
1678 1661 1716 1694 ad
1742 1661 1930 1696 doctoratus
1944 1661 2096 1682 “mummium-

1190 1716 1308 1758 gradus
1330 1720 1359 1748 et
1383 1715 1422 1749 ad
1448 1714 1527 1748 alios
1551 1714 1598 1748 sui
1624 1714 1751 1748 Ordinis
1776 1714 1926 1757 honores,

1191 1769 1234 1801 illi
1257 1769 1390 1802 caeteris
1414 1769 1545 1813 paribus
1565 1769 1798 1812 praeferantur,
1822 1769 1877 1813 qui
1897 1769 1929 1802 in

1190 1823 1373 1865 cognitione
1395 1823 1491 1856 trium
1506 1823 1615 1856 saltem
1634 1822 1818 1866 linguarum
1839 1833 1931 1867 prae-

1191 1876 1348 1909 dictarum
1370 1875 1577 1919 profecerint,
1602 1875 1644 1909 ita
1664 1881 1698 1909 ut
1718 1876 1757 1910 ad
1782 1875 1852 1909 illas
1873 1876 1930 1910 do-

1191 1930 1307 1963 cendas
1328 1929 1392 1973 apti
1413 1929 1485 1963 sint.

1236 1985 1251 2026 ξ
1272 1982 1302 2016 5.
1326 1983 1395 2016 Non
1422 1983 1622 2017 obstantibus
1647 1983 1931 2022 constitutionibus

1192 2043 1223 2071 et
1243 2036 1502 2071 ordinationibus
1527 2027 1720 2081 apostolicis,
1740 2048 1777 2071 ac
1801 2037 1932 2082 quibus-

1192 2091 1237 2124 vis
1250 2091 1374 2124 statutis
1392 2097 1423 2124 et
1439 2090 1737 2132 consuetudinibus,
1758 2091 1932 2136 privilegiis
1976 2105 1980 2109 ·

1192 2155 1342 2190 quoque,
1372 2144 1502 2179 indultis
1528 2150 1558 2179 et
1582 2144 1696 2178 litteris
1720 2145 1929 2189 apostolicis,

1192 2199 1356 2243 quibusvis
1373 2198 1645 2240 universitatibus,
1666 2198 1860 2243 illarumque
1884 2209 1934 2233 re-

1193 2252 1345 2293 ctoribus,
1366 2263 1403 2285 ac
1422 2251 1597 2286 Ordinibus
1616 2251 1800 2296 praedictis,
1818 2257 1848 2286 et
1862 2252 1931 2286 illo-

1194 2316 1263 2339 rum
1296 2304 1517 2350 superioribus
1541 2310 1571 2338 et
1590 2305 1746 2349 personis,
1774 2305 1832 2338 sub
1856 2305 1930 2350 qui-

1194 2360 1394 2404 buscumque
1417 2359 1582 2392 tenoribus
1607 2364 1637 2392 et
1662 2358 1783 2400 formis,
1804 2369 1840 2393 ac
1860 2369 1933 2392 cum

1194 2412 1357 2456 quibusvis
1383 2412 1480 2445 etiam
1502 2411 1780 2454 derogatoriarum
1800 2411 1934 2454 deroga-

1195 2465 1296 2506 toriis,
1325 2466 1458 2510 aliisque
1484 2465 1717 2498 efficacioribus
1742 2469 1773 2498 et
1798 2464 1934 2498 insolitis

1195 2519 1354 2560 clausulis,
1375 2530 1411 2552 ac
1436 2518 1634 2552 irritantibus
1651 2523 1682 2551 et
1701 2517 1770 2551 aliis
1785 2517 1932 2559 decretis,

1196 2572 1226 2604 in
1248 2582 1364 2614 genere
1382 2573 1429 2605 vel
1448 2571 1478 2604 iu
1499 2570 1615 2616 specie,
1639 2581 1676 2604 ac
1700 2570 1777 2603 alias
1799 2570 1829 2603 in
1851 2581 1931 2604 con-

1997 1552 2131 1580 Privilegium

1959 1982 2072 2012 Derogatio
2082 1987 2131 2003 con·

1946 2011 2066 2030 (rarior-um.

424 2633 545 2659 clarum
572 2627 690 2670 peritos
715 2626 915 2659 conducendi
942 2626 1075 2660 facultas
1101 2632 1155 2660 est:
1196 2625 1330 2658 trarium
1342 2625 1591 2669 praemissorum
1606 2623 1932 2668 quomodolibetcon·

465 2691 470 2714 l
494 2689 640 2716 Videt-etur
654 2689 746 2725 potius
763 2689 911 2725 legendum
930 2697 1004 2716 illanc
1016 2689 1054 2724 (n.
1067 2692 1115 2723 T.)-

1195 2678 1311 2721 cessis,
1340 2677 1537 2712 confirmatis
1563 2683 1593 2711 et
1622 2677 1790 2712 innovatis.
1813 2677 1933 2718 Quibus

1944 1581 2071 1602 scholarium
2086 1582 2129 1601 stu·
2181 1602 2184 1606 ⁴
2191 1582 2193 1585 ’
