2227 3241
15 2001 21 2202 3

18 2226 25 2412 3

22 2413 26 2549 3

22 2538 27 2627 3

28 279 75 307 An.
91 278 119 306 C.
143 277 209 306 ¹605

86 1571 150 1592 lussio
164 1570 215 1592 illud

0 1609 15 1678 >33
37 1598 162 1627 publicandi.

864 276 978 300 PAULUS
1004 279 1022 299 V
1049 278 1092 299 ΡΡ,

223 325 398 367 interdicti,
414 324 549 369 aliisque
564 325 786 359 ecclesiasticis
799 324 964 358 sententiis

225 384 256 411 et
274 378 429 420 censuris,
447 389 465 412 a
485 379 555 412 iure
568 379 617 412 vel
631 379 671 412 ab
691 378 834 419 homine,
852 377 964 422 quovis

224 432 323 465 modo
344 437 375 465 et
391 430 487 466 causa
506 432 578 465 latis
597 442 654 465 seu
674 431 815 472 inflictis,
838 442 964 465 necnon

225 486 264 519 ab
286 485 437 532 omnibus
457 485 609 529 peccatis,
634 485 826 525 excessibus,
850 485 961 518 erimi-

227 538 323 574 nibus
340 545 372 572 et
387 539 523 580 delictis,
544 538 749 582 quantumvis
769 538 919 581 gravibus
936 543 966 571 et

225 592 422 633 enormibus,
435 592 531 626 etiam
545 591 577 624 in
591 592 726 634 casibus,
741 597 805 624 tarn
819 591 965 624 locorum

225 646 413 687 Ordinariis,
431 655 528 690 quam
546 645 641 678 nobis
662 650 693 678 et
712 645 785 678 Sedi
804 645 966 689 Apostoli—

226 711 292 742 cae,
316 699 410 734 etiam
433 699 466 732 in
486 698 600 732 litteris
620 698 672 732 die
692 699 815 732 Coenae
840 699 966 732 Domini

225 753 288 796 legi
301 752 472 794 consuetis,
486 758 581 796 atque
595 752 683 793 alias,
693 752 787 786 etiam
801 763 860 796 per
874 763 967 796 quas-

226 817 366 851 cumque
390 807 612 840 Romanornm
648 805 841 839 Pontificum
867 817 964 850 prae-

226 862 432 895 decessorum
485 865 671 893 nostrorum
724 860 967 894 constitutiones

226 915 381 958 (quorum
403 918 531 946 tenores
548 912 771 957 praesentibus
785 913 896 947 baberi
916 924 968 947 vo-

226 969 333 1001 lumus
353 977 412 1012 pro
433 967 528 1011 plene
543 973 572 1001 et
585 967 782 1001 sufficienter
799 968 965 1011 expressis,

227 1032 263 1054 ac
283 1021 308 1054 si
326 1021 366 1054 ad
380 1021 514 1054 verbum
536 1020 770 1062 insererentur)
787 1022 968 1065 quomodo-

227 1085 366 1119 cumque
391 1074 570 1115 reservatis,
595 1075 626 1107 in
648 1075 718 1108 foro
744 1080 867 1108 tantuin
886 1086 965 1109 con-

227 1127 380 1162 scientiae
409 1128 468 1161 hac
501 1127 568 1161 vice
599 1129 704 1162 solum
730 1129 911 1169 absolvere,
940 1135 970 1163 et

226 1182 359 1226 insuper
384 1187 456 1215 vota
482 1192 706 1226 quaecumque
728 1182 915 1226 (religionis
940 1189 968 1217 et

228 1234 379 1268 castitatis
399 1234 552 1279 exceptis)
570 1234 601 1267 in
623 1235 685 1268 alia
701 1235 755 1279 pia
769 1241 799 1269 et
819 1236 970 1270 salutaria

229 1299 328 1333 opera
347 1294 548 1322 commutare
574 1288 728 1333 (iniuncta
752 1295 857 1323 tamen
876 1290 921 1323 eis
942 1296 971 1324 et,

229 1353 342 1376 eorum
357 1342 487 1376 cuilibet
501 1342 532 1375 in
551 1343 743 1386 supradictis
758 1343 908 1376 omnibus
926 1355 972 1377 ca-

229 1396 317 1430 sibus
343 1395 542 1440 poenitentia
571 1396 716 1436 salutari,
744 1407 780 1429 ac
806 1396 877 1429 aliis
891 1396 973 1430 eius-

197 1450 302 1484 dem
321 1450 507 1484 confessarii
521 1450 655 1483 arbitrio
672 1450 889 1493 iniungendis)
903 1461 973 1494 pos-

229 1503 270 1537 sit
286 1509 318 1537 et
337 1503 451 1537 valeat.

274 1559 292 1600 ἓ
311 1557 342 1590 4.
367 1557 570 1601 Quapropter
591 1562 702 1589 tenore
731 1557 969 1600 praesentium,

230 1611 432 1652 mandamus,
449 1616 480 1644 et
500 1610 532 1643 in
546 1610 662 1643 virtute
680 1616 807 1644 sanctae
821 1611 974 1644 obedien-

230 1664 292 1698 tiae
306 1664 449 1698 districte
462 1663 681 1708 praecipimus
695 1664 847 1698 omnibus
861 1670 891 1698 et
904 1665 974 1708 qui-

230 1719 432 1763 buscumque
465 1718 703 1752 venerabilibus
735 1719 888 1752 fratribus
912 1730 970 1763 pa-

231 1772 389 1814 triarchis,
406 1772 670 1817 archiepiscopis,
688 1773 847 1817 episcopis
862 1779 891 1806 et
906 1774 975 1807 aliis

232 1827 441 1861 ecclesiarum
467 1827 640 1871 praelatis,
665 1833 695 1860 et
726 1827 891 1871 quibusvis
919 1828 975 1861 Or-

233 1880 367 1915 dinariis
398 1881 556 1921 locorum,
580 1885 625 1920 ut,
654 1891 726 1914 cum
757 1881 975 1924 praesentium

233 1935 413 1980 litterarum
442 1939 642 1978 transumpta
667 1939 721 1966 aut
750 1934 895 1978 exempla
923 1945 976 1968 ac-

235 1987 397 2032 ceperint,
421 1987 475 2020 illa
499 1987 605 2020 statim
632 1986 754 2030 absque
779 1987 843 2020 ulla
873 1990 975 2027 mora,

234 2040 452 2075 retardatione
466 2041 514 2074 vel
535 2039 769 2084 impedimento
789 2045 843 2073 aut
863 2040 978 2073 limita-

237 2094 320 2128 tione
334 2104 391 2139 per
404 2104 477 2127 suas
495 2093 656 2134 ecclesias,
674 2093 828 2133 civitates,
846 2094 975 2138 oppida,

239 2154 350 2189 terras,
365 2148 448 2188 loca,
463 2147 628 2181 dioeceses
642 2153 672 2181 et
684 2147 864 2191 provincias
879 2148 976 2191 publi-

237 2207 310 2236 cent
331 2207 362 2234 et
382 2202 542 2243 evulgem,
560 2211 596 2233 ac
616 2200 774 2244 publicari
794 2201 979 2243 etevulgari

237 2255 365 2289 saciant.
386 2254 549 2298 Clerisque
567 2259 595 2287 et
611 2254 739 2298 populis
756 2254 815 2287 sibi
830 2254 981 2287 subiectis

238 2309 398 2342 solemnes
418 2307 643 2352 processiones
672 2312 702 2340 et
730 2307 982 2351 supplicationes

238 2362 382 2396 indicant
402 2368 433 2396 ct
454 2362 629 2395 celebrent.
650 2361 742 2401 Quod
763 2361 788 2394 si
805 2361 982 2405 praemissa

239 2415 348 2449 omnia
368 2421 398 2450 et
422 2415 549 2458 singula
573 2420 737 2459 praestare
763 2415 979 2456 neglexerint,

239 2469 287 2502 vel
301 2479 338 2502 ex
351 2469 462 2513 quavis
477 2470 572 2502 causa
582 2473 612 2502 et
622 2473 789 2512 praetextu
803 2468 857 2501 illa
870 2468 982 2511 exequi

241 2522 527 2567 praetermiserint,
548 2527 676 2566 praeter
696 2526 863 2566 peccatum
883 2527 983 2555 trans-

241 2576 425 2618 gressionis,
449 2576 480 2609 in
501 2576 589 2620 quod
610 2575 787 2615 incurrent,
811 2574 912 2608 sciant
936 2574 985 2607 ni-

242 2628 417 2662 bilominus
428 2634 612 2673 praesentes
625 2634 751 2662 nostras
763 2628 895 2667 litteras,
911 2638 982 2660 cum

244 2682 283 2716 ad
304 2682 560 2716 christifidelium
575 2683 721 2717 notitiam
741 2681 854 2726 quovis
872 2682 980 2722 modo,

293 2745 371 2773 Ball.
388 2746 471 2774 Rom.
493 2746 550 2774 Vol.
569 2745 617 2773 XI.
819 2745 853 2771 ⁰26

1644 264 1701 297 201

998 330 1033 358 ut
1052 325 1273 369 supradictum
1299 330 1356 365 est,
1380 323 1598 368 pervenerint,
1622 322 1744 368 ubique

999 378 1146 411 eamdem
1169 378 1230 410 vim
1253 388 1289 410 ac
1310 377 1411 410 robur
1431 376 1609 417 habituras,
1626 386 1662 409 ac
1684 376 1744 409 eis-

1000 430 1072 463 dem
1099 430 1361 463 cbristifidelibus
1385 429 1520 474 perinde
1545 429 1740 473 profuturas,

1001 493 1037 517 ac
1052 483 1078 516 si
1093 484 1189 516 modo
1204 489 1235 516 et
1246 484 1349 517 forma
1362 483 1547 527 praemissis
1559 482 1742 527 publicatae

1001 543 1032 570 et,
1063 537 1228 579 evulgatae
1264 542 1293 569 et
1330 537 1491 570 solemnes
1521 536 1745 580 processiones

1001 596 1174 634 propterea
1194 590 1333 623 indictae
1354 596 1384 623 et
1405 591 1584 624 celebratae
1597 590 1740 624 fuissent.

1002 645 1061 677 Per
1080 649 1266 688 praesentes
1286 649 1394 677 autem
1419 654 1517 687 super
1537 643 1645 687 aliqua
1667 643 1746 676 irre-

1002 697 1183 740 gularitate,
1204 696 1333 740 publica
1353 697 1400 730 vel
1423 696 1558 735 occulta,
1578 699 1666 737 nota,
1691 697 1746 731 de-

1004 752 1098 791 fectu,
1112 750 1322 794 incapacitate
1337 756 1390 783 aut
1402 750 1602 784 inhabilitate
1614 761 1746 795 quoquo

1004 806 1100 839 modo
1122 806 1285 838 contracta
1303 804 1490 848 dispensare
1504 832 1511 845 ,
1534 805 1582 838 vel
1603 805 1745 848 aliquam

1004 860 1186 893 facultatem
1206 859 1350 892 tribuere
1368 859 1587 903 dispensandi,
1605 859 1699 892 etiam
1715 860 1746 892 in

1004 915 1073 948 foro
1099 913 1337 953 conscientiae,
1366 923 1431 946 non
1465 912 1682 949 intendimus2
1710 924 1747 945 ac

1004 968 1205 1002 declaramus
1230 967 1287 1000 has
1319 967 1402 1010 ipsas
1427 972 1612 1010 praesentes
1640 967 1747 1010 quoad

1004 1022 1237 1056 absolutionem
1256 1021 1288 1054 in
1310 1021 1380 1054 soro
1401 1020 1616 1053 conscientiae
1630 1026 1747 1064 etpoe-

1005 1075 1163 1109 nitentiali
1178 1080 1315 1115 tantuin,
1333 1084 1398 1107 non
1419 1079 1525 1107 autern
1547 1073 1579 1106 in
1602 1074 1672 1107 foro
1687 1074 1747 1107 sori

1005 1140 1060 1163 seu
1092 1128 1293 1163 contentioso
1325 1127 1585 1171 consequendam
1619 1128 1749 1172 (neque

1006 1183 1100 1217 etiam
1116 1183 1222 1227 quoad
1237 1182 1358 1215 dictum
1376 1181 1481 1214 forum
1500 1180 1715 1213 conscientiae
1729 1179 1748 1221 ¹,

1006 1237 1059 1281 qui
1081 1237 1120 1269 ab
1142 1236 1250 1279 aliquo
1272 1234 1377 1268 iudice
1399 1233 1680 1273 excommunicati,
1697 1244 1749 1266 su-

1006 1290 1112 1334 spensi
1134 1289 1179 1322 vel
1202 1287 1375 1328 interdicti,
1390 1298 1446 1320 seu
1467 1286 1545 1320 alias
1568 1286 1599 1319 in
1620 1292 1749 1320 senten-

1008 1344 1066 1377 tias¹
1092 1350 1122 1377 et
1148 1353 1298 1376 censuras
1324 1341 1474 1375 incidisse
1500 1340 1674 1380 declarati,
1702 1342 1750 1374 vel

1007 1398 1135 1442 publice
1150 1395 1334 1430 denunciati
1348 1394 1478 1435 fuerint,
1494 1394 1554 1428 nisi
1570 1394 1655 1427 intra
1674 1400 1751 1427 tem-

1008 1462 1067 1495 pus
1085 1449 1312 1484 celebrationis
1331 1448 1519 1482 huiusmodi
1544 1447 1675 1481 iubilaei
1696 1458 1748 1480 sa-

1010 1505 1194 1543 tissecerint,
1218 1510 1274 1537 aut
1302 1513 1373 1536 cum
1400 1502 1547 1546 partibus
1567 1502 1749 1535 concorda-

1007 1558 1129 1602 verint)
1156 1559 1221 1591 ullo
1256 1557 1353 1590 modo
1382 1555 1551 1598 suffragari
1580 1566 1674 1599 posse
1699 1562 1754 1589 aut

1009 1612 1137 1645 debere.

1054 1667 1069 1707 ξ
1091 1665 1120 1697 5,
1151 1664 1218 1697 Non
1243 1662 1445 1697 obstantibus
1470 1661 1753 1695 constitutionibus

1010 1725 1041 1753 et
1061 1717 1321 1752 ordinationibus
1341 1715 1539 1760 apostolicis,
1563 1715 1753 1759 praesertim

1010 1773 1126 1817 quibus
1147 1770 1332 1805 absolvendi
1352 1770 1486 1802 facultas
1504 1769 1535 1801 in
1562 1769 1658 1802 certis
1678 1774 1754 1801 tunc

1011 1826 1166 1871 expressis
1178 1825 1303 1858 casibus
1317 1824 1361 1857 ita
1374 1824 1520 1856 Romano
1534 1822 1680 1856 Pontifici
1696 1833 1754 1866 pro

1012 1886 1158 1924 tempore
1170 1877 1316 1912 existenti
1330 1882 1524 1917 reservatur,
1538 1882 1573 1909 ut
1586 1886 1645 1909 nec
1659 1876 1753 1909 etiam

1012 1933 1131 1968 similes
1152 1933 1199 1965 vel
1218 1931 1389 1965 dissimiles
1411 1929 1554 1970 iubilaei,
1579 1929 1753 1972 indulgen-

1014 1988 1130 2020 tiarum
1145 1991 1199 2019 aut
1214 1978 1402 2018 facultatum
1421 1982 1608 2016 huiusmodi
1627 1992 1758 2016 conces-

1013 2041 1130 2080 siones,
1154 2039 1213 2072 nisi
1240 2039 1279 2071 de
1305 2038 1366 2070 illis
1392 2047 1540 2081 expressa
1566 2036 1686 2069 mentio
1705 2041 1759 2068 aut

1014 2093 1161 2138 specialis
1183 2091 1349 2134 derogatio
1371 2090 1442 2130 liat,
1467 2090 1618 2133 cuiquam
1640 2088 1757 2122 suffra-

1014 2147 1082 2189 gari
1104 2150 1235 2189 queant,
1253 2154 1379 2178 necnon
1396 2143 1504 2185 regula
1519 2144 1629 2176 nostra
1642 2142 1680 2176 de
1695 2152 1760 2175 non

1016 2198 1232 2233 concedendis
1269 2197 1478 2240 indulgentiis
1510 2197 1549 2230 ad
1579 2196 1700 2236 instar,
1725 2206 1761 2228 ac

1016 2262 1301 2297 quorumcumque
1319 2250 1475 2285 Ordinum
1492 2255 1521 2283 et
1533 2249 1761 2291 Congregatio-

1016 2318 1093 2340 num
1115 2307 1180 2339 sive
1213 2306 1435 2338 institutorum
1466 2303 1663 2345 regularium
1680 2330 1687 2343 ,
1712 2303 1760 2335 iu-

1018 2365 1187 2399 ramento,
1213 2358 1460 2392 confirmatione
1488 2356 1684 2400 apostolica,
1713 2355 1758 2387 rel

1017 2412 1128 2457 quavis
1153 2412 1305 2444 firmitate
1326 2411 1385 2444 alia
1402 2409 1574 2450 roboratis,
1590 2408 1716 2442 statutis
1730 2414 1761 2441 et

1018 2464 1319 2505 consuetudinibus,
1340 2462 1515 2508 privilegiis
1535 2471 1684 2505 quoque,
1707 2460 1757 2493 in-

1018 2519 1116 2553 dultis
1137 2524 1166 2552 et
1188 2518 1302 2551 litteris
1323 2516 1508 2561 apostolicis
1529 2515 1649 2548 eisdem
1667 2514 1761 2548 Ordi-

1018 2573 1111 2606 nibus
1125 2578 1155 2606 οι
1167 2570 1477 2615 Congregationibus
1497 2574 1592 2613 atque
1608 2568 1761 2602 Institutis

1058 2691 1065 2716 l
1091 2689 1155 2717 lleic
1175 2688 1346 2724 subintellige
1367 2687 1403 2716 iis
1423 2689 1459 2722 (n.
1481 2687 1530 2722 T.).

1755 274 1804 300 An.
1821 273 1849 301 C.
1873 273 1941 300 1605

1809 1674 1906 1694 Clausala
1919 1672 1953 1693 de-

1769 1704 1850 1726 rogato!
1858 1707 1885 1721 ta,
