2227 3241
30 265 78 292 An.
94 264 124 291 C.
144 263 210 291 1605

53 965 108 995 Mala
119 972 158 987 nnn
169 969 209 987 tam

29 997 159 1019 amnisquam
166 999 212 1018 prc-

28 1018 211 1068 faeusproputsan-

867 264 986 288 PATLt's
1009 265 1026 287 V
1047 265 1097 288 Pr.

223 321 483 345 conmemorare
504 322 569 345 non
590 312 782 356 possumus)
799 311 917 355 perditi
935 322 967 345 0-

224 364 299 398 tiam
321 375 357 398 ac
379 364 540 409 profligati
561 365 709 399 homines
727 365 897 408 (carissimi
918 365 965 397 ni-

223 418 340 450 mirum
370 418 402 451 in
432 418 556 452 Christo
586 418 644 451 filii
674 418 775 451 nostri
802 417 965 461 Rodulphi

222 472 443 505 Romanorum
469 472 554 514 regis
575 471 708 505 illustris
730 472 763 504 in
785 471 964 515 imperato-

223 534 291 556 rem
317 524 409 557 electi
434 524 467 557 in
488 524 600 558 eadem
627 524 791 566 Ilungaria
810 524 966 567 rebelles)

225 576 301 620 ipsis
317 577 428 610 Tui-cis
446 588 506 621 per
530 577 656 610 exitiale
677 577 781 610 scelus
798 577 963 618 adiuncti,

224 635 254 664 et
270 641 329 674 per
342 641 502 664 summam
515 630 715 674 impietatem
729 630 794 663 suis
808 629 967 663 intestinis

225 684 414 717 tumultibus
428 694 464 717 ac
480 683 692 717 seditionibus
707 683 906 717 confirmatis
920 689 967 716 at-

223 748 284 781 que
298 737 410 778 auctis,
427 737 569 770 humana
580 736 753 780 divinaque
768 742 968 780 0110010901-

225 792 365 831 turbant,
376 797 416 831 et,
427 790 579 824 adhibitis
589 790 684 824 simul
695 790 805 831 armis,
817 790 967 823 omnibus

226 843 325 887 ipsius
344 843 506 887 Rodulphi
527 843 680 876 dominiis
700 843 857 877 nefariam
883 843 965 876 dire-

220 897 370 942 ptionem
401 903 432 930 et
461 897 641 930 vastitatem
674 897 849 930 minantur.
880 897 967 936 Quae

226 950 357 995 quidem
383 951 468 984 mala
488 961 562 984 cum
580 961 645 984 non
666 956 731 984 tam
752 951 851 984 armis
869 961 966 995 quam

226 1003 362 1038 assiduis
382 1004 469 1048 apud
485 1004 585 1038 Deum
608 1004 760 1048 precibus
784 1004 967 1048 propulsari

227 1058 388 1098 debeant,
409 1058 495 1101 quod
517 1058 556 1091 ab
576 1057 676 1102 ipsius
696 1057 743 1090 ira
768 1057 801 1090 in
821 1057 968 1091 homines

224 1117 359 1155 propter
372 1111 501 1144 illorum
516 1117 647 1155 peccata
661 1117 691 1144 et
702 1111 887 1155 iniquitates
897 1121 969 1145 con-
984 1118 986 1128 *

225 1163 290 1198 tra¹
311 1165 537 1208 provenerint3
569 1165 629 1198 bac
657 1164 724 1209 ipsa
753 1165 792 1198 de
813 1166 908 1198 causa
929 1165 968 1198 ad

226 1228 433 1252 communem
454 1228 584 1262 quoque
605 1218 702 1251 totius
727 1217 891 1251 christiani
910 1228 969 1262 po-

225 1270 293 1315 puli
306 1271 561 1304 obsecrationem
573 1271 806 1304 recurrendum
817 1281 885 1304 esse
899 1281 970 1304 een-

226 1324 360 1366 suimus,
378 1325 468 1358 euius
486 1330 572 1358 tanta
588 1325 627 1358 ad
647 1324 853 1357 inimicorum
869 1325 969 1369 impe-

228 1383 276 1411 tus
294 1378 533 1422 propulsandos
554 1378 652 1411 virtus
678 1383 708 1411 et
734 1378 877 1412 efficacia
902 1384 965 1419 est,

227 1437 262 1464 ut
279 1431 409 1465 illorum
432 1431 623 1464 fortissimos
641 1431 809 1472 exercitus,
823 1431 877 1475 qui
891 1431 970 1465 alio-

227 1484 305 1529 quin
327 1485 425 1518 armis
449 1484 625 1529 expugnari
651 1495 715 1517 non
740 1490 881 1528 possent,
901 1485 970 1528 ipsa

226 1538 318 1571 facile
332 1538 464 1582 dissipet
478 1544 573 1582 atque
587 1544 781 1582 prosternat.
799 1538 891 1577 Quod
904 1549 969 1572 non

227 1591 365 1625 obscure
383 1591 490 1625 divina
507 1602 617 1625 sacrae
635 1592 814 1636 scripturae
840 1592 970 1636 eloquia

228 1656 286 1679 nos
311 1646 446 1686 docent,
471 1646 546 1679 dum
573 1646 685 1679 fideles
709 1646 847 1690 populos
873 1646 965 1689 (qui,

228 1700 379 1733 adversus
397 1699 503 1733 hostes
520 1699 720 1744 praeliaturi,
738 1700 777 1733 ad
798 1701 898 1733 Deum
913 1711 970 1743 per

228 1753 388 1786 assiduam
404 1753 584 1786 orationem
599 1758 629 1786 et
645 1753 878 1797 poenitentiam
894 1763 970 1786 con-

230 1807 357 1850 fugiunt
376 1807 525 1851 illiusque
546 1817 664 1840 nomen
687 1807 836 1840 invocant
856 1812 886 1840 et
908 1807 969 1839 mi-

229 1861 438 1895 sericordiam
465 1861 659 1904 implorant)
682 1871 746 1894 non
773 1867 836 1894 tam
862 1862 966 1902 ferro,

229 1926 325 1959 quam
347 1915 455 1957 lingua
477 1920 507 1948 et
532 1915 624 1948 labiis
648 1926 804 1959 pugnare,
825 1921 856 1948 et
881 1926 987 1951 111010,

230 1969 262 2002 10
288 1969 392 2003 verbis
417 1980 453 2002 ac
478 1969 628 2013 precibus
652 1969 773 2002 babere
801 1975 966 2002 testantur.

229 2022 332 2063 Quod,
350 2028 384 2056 ut
397 2023 638 2067 quamprimum
654 2023 826 2066 Rodulpbo
838 2022 971 2066 eiusque

230 2076 291 2120 piis
308 2086 344 2109 ac
358 2076 508 2110 fidelibus
522 2076 657 2110 subditis
671 2083 701 2110 et
715 2076 908 2110 militaribus
919 2086 972 2110 eo·
987 2093 989 2101 ⁴

230 2131 292 2175 piis
312 2131 456 2172 eveniat,
484 2130 543 2174 ipsi
568 2131 776 2164 vehementer
800 2130 968 2174 cupimus,

231 2190 261 2218 et
285 2195 303 2217 a
326 2185 391 2218 Deo
416 2184 609 2228 nuncupatis
639 2184 719 2217 votis
748 2189 909 2228 optamus.
938 2184 971 2217 ld

231 2245 339 2272 autem
360 2239 399 2271 ab
422 2238 490 2282 ipso
512 2237 807 2271 misericordiarum
829 2238 922 2270 Patre
942 2243 973 2271 et

231 2293 296 2326 Deo
316 2292 412 2325 totius
433 2291 663 2325 consolationis
681 2291 773 2325 facile
793 2301 852 2324 nos
868 2291 971 2335 impe-

234 2346 586 2386 traturosconfidimus3
598 2346 680 2379 sicut
689 2345 775 2379 enim
787 2356 972 2389 supremam

234 2399 317 2433 illius
333 2400 530 2433 maiestatem
546 2400 705 2439 homines,
722 2399 774 2432 ubi
791 2409 861 2432 eam
876 2399 974 2433 offen-

234 2453 350 2494 derint,
369 2457 443 2487 11100
463 2453 601 2486 maxime
622 2459 755 2497 propter
773 2453 841 2486 cius
861 2458 973 2497 poten-

236 2507 309 2540 tiam
336 2507 448 2541 timcre
473 2508 601 2548 debent,
629 2508 672 2540 ita
692 2518 820 2551 semper
846 2507 894 2545 iis,
919 2507 972 2551 qui

275 2588 282 2613 1
305 2586 347 2613 Sic
363 2587 516 2623 legitetiam
537 2588 602 2615 edit.
620 2587 737 2614 Cherub.
755 2587 891 2621 [lomaua3
908 2587 973 2623 Lug-

235 2631 363 2658 dunensis
392 2639 455 2659 vero
480 2631 562 2660 habet
588 2635 688 2660 contra
714 2639 775 2659 eum
803 2632 974 2667 iniquitates

235 2675 273 2710 (11.
288 2675 337 2710 1.).

1647 255 1711 288 ‘199

1000 322 1058 355 per
1069 312 1299 355 poenitentiam
1315 312 1661 357 resipue1·int‚eiusque
1671 323 1743 355 gra-

1002 365 1076 398 tiam
1098 372 1129 398 et
1155 366 1308 399 auxilium
1330 366 1383 410 pie
1401 377 1437 400 ae
1459 367 1572 400 devote
1591 366 1739 410 postuta-

1001 418 1113 459 verint,
1123 419 1244 462 optime
1258 420 1296 453 de
1310 423 1436 454 summa
1451 420 1534 453 illius
1547 419 1743 462 benignitate

1001 472 1197 515 sperandum
1216 479 1280 510 est;
1304 473 1481 506 secundum
1504 473 1590 506 enim
1613 473 1741 515 magni-

1002 524 1145 558 tudinem
1168 525 1278 569 ipsius,
1302 526 1345 559 sie
1367 532 1394 559 et
1418 526 1642 560 misericordia
1659 526 1743 560 illius

1002 586 1074 608 cum
1095 586 1166 619 ipso
1184 582 1240 610 cst.

1046 631 1062 671 ξ
1081 628 1110 662 2.
1135 629 1212 663 Cum
1230 630 1328 672 igitur
1346 637 1487 664 caeteras
1508 631 1663 672 civitates,
1683 638 1743 666 101·-

1001 693 1052 716 ras
1070 688 1099 716 01
1116 683 1186 716 loca
1206 683 1326 727 ubique
1347 684 1513 718 existentia
1532 686 1678 729 exemplo
1696 686 1742 719 al-

1002 746 1073 769 mae
1093 736 1186 770 Urbis
1206 743 1335 770 nostrae
1356 738 1396 771 ad
1417 739 1590 772 salutarem
1611 739 1694 772 banc
1712 745 1743 772 et

1002 790 1187 824 unanimem
1213 790 1392 824 orationem
1418 802 1607 835 permovere
1628 793 1740 837 cupia-

1003 854 1083 884 mus,
1108 843 1147 876 ab
1166 844 1277 877 eadem
1298 844 1384 878 Urbe
1413 845 1538 878 initium
1560 851 1740 886 sumentes,

1001 896 1162 930 solemnes
1181 897 1405 940 processiones
1427 898 1466 931 ad
1485 898 1629 932 eiusdem
1649 899 1744 932 Urbis

1002 950 1159 991 basilicas,
1180 951 1338 995 Principis
1347 951 1500 985 nimirum
1515 953 1743 996 Apostolorum

1003 1003 1035 1036 in
1060 1003 1234 1045 Vaticano,
1262 1015 1390 1038 necnon
1416 1006 1448 1039 B.
1477 1006 1594 1039 Mariae
1618 1006 1745 1040 Maioris

1002 1057 1149 1101 proxima
1183 1058 1408 1099 hebdomada,
1438 1070 1521 1103 (luae
1554 1059 1613 1092 0111
1640 1059 1746 1104 prima

1003 1111 1121 1144 mensis
1139 1111 1207 1144 iulii
1227 1112 1374 1155 proxime
1400 1113 1509 1153 futuri,
1534 1113 1611 1146 seria
1632 1115 1747 1157 quarta

1003 1169 1034 1197 et
1053 1164 1188 1198 sabbato
1210 1165 1401 1207 indicimus,
1425 1166 1465 1199 ad
1489 1176 1569 1210 quas
1597 1166 1745 1200 basilicas

1003 1227 1062 1250 nos
1083 1228 1156 1250 cum
1178 1219 1267 1252 omni
1296 1219 1490 1253 demissione
1513 1226 1543 1253 et
1562 1219 1745 1254 humilitate

1004 1272 1121 1304 mentis
1142 1278 1173 1305 et
1192 1273 1351 1317 corporis,
1374 1276 1438 1307 una
1459 1284 1530 1307 cum
1550 1273 1743 1307 venerahili-

1003 1324 1062 1357 bus
1076 1324 1226 1358 fratribus
1240 1326 1358 1360 nostris
1369 1326 1398 1359 S.
1413 1327 1448 1360 R.
1464 1327 1496 1360 Ε.
1512 1327 1740 1367 cardinalibus,

1003 1387 1129 1411 necnon
1148 1379 1352 1422 patriarchis,
1376 1380 1627 1424 archiepiscopis
1648 1386 1744 1424 atque

1003 1431 1173 1475 episcopis,
1198 1443 1280 1477 quos
1301 1433 1332 1465 in
1353 1434 1497 1467 Romana
1514 1434 1611 1468 Curia
1631 1435 1743 1467 adesse

1003 1485 1195 1526 contigerit„
1223 1495 1260 1518 ac
1292 1486 1542 1523 christianorum
1574 1497 1687 1529 regum
1714 1493 1744 1520 et

985 1537 1186 1590 'principum
1209 1539 1393 1573 oratoribus
1414 1540 1501 1584 apud
1525 1550 1584 1574 nos
1610 1540 1745 1573 existen-

1006 1590 1100 1631 tibus,
1117 1591 1252 1635 aliisque
1265 1593 1417 1636 praelatis
1438 1599 1532 1637 atque
1554 1593 1744 1627 officialibus

1004 1643 1167 1677 Romanae
1184 1645 1308 1686 Curiae,
1330 1652 1356 1679 01
1374 1647 1615 1687 11100151101111115
1632 1647 1744 1691 populi

1005 1697 1142 1738 romani,
1160 1698 1374 1742 universoque
1396 1700 1483 1733 clero
1505 1705 1535 1733 01
1555 1700 1676 1744 populo
1693 1710 1745 1733 co-

1004 1750 1149 1791 mitante,
1164 1752 1329 1793 accedere,
1342 1753 1506 1797 dictasque
1524 1753 1745 1797 processiones

1004 1809 1034 1836 et
1054 1804 1307 1847 supplicationes
1324 1806 1443 1839 babere
1461 1812 1492 1840 et
1509 1807 1673 1840 celebrare
1692 1807 1747 1839 de-

1005 1858 1175 1892 crevimus.
1200 1859 1240 1891 [2
1260 1869 1338 1892 vero
1360 1859 1468 1892 divina
1488 1860 1615 1894 bonitas
1636 1868 1745 1905 optata

1005 1910 1091 1944 bona
1121 1922 1178 1945 suo
1204 1913 1326 1956 populo
1357 1913 1552 1957 supplicanti
1584 1915 1746 1958 copiosius

1005 1965 1172 2007 largiatur,
1196 1976 1310 1999 omnes
1339 1967 1507 2011 utriusque
1536 1978 1628 2001 sexus
1656 1968 1743 2001 cbri—

1005 2018 1157 2052 stifideles
1178 2019 1210 2052 in
1228 2020 1313 2053 Urbe
1336 2026 1367 2053 et
1385 2021 1416 2053 in
1434 2021 1558 2055 cunctis
1576 2022 1663 2055 orbis
1683 2028 1746 2056 ter-

1007 2084 1115 2107 rarum
1146 2075 1271 2117 regnis,
1299 2075 1469 2117 dominiis,
1497 2076 1685 2119 regionibus
1718 2081 1747 2110 et,

1006 2128 1270 2171 locisexistentes
1282 2140 1340 2174 per
1358 2130 1480 2163 viscera
1505 2131 1747 2164 misericordiae

1006 2182 1061 2216 Dei
1082 2183 1183 2216 nostri
1203 2183 1373 2216 hortamur
1393 2190 1489 2228 atque
1514 2185 1743 2224 olisecianms,

1006 2242 1041 2269 ut
1061 2237 1116 2280 qui
1141 2237 1174 2269 in
1195 2238 1307 2271 eadem
1329 2238 1413 2271 Urbe
1438 2239 1522 2272 dicta
1543 2239 1747 2272 bebdomada

1007 2290 1054 2323 vel
1073 2290 1184 2324 saltem
1200 2292 1301 2324 altera
1315 2297 1479 2334 sequente,
1499 2292 1554 2335 qui
1569 2302 1642 2325 vero
1660 2297 1748 2325 extra

989 2344 1122 2379 ,111-110111
1143 2345 1272 2386 suerint,
1293 2346 1451 2388 proxima,
1475 2351 1530 2378 aut
1549 2346 1650 2378 altera
1672 2345 1746 2378 item

1007 2404 1161 2442 sequente
1176 2399 1391 2439 bebdomada,
1409 2405 1578 2443 postquam
1598 2409 1748 2442 praesen-

1009 2460 1053 2487 tes
1076 2453 1199 2486 litterae
1220 2453 1263 2485 ibi
1283 2454 1402 2486 suerint
1419 2453 1612 2496 publicatae,
1636 2453 1683 2485 vel
1709 2452 1748 2495 (si

1008 2507 1169 2551 aliquibus
1190 2507 1219 2539 in
1238 2507 1316 2540 locis
1334 2518 1369 2539 ex
1390 2507 1500 2550 quavis
1522 2509 1615 2539 cansa
1637 2506 1746 2549 publi-

1009 2567 1097 2594 catae
1117 2571 1182 2594 non
1210 2560 1348 2603 suerint)
1369 2566 1538 2603 postquam
1569 2560 1608 2592 ad
1635 2570 1747 2593 eorum

1009 2613 1154 2647 notitiam
1181 2624 1387 2657 quocumque
1409 2612 1505 2645 modo
1530 2612 1746 2656 pervenerint,

1009 2667 1140 2701 salutari
1154 2667 1371 2711 poenitentiae
1385 2673 1587 2700 sacramento
1601 2666 1641 2700 ad
1658 2676 1749 2711 prae-

1757 264 1808 290 Α11.
1825 264 1854 290 C.
1874 264 1940 291 1605

1803 647 1876 667 Fntma
1894 652 1942 667 ron-

1758 674 1860 699 51*‹1t1=*n«l1
1890 674 1942 693 tulu-

1758 701 1835 721 larum.

1779 914 1888 934 Svtcnmes
1898 918 1944 937 prn-

1758 940 1867 960 crssiones
1876 946 1894 959 111
1907 939 1944 959 [1-

1759 966 1784 987 111·
1791 966 1816 987 ad
1827 966 1943 991 exemplum

1759 995 1898 1014 caeterarum.
