2227 3241
230 274 279 301 An.
292 273 319 301 c.
345 273 413 302 1609
460 264 523 298 616

240 1564 351 1586 Adiunctio
359 1566 410 1588 duo-

226 1597 271 1612 rum
285 1594 384 1614 votorum.

428 321 540 355 harum
555 321 637 355 serie
654 321 853 355 absolventes
871 327 901 355 et
917 321 1080 355 absolutos
1096 322 1164 355 sore

427 380 603 414 censentcS,
625 384 749 407 necnon
772 379 915 407 tenorem
938 373 1096 407 dictarum
1115 374 1164 408 lit-

427 434 586 467 terarum,
610 427 744 471 perinde
766 438 801 460 ac
821 427 845 460 si
865 427 902 460 de
921 427 1018 460 verbo
1036 428 1075 461 ad
1097 438 1163 461 ver-

427 481 502 513 bum
530 480 760 521 insererentur,
784 480 1005 524 praesentibus
1029 490 1087 524 pro
1113 492 1164 514 ex—

425 533 542 577 pressis
562 533 727 573 habentes,
751 533 1041 577 supplicationibus
1061 533 1185 588 dictae}

425 586 689 629 Congregationis
706 586 836 619 nomine
850 586 942 619 nobis
956 586 1015 619 bac
1028 586 1060 619 in
1073 593 1163 631 parte

425 639 590 673 humiliter
607 640 763 684 porrectis
785 639 938 682 inclinati,
956 650 991 673 ex
1008 640 1164 674 sententia

426 693 615 727 dilectorum
654 693 793 727 tiliorum
827 699 1012 727 nostrorum
1045 694 1162 728 Octavii

427 746 508 779 tituli
525 752 652 780 sanctae
669 747 806 780 Sabinae
823 747 970 787 Bandini,
986 752 1017 780 et
1036 747 1163 781 Ioannis

425 799 556 833 Garsiae
582 799 664 833 tituli
689 805 874 834 sanctorum
900 800 1042 846 Quatuor
1066 801 1163 835 Coro-

425 858 575 886 natorum
593 853 852 898 presbyterorum
872 853 1083 887 cardinalium
1101 854 1163 887 Mil-

425 905 480 938 lini
498 906 896 951 nuncupatorum‚quibus
913 906 975 940 hoc
992 907 1161 950 negocium

428 965 552 992 mature
577 959 824 994 examinandum
852 965 882 993 et
906 960 999 993 nobis
1024 961 1163 994 reseren-

425 1012 501 1046 dum
521 1013 752 1054 commisimus,
765 1013 886 1047 litteras
903 1013 1164 1048 dieuclementis

424 1066 692 1110 praedecessoris,
713 1077 785 1100 cum
801 1067 950 1101 omnibus
975 1072 1007 1100 et
1030 1067 1164 1110 singulis

425 1120 457 1152 in
483 1119 527 1153 eis
553 1120 710 1153 contentis
740 1120 898 1156 clausulis
915 1126 945 1154 et
969 1121 1103 1155 decretis
1128 1132 1164 1156 ac

427 1173 690 1216 derogationibus
705 1201 712 1215 ‚
745 1174 919 1218 apostolica
951 1175 1139 1209 auctoritate
1153 1202 1160 1216 ,

425 1231 537 1259 tenore
562 1226 799 1270 praesentium,
827 1233 984 1271 perpetuo
1004 1228 1163 1272 approba-

426 1290 496 1312 mus
521 1285 549 1313 et
576 1279 826 1321 confirmamus,
856 1280 982 1324 illisque
1007 1280 1108 1313 robur
1133 1291 1164 1313 a·

425 1333 600 1378 postolicae
619 1333 871 1367 confirmationis
892 1333 1071 1375 adjicimus,
1084 1333 1166 1367 illas-

426 1399 488 1432 que
522 1387 561 1420 ab
593 1387 744 1421 omnibus
769 1393 799 1421 et
831 1388 964 1431 singulis
983 1415 990 1429 ,
1018 1387 1058 1421 ad
1084 1398 1165 1432 quos

425 1441 563 1486 pertinet
584 1447 613 1474 et
634 1441 666 1474 in
685 1441 828 1475 futurum
851 1441 1035 1486 pertinebit,
1056 1442 1165 1476 obser-

425 1495 491 1529 vari
513 1496 661 1529 volumus
682 1501 711 1529 et
732 1496 933 1529 mandamus.

470 1551 485 1595 ἓ
510 1550 540 1583 3.
569 1550 725 1589 Quoniam
758 1548 853 1584 vero¹
878 1549 1068 1592 Religiosos,
1083 1550 1166 1584 inter

426 1605 515 1645 alias,
532 1605 720 1638 humilitatis
744 1603 916 1648 praecipue
937 1604 1085 1638 virtutem
1107 1604 1164 1638 ha-

425 1658 502 1692 bere
524 1663 668 1702 oportet,
690 1658 801 1691 eadem
828 1657 1017 1691 auctoritate
1037 1663 1165 1702 aposto-

426 1713 486 1746 lica
504 1713 674 1747 statuimus
692 1717 722 1746 et
739 1712 938 1753 ordinamus,
954 1713 1042 1757 ‘quod
1061 1713 1165 1747 dictae

425 1765 689 1809 Congregationis
714 1766 851 1806 fratres,
880 1765 935 1809 qui
968 1766 1006 1799 de
1038 1771 1164 1800 caetero

426 1819 686 1865 profitebuntur,
720 1819 804 1852 ultra
836 1819 897 1852 alia
922 1824 994 1853 vota
1021 1825 1165 1864 tempore

426 1873 567 1907 eiusdem
603 1872 809 1917 professionis
842 1872 1040 1913 emittenda,
1077 1873 1164 1907 aliud

426 1933 533 1960 votum
563 1926 658 1960 etiam
687 1927 856 1966 emittant,
885 1926 1030 1960 videlicet
1053 1936 1085 1960 se
1111 1926 1161 1960 di-

426 1986 511 2014 recte
529 1980 574 2013 vcl
594 1979 758 2021 indirecte,
778 1990 836 2023 per
854 1990 898 2021 se,
923 1985 977 2013 aut
996 1991 1054 2024 per
1071 1980 1160 2021 alios,

425 2034 509 2066 intra
534 2033 650 2067 dictam
673 2032 974 2076 Congregatioirem,
993 2033 1164 2077 praelatio-

424 2098 497 2120 nem
519 2087 658 2131 aliquam
678 2093 731 2120 aut
748 2087 901 2128 osticium,
924 2097 982 2131 per
1011 2087 1164 2121 constitu-

425 2141 545 2174 tionem
563 2140 731 2184 praetendi
753 2140 966 2185 prohibitum,
984 2151 1160 2185 numquam

424 2200 671 2239 praetensuros:
702 2199 731 2227 et
755 2194 877 2238 pariter
903 2200 990 2227 extra
1015 2194 1160 2228 eamdem

423 2248 734 2292 Congregationcm,
767 2259 872 2292 neque
903 2248 1022 2283 directe
1057 2259 1162 2293 neque

423 2303 599 2342 indirecte,
623 2313 680 2346 pcr
704 2313 754 2342 sc,
783 2307 837 2335 aut
861 2313 919 2346 per
939 2302 1035 2343 alios,
1064 2302 1161 2336 ullam

422 2355 653 2401 praelationem
677 2361 902 2399 praetensuros
917 2383 924 2396 ,
948 2356 995 2388 rel
1021 2355 1160 2389 oblatam

423 2415 657 2454 acceptaturos,
677 2409 736 2442 nisi
757 2414 928 2453 praecepto
947 2409 1024 2450 eius,
1042 2409 1096 2454 qui
1119 2409 1162 2442 eis

423 2463 610 2507 praecipere
630 2462 767 2507 poterit,
792 2462 1055 2505 adstringantur2
1081 2473 1159 2507 pro-

424 2517 495 2550 fessi
518 2523 641 2557 tamen‚
662 2517 686 2549 si
707 2516 885 2557 voluerint,
909 2516 994 2549 iuxta
1015 2517 1161 2550 eamdem

423 2571 559 2603 formam
579 2570 663 2604 idem
682 2576 790 2603 votum
813 2569 969 2604 emittant.

462 2642 470 2667 l
498 2640 615 2668 Similem
635 2641 699 2668 huic
723 2640 964 2677 praescriptionem
997 2640 1056 2668 vide
1083 2649 1164 2677 supra

422 2692 483 2719 pag.
558 2690 596 2720 (n.
617 2685 666 2720 τ.).

1007 274 1190 300 BULLARIUM
1210 273 1363 300 ROMANUM

1947 276 2129 305 An.c.1609
2175 285 2192 302 ἐ

1242 321 1302 364 §4-
1317 322 1529 356 Decernentes
1545 333 1640 368 super
1657 324 1842 360 huiusmodi
1858 332 1951 369 voto¹
1995 339 2130 365 Dispensatio
2175 310 2207 359 ,⁴

1198 374 1375 419 dispensari
1409 375 1540 409 minime
1573 387 1688 420 posse,
1720 388 1823 422 neque
1853 379 1931 412 illud
1947 367 2131 420 {Ji‘ssifl‘ti'eissr‘f'm
2168 370 2181 383 ὲ

1198 428 1411 469 commutari,
1435 438 1499 462 non
1524 439 1614 463 secus
1640 441 1675 463 ac
1701 436 1828 464 caetera
1851 432 1928 465 sub-

1197 481 1357 515 stantialia
1376 486 1448 515 vota
1469 482 1654 526 Religionis.
2158 527 2159 531 Ἰ
2192 524 2194 528 ¹

1243 537 1259 578 ἕ
1286 535 1315 568 ἴ),
1345 536 1412 570 Non
1439 536 1640 571 obstantibus
1664 537 1846 582 praemissis
1862 565 1869 579 ‚
1897 549 1934 572 ac
1970 550 2086 572 contrariis
2097 550 2132 572 ‹10-
2182 535 2203 586 ‘⁸-

1198 589 1360 633 quibusvis
1396 590 1678 624 constitutionibus
1703 596 1734 624 et
1757 591 1934 626 ordinatio·
1949 581 2042 603 ‘mm'

1198 642 1291 676 nibus
1311 643 1506 687 apostolicis,
1531 654 1567 677 ac
1587 644 1737 678 omnibus
1758 644 1830 686 illis,
1851 655 1934 689 quae

1197 696 1300 730 dictus
1334 696 1478 731 Clemens
1510 697 1737 741 praedecessor
1762 697 1794 730 in
1818 697 1933 732 litteris

1197 748 1260 782 suis
1284 749 1455 793 praedictis
1480 750 1580 784 voluit
1604 761 1669 784 non
1694 750 1832 784 obstare.
1947 791 1951 794 .
2195 785 2205 799 „

1242 803 1258 844 g
1284 801 1314 835 6.
1343 803 1496 836 Volumus
1517 808 1636 845 autem,
1659 809 1696 837 ut
1714 803 1932 848 praesentium
1989 814 2134 842 Trans-imptis
2174 812 2207 843 i:

1198 856 1416 900 transumptis,
1440 856 1535 890 etiam
1561 857 1740 901 impressis,
1761 868 1859 891 manu
1879 857 1935 892 ali·
1949 840 2080 863 ⁰⁶⁰⁵d³¹⁰''
2168 864 2172 867 ’
2189 865 2190 868 ’

1199 908 1290 942 cuius
1315 909 1431 942 notarii
1453 910 1574 954 publici
1595 910 1804 955 subscriptis,
1831 921 1868 945 ac
1892 911 1935 945 si-

1198 960 1275 1004 gillo
1299 972 1457 1006 personae
1482 963 1514 996 in
1540 963 1695 1006 dignitate
1721 964 1936 998 ecclesiastica

1199 1014 1391 1049 constitutae
1412 1016 1553 1058 munitis,
1573 1017 1683 1051 eadem
1705 1028 1836 1062 prorsus
1855 1017 1936 1052 fides

1199 1067 1392 1102 adhibeatur
1416 1069 1448 1102 in
1473 1069 1595 1104 iudicio
1615 1076 1646 1104 et
1666 1076 1764 1112 extra,
1789 1081 1870 1116 quae
1887 1071 1935 1116 ip-

1198 1120 1240 1154 sis
1265 1121 1487 1165 praesentibus
1511 1122 1695 1165 haberetur,
1718 1124 1743 1157 si
1763 1124 1868 1158 forent
1885 1134 1936 1158 ex-

1199 1173 1319 1208 hibitae
1339 1175 1387 1209 vel
1409 1181 1565 1210 ostensae.
1909 1219 1912 1223 ³

1242 1227 1355 1261 Datum
1382 1229 1502 1263 Romae
1522 1231 1607 1274 apud
1627 1236 1772 1265 sanctum
1793 1231 1933 1272 Petrum,

1199 1280 1258 1314 sub
1290 1282 1409 1315 annulo
1437 1282 1630 1324 piscatoris,
1662 1284 1714 1318 die
1739 1295 1758 1318 x
1783 1284 1935 1318 februarii

1199 1345 1295 1376 Mncx,
1318 1335 1525 1380 pontificatus
1545 1338 1645 1371 nostri
1667 1348 1751 1372 anno
1771 1349 1800 1372 v.

1234 1398 1294 1425 Dat.
1313 1398 1356 1426 die
1372 1399 1406 1426 10
1420 1399 1550 1426 februarii
1570 1399 1646 1435 1610,
1661 1400 1757 1436 pontif.
1776 1409 1820 1428 an.
1837 1408 1864 1429 v.

1522 1588 1608 1621 CLll.

1197 1710 1384 1745 Declamatio
1403 1712 1628 1745 reservationis
1643 1712 1869 1754 beneficiorum
1879 1724 1936 1757 per

1220 1765 1478 1809 assequutionem
1489 1766 1659 1809 pacificam
1672 1770 1908 1800 vmaturomm.

1977 1876 2058 1898 Causae
2073 1876 2135 1898 huin·
2172 1896 2173 1899 ,
2202 1860 2209 1889 Ϊῑ

1243 1874 1259 1915 ξ
1280 1872 1310 1906 l.
1338 1872 1561 1906 Sanctissimus
1586 1872 1617 1906 in
1641 1872 1764 1907 Christo
1788 1878 1881 1917 pater
1904 1879 1936 1908 et
1951 1904 2119 1926 Communem

1198 1927 1348 1961 dominus
1373 1933 1483 1960 noster
1514 1926 1665 1960 dominus
1689 1927 1805 1960 Paulus
1830 1927 1936 1962 divina

1197 1980 1398 2024 providentia
1431 1977 1516 2024 Papa
1541 1979 1566 2012 V
1594 1979 1672 2024 (qui
1698 1979 1729 2013 in
1761 1980 1934 2014 crastinum

1197 2034 1265 2068 eius
1290 2033 1519 2078 assumptionis
1539 2034 1579 2067 ad
1599 2033 1715 2067 summi
1737 2034 1936 2078 apostolatus

1196 2088 1320 2132 apicem
1343 2114 1350 2128 ‚
1389 2087 1529 2130 vestigiis
1565 2087 1665 2120 felicis
1703 2086 1937 2121 recordationis

1196 2138 1360 2175 Benedicti
1390 2141 1443 2174 Xll
1481 2145 1511 2173 et
1548 2140 1686 2174 aliorum
1716 2141 1935 2174 Romanorum

1197 2194 1387 2228 Pontificum
1414 2193 1699 2238 praedecessorum
1730 2192 1862 2228 suoru‘m
1891 2194 1938 2227 in-

1196 2248 1372 2289 haerendo,
1396 2247 1504 2281 onmia
1522 2252 1552 2280 et
1569 2246 1694 2290 singula
1710 2247 1867 2281 beneficia
1888 2258 1938 2281 ec-

1197 2301 1383 2342 clesiastica,
1410 2311 1469 2345 per
1488 2299 1655 2344 pacificam
1677 2300 1937 2345 assequutionem

1196 2364 1480 2399 quorumcumque
1497 2353 1635 2387 aliorum
1653 2364 1711 2398 per
1729 2353 1936 2388 Sanctitatem

1195 2419 1285 2442 suam
1303 2419 1359 2441 seu
1374 2407 1441 2441 eius
1458 2407 1649 2442 auctoritate
1667 2407 1935 2441 conserendorum

1196 2461 1428 2495 beneficiorum
1443 2460 1743 2502 ecclesiasticorum,
1755 2466 1786 2494 et
1801 2471 1837 2494 ex
1852 2466 1936 2503 tunc,

1196 2520 1357 2556 vacatura,
1371 2514 1565 2548 ordinationi
1583 2520 1613 2548 et
1630 2513 1831 2558 dispositioni
1849 2525 1936 2556 suae,

1197 2579 1268 2602 cum
1291 2569 1421 2602 decreto
1446 2568 1583 2602 irritanti
1601 2568 1743 2612 ‘desuper
1763 2568 1910 2612 apposito
1925 2595 1932 2609 ,

1197 2623 1279 2657 inter
1306 2622 1367 2656 alia
1395 2622 1484 2656 duxit
1513 2621 1727 2662 reservanda;
1760 2626 1791 2654 et
1818 2621 1870 2655 cui
1899 2632 1935 2655 ex

1197 2676 1261 2710 side
1286 2676 1459 2720 dignorum
1481 2674 1638 2709 relatione
1662 2674 1825 2717 innotuit,
1848 2675 1936 2720 quod

1448 2757 1462 2769 θ
