2227 3241
229 311 277 338 An.
298 309 324 338 C·
351 309 416 337 1607

464 300 527 334 456

426 357 580 392 Ordinum
603 356 767 398 regulares
788 354 1034 401 quomodolibet
1053 365 1162 388 exem-

426 417 507 455 ptos,
520 409 708 443 auctoritate
717 411 836 450 nostra,
842 409 1029 453 procedere,
1041 417 1165 442 necnon

427 474 538 498 causas
564 464 648 508 ipsas
665 473 701 496 ac
719 463 847 496 illarum
863 462 977 495 merita
994 472 1167 506 quaecum-

427 527 488 562 que
500 526 705 560 cognoscere,
718 516 846 560 fineque
860 515 968 549 debito
982 515 1167 556 terminare,

427 580 463 603 ac
488 569 646 614 quidquid
672 568 894 602 terminaveris
915 568 1027 612 exequi
1053 573 1083 602 et
1103 568 1163 601 ob·-

426 622 544 656 servari
575 623 701 663 facere,
736 622 885 666 ipsosque
914 626 1077 665 exemptos
1108 631 1167 665 pro

429 682 572 720 ternpore
598 675 823 719 delinquentes
850 674 936 708 iuxta
967 684 1114 708 excessus
1139 680 1169 707 et

428 728 543 763 delicta
562 728 690 773 punire,
712 728 886 771 corrigere,
907 738 943 760 ae
968 727 1097 761 omnem
1119 727 1167 760 iu-

428 781 647 815 risdictionem
666 781 696 814 in
709 791 764 815 eos
781 791 940 821 exercere,
955 780 1086 824 ipsaque
1101 789 1168 813 mo-

427 835 587 877 nasteria,
612 835 726 869 domos
754 840 785 868 et
810 834 960 877 religiosa
985 834 1075 874 loca,
1105 839 1168 867 tam

427 888 569 922 virorum
595 899 691 933 quam
718 888 909 929 mulierum,
937 886 1168 931 qualitercum-

428 953 490 987 que
516 942 701 986 qualificata
716 969 723 983 ,
750 941 846 975 totius
870 940 960 984 regni
986 940 1165 985 praedicti,

429 1006 608 1040 eorumque
627 995 769 1036 abbates,
797 995 1009 1039 praepositos,
1029 994 1166 1038 priores,

428 1049 615 1090 abbatissas,
632 1049 799 1094 priorissas
820 1054 851 1082 et
867 1047 1065 1092 praepositas
1089 1057 1165 1091 per-

429 1112 534 1143 sonas,
556 1102 664 1143 etiam,
687 1108 721 1135 ut
740 1102 934 1146 praefertur,
955 1105 1111 1145 exempta,
1133 1110 1170 1133 ac

429 1156 522 1189 nobis
542 1161 573 1189 et
593 1156 695 1190 dictae
715 1155 788 1189 Sedi
806 1155 961 1196 subiecta,
985 1165 1042 1199 per
1063 1159 1104 1195 te,
1122 1154 1169 1187 vel

430 1220 447 1242 a
469 1215 498 1243 te
518 1209 738 1254 deputandum
764 1220 820 1242 seu
846 1208 1049 1253 deputandos
1068 1207 1169 1241 refor-

430 1272 530 1303 mare,
553 1262 724 1305 corrigere,
745 1262 930 1302 emendare,
951 1260 1077 1305 punire,
1098 1270 1170 1294 nec-

430 1327 494 1350 non
521 1317 663 1358 abbates,
687 1322 718 1350 et
743 1315 929 1357 monachos,
954 1320 984 1348 et
1006 1314 1172 1358 religiosos

432 1377 602 1414 vagantes,
628 1376 661 1403 ut
688 1370 728 1404 ad
748 1381 805 1403 sua
829 1369 1022 1402 monasteria
1048 1375 1079 1402 et
1102 1369 1173 1402 loca

431 1425 617 1459 huiusmodi
637 1424 780 1466 redeant,
805 1435 840 1457 ac
854 1423 1000 1456 habitum
1020 1429 1050 1457 et
1064 1423 1173 1457 obser-

430 1480 569 1513 vantiam
583 1479 746 1522 regulares
764 1484 974 1519 reassumam,
991 1478 1168 1522 requirere,

431 1544 557 1568 necnon
575 1534 764 1568 eorumdem
785 1533 1055 1566 monasteriorum
1077 1532 1174 1565 abba-

432 1588 529 1629 tibus,
550 1587 712 1632 prioribus
731 1593 761 1621 et
786 1586 963 1628 monacliiS,
987 1597 1024 1620 ac
1045 1586 1174 1629 religio-

432 1641 486 1683 sis,
500 1652 539 1675 ne
552 1641 680 1674 illorum
699 1641 783 1674 bona
795 1640 946 1680 alienare,
963 1646 994 1673 et
1010 1639 1173 1684 quibusvis

431 1694 579 1740 personis
600 1694 694 1727 etiam
721 1693 809 1727 laicis
842 1703 1046 1737 quacumque
1068 1692 1172 1735 digni-

434 1754 497 1782 tate
515 1748 712 1790 fulgentibus
733 1758 772 1780 ne
797 1747 851 1780 illa
868 1756 1024 1790 usurpare
1042 1755 1173 1790 praesu·

434 1808 533 1844 mant,
555 1801 713 1842 inhibere,
735 1806 813 1834 etut
830 1810 865 1833 ea
886 1800 932 1833 sic
951 1805 1106 1844 usurpata
1117 1810 1174 1833 seu

434 1856 474 1889 ab
492 1855 537 1889 eis
557 1855 707 1896 alienata,
724 1854 887 1888 dimittant
907 1859 938 1887 et
955 1854 1098 1887 relaxent
1111 1853 1175 1887 sire

435 1910 603 1944 restituant
624 1937 630 1950 ,
664 1908 723 1942 sub
764 1906 1109 1941 excommunicationis
1147 1912 1177 1940 et

435 1963 505 1997 aliis
530 1962 696 1997 sententiis
722 1967 749 1995 et
778 1961 922 1995 censuris
954 1960 1176 1994 ecclesiasticis

435 2017 650 2061 compellere,
679 2026 715 2050 ac
740 2014 992 2049 contradictores
1017 2014 1178 2058 quoslibet

436 2075 466 2103 et
490 2070 637 2110 rebelles,
659 2069 902 2112 cuiuscumque,
932 2074 994 2101 tam
1021 2067 1174 2101 ecclesia-

436 2123 532 2157 sticae
558 2133 653 2167 quain
680 2121 863 2162 saecularis,
884 2120 1047 2164 dignitatis
1073 2126 1102 2153 et
1127 2130 1178 2153 ex-

438 2176 604 2210 cellentiae
623 2175 750 2215 suerint,
771 2185 828 2219 per
843 2175 969 2208 easdem
985 2176 1135 2207 censuras
1149 2179 1179 2207 et

437 2241 558 2275 poenas
575 2229 805 2263 ecclesiasticas
827 2239 863 2261 ae
887 2228 949 2261 alia
967 2227 1045 2261 iuris
1061 2238 1179 2272 oppor-

439 2290 514 2319 tuna
552 2283 716 2324 remedia,
751 2282 965 2327 appellatione
988 2281 1175 2326 postposita,

439 2348 656 2383 compescere,
680 2342 722 2377 et,
746 2336 769 2370 si
791 2346 872 2380 opus
891 2335 996 2375 suerit,
1025 2335 1177 2368 auxilium

438 2391 562 2425 brachii
583 2389 756 2425 saecularis
777 2389 935 2430 invocare,
956 2399 992 2421 ac
1017 2387 1125 2422 omnia
1150 2394 1181 2422 et

440 2446 565 2489 singula
577 2445 637 2478 alia
648 2443 809 2478 salubrem
826 2442 953 2475 illorum
968 2441 1179 2475 directionem

441 2497 678 2538 concernentia,
702 2507 782 2542 quae
808 2495 847 2529 de
872 2495 941 2528 iure
966 2496 1013 2528 vel
1040 2505 1177 2528 consue-

442 2553 553 2587 tudine
571 2553 610 2586 ad
632 2551 774 2586 osticium
796 2549 967 2584 visitatoris
987 2554 1131 2593 spectant
1151 2554 1182 2582 et

442 2607 615 2651 pertinent,
630 2611 660 2639 et
673 2615 756 2649 quae
774 2604 859 2638 circa
872 2613 908 2637 ea
925 2602 1105 2636 necessaria
1117 2603 1182 2635 sue·
1196 2633 1199 2650 ,y

1001 305 1185 332 mJLLARwM
1209 305 1361 333 ROMANUM

1199 354 1285 388 licite
1302 354 1407 388 valeas
1421 353 1476 399 [ita
1496 353 1582 398 quod
1604 353 1665 396 (iis,
1677 363 1759 398 quae
1780 361 1938 388 monaste-

1201 408 1336 449 riorum,
1354 408 1523 441 domorum
1542 418 1579 440 ac
1594 407 1740 440 locorum
1754 406 1938 441 huiusmodi

1202 461 1380 495 decentiam
1414 461 1569 494 offuscant
1586 488 1593 501 ,
1629 460 1756 504 penitus
1788 461 1938 496 remotisl

1201 515 1357 547 salutares
1382 514 1514 555 fructuS,
1534 519 1589 547 aut
1611 514 1809 557 exemplares
1834 523 1940 547 mores

1202 568 1387 612 plantentur
1407 568 1439 600 in
1460 567 1593 608 eisdem,
1613 578 1650 600 ac
1670 567 1837 611 utriusque
1849 578 1940 600 sexus

1204 621 1366 664 regulares
1387 621 1425 654 ad
1440 621 1622 664 regularem
1637 620 1871 653 observantiam
1891 631 1941 653 re-

1203 674 1370 715 ducantur,
1401 684 1437 706 ae
1465 673 1590 707 divinus
1621 673 1725 706 cultus
1745 672 1865 716 ubique
1894 683 1942 706 re-

1202 732 1373 768 stauretur,
1403 733 1431 761 et
1457 730 1652 760 restauratus
1675 731 1834 770 perpetuo
1859 735 1938 758 con-

1203 780 1358 825 servetur]
1377 779 1567 813 auctoritate
1581 784 1611 812 et
1627 786 1736 812 tenore
1756 777 1939 823 praedictis,

1204 833 1343 878 plenam,
1359 833 1492 867 liberam
1508 838 1538 866 et
1549 832 1768 866 emnimodam
1779 831 1940 864 licentiam

1203 893 1233 920 et
1251 887 1434 920 facultatem
1454 886 1672 920 concedimus.

1248 942 1264 983 ξ
1282 940 1312 974 4.
1335 941 1548 974 Deeernentes
1568 938 1696 984 quoad'
1716 948 1827 973 causas
1847 949 1940 983 prae-

1203 994 1303 1028 dictas
1321 1005 1338 1027 a
1356 994 1416 1027 tuis
1433 993 1703 1034 ordinationibus,
1720 992 1942 1027 interlocutio-

1204 1047 1309 1088 nibus,
1334 1046 1480 1088 decretis,
1497 1052 1569 1080 ante
1583 1046 1778 1080 definitivam
1806 1046 1852 1079 vel
1877 1045 1939 1078 vim

1205 1100 1386 1133 definitivae
1412 1100 1583 1133 habentem
1610 1098 1812 1140 sententiam,
1836 1104 1866 1132 et
1887 1098 1941 1132 ubi

1205 1158 1318 1195 agetur
1331 1153 1370 1186 de
1384 1163 1510 1186 morum
1533 1152 1744 1193 correctione,
1761 1151 1944 1184 nullatenus

1206 1205 1301 1239 etiam
1323 1206 1361 1239 ad
1384 1215 1440 1239 nos
1461 1211 1491 1239 et
1512 1205 1629 1239 dietam
1647 1205 1760 1239 Sedem
1783 1203 1944 1248 Apostoli-

1206 1269 1275 1293 cam
1301 1269 1395 1303 posse
1423 1259 1578 1304 appellari
1600 1265 1628 1292 et
1657 1257 1868 1291 nihilominus
1888 1267 1946 1301 per

1207 1312 1438 1358 appellationes
1467 1322 1688 1357 quaseumque
1717 1317 1827 1345 contra
1847 1321 1943 1356 prae·

1207 1367 1345 1401 sentium
1370 1373 1512 1400 tenorem
1536 1366 1779 1411 quomodolibet
1803 1365 1946 1409 interpo—

1207 1421 1293 1463 sitas,
1317 1432 1428 1455 causas
1456 1421 1576 1455 nemini
1603 1420 1747 1461 devolvi,
1778 1425 1832 1453 aut
1852 1419 1946 1454 etiam

1208 1486 1265 1520 per
1285 1475 1411 1519 quasvis
1432 1474 1651 1516 inhibitiones,
1675 1473 1769 1508 etiam
1785 1484 1857 1506 cum
1876 1473 1947 1519 qui-

1208 1529 1410 1573 buscumque
1430 1528 1572 1562 censuris
1593 1534 1620 1561 et
1643 1527 1765 1572 poenis,
1789 1527 1834 1560 cis
1848 1538 1865 1560 a
1878 1527 1948 1572 qui-

1208 1582 1315 1616 busvis
1340 1582 1498 1616 iudicibus
1528 1581 1699 1615 ordinariis
1721 1580 1767 1613 rel
1795 1580 1948 1623 delegatis

1209 1636 1314 1668 forsan
1336 1634 1509 1674 faciendas,
1534 1634 1660 1667 illarum
1682 1632 1868 1667 ulteriorem
1884 1638 1943 1666 'co-

1208 1689 1385 1731 gnitionem
1414 1694 1442 1721 et
1476 1687 1723 1731 expeditionem,
1747 1697 1794 1728 ac,
1825 1687 1879 1720 ubi
1909 1687 1948 1721 (le

1210 1753 1335 1776 morum
1366 1742 1550 1785 cognitione
1575 1747 1697 1784 agetur,
1719 1741 1814 1775 etiam
1839 1741 1946 1784 legiti-

1210 1807 1294 1830 mam
1331 1796 1578 1840 exequutionem
1611 1795 1743 1828 minime
1775 1794 1946 1839 impediri,

1210 1856 1263 1884 aut
1284 1850 1427 1884 censuris
1452 1856 1480 1883 et
1508 1849 1620 1894 poenis
1646 1848 1831 1882 huiusmodi
1856 1848 1948 1892 ligari

1211 1911 1241 1939 et
1261 1904 1378 1938 irretiri
1400 1903 1543 1937 censeri:

1256 1961 1271 2001 ξ
1290 1958 1319 1992 5.
1340 1958 1455 2002 Sicque
1475 1968 1532 2002 per
1547 1967 1767 2001 quoscumque
1786 1955 1906 1990 iudices
1919 1961 1951 1990 et

1212 2012 1450 2046 commissarios
1475 2011 1585 2055 quavis
1605 2006 1801 2044 auctoritate
1816 2010 1950 2052 fungen-

1213 2072 1280 2106 tes,
1307 2065 1400 2099 etiam
1434 2074 1602 2097 causarum
1633 2062 1745 2096 Palatii
1776 2061 1951 2106 Apostolici

1212 2118 1388 2159 auditores,
1405 2129 1441 2151 ac
1457 2118 1487 2151 S.
1504 2118 1540 2151 R.
1559 2118 1590 2150 E.
1613 2116 1792 2157 cardinales
1813 2115 1951 2159 (sublata

1213 2172 1258 2205 eis
1283 2178 1313 2205 et
1334 2181 1446 2205 corum
1469 2170 1600 2204 cuilibet
1621 2169 1731 2214 quavis
1751 2168 1844 2202 aliter
1863 2168 1949 2202 iudi-

1213 2225 1307 2259 candi
1323 2230 1352 2259 et
1374 2223 1605 2269 interpretandi
1626 2222 1774 2256 facultate
1795 2227 1825 2255 et
1844 2226 1953 2256 aucto-

1214 2279 1320 2322 ritate)
1340 2278 1461 2323 ubique
1482 2276 1617 2310 iudicari
1633 2281 1665 2309 et
1681 2275 1807 2309 definiri
1826 2275 1954 2317 debere,

1214 2343 1337 2366 necnon
1364 2331 1489 2365 irritum
1511 2336 1542 2364 ct
1562 2330 1656 2363 inane
1680 2328 1837 2373 quidquid
1862 2338 1952 2362 secus

1213 2397 1310 2431 super
1330 2386 1379 2419 his
1396 2395 1413 2418 a
1427 2394 1603 2429 quoquam,
1620 2382 1729 2427 quavis
1749 2381 1949 2423 auctoritate,

1214 2440 1351 2474 scienter
1386 2439 1432 2472 vel
1466 2438 1672 2481 ignoranter,
1704 2435 1871 2478 contigerit
1900 2441 1949 2468 at·

1216 2493 1340 2528 tentari.

1260 2547 1275 2591 ξ
1292 2545 1321 2580 6.
1338 2547 1407 2580 Non
1422 2545 1623 2579 obstantibus
1637 2543 1735 2578 t'elicis
1753 2542 1951 2577 recordatio-

1955 1087 1995 1106 ΓΜ.

1991 1962 2111 1984 clausulae.

1967 2575 2086 2596 uariorum.

1253 2629 1262 2654 1
1287 2627 1357 2653 Edit.
1382 2625 1460 2652 Main.
1483 2625 1549 2659 legit
1567 2624 1662 2659 ([ιιιὶτὶ,ι
1682 2627 1710 2650 at
1728 2623 1841 2650 indubie
1860 2623 1953 2657 legen·

443 2660 509 2693 sim
524 2670 581 2693 seu
602 2657 847 2703 qllomOdOIH’et
859 2661 1052 2701 opportuna,
1066 2656 1182 2696 sacel'ss›
1215 2672 1282 2698 dum
1297 2679 1358 2698 esse
1373 2670 1468 2705 quoad
1487 2678 1516 2696 ex
1537 2671 1679 2696 contextus
1708 2666 1812 2695 ratione
1835 2667 1952 2701 quisque

445 2713 606 2754 ordinare,
627 2711 821 2746 constituere
847 2716 876 2744 et
901 2709 1013 2754 exequi
1034 2709 1136 2744 libere
1152 2713 1184 2743 et
1216 2715 1313 2744 sentiet
1327 2715 1427 2750 (mn).

1980 2547 2094 2574 nerogatio
2102 2551 2151 2568 oon·
2175 2543 2183 2563 ’τ

1950 304 2000 332 An.
2017 303 2044 331 c.
2065 301 2132 332 1507

1966 952 1996 973 Ab
2005 952 2051 973 eius
2058 953 2142 973 senten·

1955 978 1990 999 tiis
2005 978 2027 999 in
2037 978 2078 1004 his,
2086 983 2142 1008 quae
2180 984 2185 985 ⁷

1954 1010 2024 1026 mores
2075 1010 2143 1032 respi—
2186 1004 2188 1010 '
2217 1011 2220 1014 ·

1955 1032 2021 1056 ciunt,
2039 1031 2142 1058 appellari
2184 1039 2185 1042 ¹

1956 1064 1997 1079 non
2003 1063 2065 1084 posse
2074 1057 2144 1080 decla·
2184 1064 2193 1078 .·

2173 2588 2202 2606 ’δῖ

2179 2688 2227 2874 *sl

2221 2845 2227 3019 l
