2227 3241
198 254 236 280 An
263 253 292 281 e.
315 253 384 283 1609
431 243 494 279 569Ι

232 1221 323 1247 [inrogat
345 1221 382 1242 ob-

195 1248 306 1269 stantibusv

239 1649 383 1674 'transumptis

198 1676 256 1696 credi
272 1676 336 1696 iubet.

396 308 523 335 tenores
547 299 770 345 praesentibus
795 309 854 343 pro
886 298 1041 343 expressis
1073 299 1132 332 ha—

395 354 528 393 bentes,
552 352 737 386 huiusmodi
769 351 1059 396 supplicationibus
1088 352 1135 385 in-

971 252 1153 277 BULLARIUM
1177 252 1330 280 ROMANUM

1465 271 1598 335 CXXXI.

395 406 514 447 clinati,
540 405 660 439 dictum
686 405 957 449 quinquennium,
982 405 1079 449 quod,
1104 411 1137 440 ut
1171 406 1359 440 Commissio
1380 406 1516 450 officiali
1540 406 1690 441 Remensi
1713 409 1858 453 eriyendi
1874 411 1911 444 in

395 459 468 493 dicti
496 458 720 492 universitates
745 463 775 491 et
799 457 948 491 homines
973 464 1133 500 asserunt,

395 513 499 546 adhuc
514 512 619 554 durat,
636 512 675 546 ad
688 511 775 545 aliud
789 512 1058 556 quinquennium,
1073 522 1137 556 quo

394 566 542 607 durante,
562 577 648 600 nunc
662 570 693 600 et
712 577 772 610 pro
788 571 932 610 tempore
951 566 1088 600 existens
1105 566 1135 599 in

394 619 455 652 illis
468 619 614 664 partibus
633 619 770 653 nuncius
792 629 903 653 causas
917 629 1138 663 quascumque

396 673 427 705 in
452 672 593 706 secunda
619 672 782 713 instantia,
807 672 926 714 civiles,
955 672 1138 706 criminales

396 731 426 760 et
446 726 561 760 mixtas
576 753 583 767 ,
612 736 649 759 ac
674 725 768 760 etiam
794 725 1001 760 beneficiales
1022 731 1051 759 et
1072 736 1137 760 ma-

397 778 608 820 trimoniales,
626 784 656 813 et
680 779 759 813 alias
779 789 1013 823 quascumque,
1033 779 1138 812 cuius-

396 843 536 878 cumque
561 833 726 878 qualitatis
751 833 932 875 existentes,
961 834 999 869 ad
1026 844 1139 877 quam-

396 896 535 930 cumque
548 897 618 920 sum
625 897 709 920 mam
722 886 941 928 ascendentes,
953 886 1038 920 iuxta
1051 896 1140 930 prae-

396 939 555 973 dictarum
587 930 767 973 litterarum
801 944 945 973 tenorem
962 967 970 979 ,
1002 938 1114 972 audire
1128 966 1136 980 ,

396 1003 603 1036 cognoscere,
628 992 778 1026 decidere
800 999 828 1026 et
852 992 915 1026 fine
940 992 1048 1026 debito
1071 998 1136 1025 ter-

397 1047 532 1088 minare,
550 1058 586 1080 ac
603 1046 810 1090 exequutioni
830 1047 1026 1080 demandare
1039 1046 1140 1090 possit

397 1106 426 1134 et
448 1101 573 1143 debeat,
599 1099 789 1133 auctoritate
818 1099 1004 1143 apostolic-21,
1030 1105 1140 1133 tenore

398 1145 639 1199 praesentium,
662 1153 868 1191 extendimus
883 1158 913 1186 et
933 1152 1136 1196 ampliamus.

443 1209 460 1250 ἕ
478 1207 508 1241 4.
525 1207 595 1241 Non
609 1207 812 1241 obstantibus
829 1206 993 1250 quibusvis
1013 1211 1139 1249 aposto-

399 1261 480 1302 licis,
496 1271 534 1295 ac
552 1261 585 1293 in
602 1260 854 1305 provincialibus
879 1265 908 1293 et
934 1259 1141 1304 synodalibus

399 1315 544 1349 conciliis
565 1314 658 1348 editis
676 1319 706 1347 et
723 1313 866 1353 edendis,
887 1313 1080 1357 specialibus
1093 1314 1141 1347 vel

398 1368 615 1412 generalibus,
626 1366 911 1401 constitutionibus
926 1372 955 1400 et
969 1366 1142 1400 ordinatio-

398 1422 504 1463 nibus,
524 1431 650 1455 necnon
672 1421 824 1454 omnibus
837 1420 912 1460 illis,
928 1431 1011 1464 quae
1024 1421 1098 1454 Pius
1112 1427 1142 1455 et

397 1477 552 1518 Clemens,
566 1475 832 1520 praedecessores
845 1474 1014 1518 praedicti,
1028 1474 1059 1507 in
1077 1476 1142 1509 suIs

398 1530 534 1575 quisque
562 1529 675 1563 litteris
703 1529 874 1562 voluerunt
898 1538 963 1562 non
989 1528 1137 1571 obstare,

399 1583 598 1628 caeterisque
624 1582 795 1617 contrariis
820 1581 1088 1626 quibuscumque.

444 1637 502 1680 gf).
524 1637 703 1678 Caeterum,
720 1636 795 1681 quia
809 1635 939 1669 difficile
954 1636 1033 1669 soret
1050 1646 1141 1680 prae-

398 1697 504 1725 sentes
524 1691 646 1724 litteras
664 1691 703 1724 ad
724 1690 849 1733 singula
870 1689 950 1730 loca,
975 1690 1005 1722 in
1024 1690 1141 1734 quibus

399 1745 437 1778 de
453 1745 496 1779 eis
514 1745 620 1778 forsan
632 1744 711 1777 fides
726 1743 872 1777 facienda
888 1742 994 1783 fuerit,
1011 1744 1137 1784 deferri,

398 1798 495 1832 etiam
514 1798 663 1831 volumus
684 1802 714 1831 et
740 1797 851 1830 eadem
878 1796 1069 1830 auctoritate
1087 1797 1141 1829 de-

398 1851 571 1893 cernimus,
585 1851 671 1895 quod
683 1861 794 1883 earum
806 1849 1029 1893 transumptis,
1044 1849 1140 1883 etiam

398 1904 572 1948 impressis,
597 1914 695 1936 manu
719 1903 855 1937 alicuius
879 1902 996 1936 notarii
1020 1902 1140 1946 publici

397 1957 597 2002 subscriptis,
618 1963 648 1990 et
669 1957 774 2000 sigillo
796 1956 932 1990 alicuius
957 1956 1067 1989 curiae
1091 1966 1140 1989 ec-

398 2012 594 2046 clesiasticae
612 2011 659 2044 vel
681 2021 838 2055 personae
860 2010 890 2043 in
912 2009 1066 2053 dignitate
1091 2020 1141 2043 ec-

399 2065 575 2099 clesiastica
604 2064 797 2098 constitutae
833 2063 964 2096 munitis
982 2090 989 2104 ,
1028 2062 1138 2096 eadem

398 2130 529 2164 prorsus
546 2118 626 2152 fides
644 2118 674 2151 in
694 2117 813 2151 iudicio
834 2123 865 2150 et
881 2122 968 2150 extra
986 2116 1140 2150 adhibea-

398 2179 460 2213 tur,
474 2183 556 2216 quae
577 2172 653 2216 ipsis
674 2171 898 2215 praesentibus
918 2170 1136 2211 adhiberetur,

397 2226 422 2259 si
455 2227 560 2259 forent.
577 2225 737 2259 exhibitae
755 2225 801 2257 vel
824 2229 980 2257 ostensae.

442 2281 555 2313 Datum
581 2280 702 2312 Romae
728 2279 814 2322 apud
840 2278 869 2311 S.
899 2279 1053 2318 Petrum,
1080 2277 1138 2310 suh

398 2334 517 2367 annulo
540 2332 720 2373 piscatoris,
738 2331 788 2365 die
803 2341 854 2364 xix
871 2331 1005 2364 ianuarii
1027 2340 1135 2371 meix,

397 2386 603 2430 pontificatus
625 2385 724 2419 nostri
742 2395 827 2418 anno
849 2395 890 2418 iv.

432 2458 493 2484 Dat.
510 2457 553 2484 die
570 2457 601 2484 19
617 2455 732 2484 ianuarii
747 2455 827 2490 1609,
844 2455 941 2490 pontif.
962 2463 1006 2482 an.
1024 2461 1058 2482 iv.

1214 460 1421 504 colleyz'alam
1447 461 1609 494 ecclesiam
1633 461 1671 494 de
1692 462 1856 496 Charville
1881 474 1911 497 e—

1216 513 1340 547 iusdem
1350 514 1516 548 Remensz's
1530 513 1691 556 dioecesis,
1699 514 1790 559 eique
1801 515 1913 549 unien-

1214 567 1249 600 cti
1268 566 1515 611 quatuordecim
1532 567 1743 602 canonicatus
1763 568 1912 602 ecclesiae

1215 620 1408 664 colleqicclae
1421 620 1459 654 cle
1478 620 1602 654 Rosoz‘r.
1791 630 1796 635 ·

1391 735 1503 763 Paulus
1523 734 1686 770 Episcopus

1359 795 1465 817 servus
1481 795 1636 816 servorum
1650 788 1702 817 Dei
1712 811 1720 824 ,

1286 895 1400 923 nuecto
1420 895 1482 923 filio
1502 887 1623 923 officiali
1643 895 1796 930 nemausi,

1209 949 1340 976 salutem
1360 952 1391 977 et.
1412 949 1607 984 apostolicam
1625 949 1874 978 benedictionem.

1218 1046 1253 1078 In
1274 1055 1433 1090 supernae
1453 1046 1648 1091 apostolicae
1666 1047 1830 1090 dignitatis
1843 1058 1914 1093 spe·
1954 1064 2087 1091 mmmmm,

1174 1099 1256 1140 cula,
1271 1099 1394 1133 meritis
1413 1099 1487 1133 licet
1508 1099 1787 1143 insufficientibus,
1808 1101 1915 1135 divina

1174 1152 1383 1197 dispositione
1421 1154 1602 1195 constituti,
1637 1154 1683 1188 ad·
1707 1154 1914 1189 ecclesiarum

1175 1206 1393 1250 quarumlibet
1412 1207 1606 1241 erectionem
1622 1213 1653 1241 et
1667 1207 1912 1251 institutionem,

1175 1259 1370 1303 illarumque
1383 1259 1480 1293 decus
1494 1264 1525 1293 et
1537 1254 1733 1294 venustatem
1748 1271 1785 1295 ac
1797 1266 1915 1295 statum

1175 1313 1358 1356 augendum
1394 1318 1423 1346 et
1460 1313 1596 1347 feliciter
1621 1313 1825 1358 dirigendum
1851 1326 1913 1351 no-

1175 1373 1260 1402 strae
1277 1367 1503 1402 sollicitudinis
1525 1368 1624 1402 aciem
1651 1368 1789 1412 dirigere
1813 1369 1916 1404 inten-

1176 1422 1297 1463 dentes,
1315 1432 1351 1455 ea
1369 1421 1440 1455 fieri
1461 1422 1664 1464 mandamus,
1679 1434 1737 1467 per
1753 1433 1835 1467 quae
1854 1423 1916 1458 illis

1175 1485 1212 1508 ac
1231 1475 1263 1508 in
1282 1474 1325 1509 eis
1343 1474 1457 1508 divinis
1476 1474 1591 1509 officiis
1605 1475 1825 1510 insistentibus
1843 1487 1916 1521 per-

1175 1528 1262 1562 sonis
1281 1529 1386 1562 honor
1403 1534 1574 1570 accrescat,
1590 1529 1715 1563 divinus
1733 1530 1838 1565 cultus
1858 1531 1916 1565 tlo-

1175 1588 1253 1624 reat,
1270 1582 1469 1616 etexcitetur
1496 1582 1645 1623 devotio,
1669 1583 1916 1628 animarumque

1175 1636 1355 1669 desiderata
1368 1636 1453 1669 salus
1462 1635 1640 1679 proveniat:
1657 1636 1829 1680 praecipue
1842 1647 1915 1670 cum

1175 1689 1333 1722 nobilium
1366 1689 1509 1722 virorum
1535 1695 1607 1722 vota
1632 1688 1694 1722 hoc
1718 1695 1913 1733 exposcunt,

1175 1753 1298 1787 nosque
1318 1742 1396 1775 alias
1423 1742 1455 1775 id
1482 1742 1698 1787 conspicimus
1723 1743 1755 1777 in
1779 1743 1916 1778 Domino

1175 1795 1348 1830 salubriter
1369 1795 1530 1839 expedire.

1220 1852 1236 1891 ξ
1263 1850 1291 1882 1.
1324 1849 1472 1882 EXhlblia
1500 1848 1658 1893 Siquidssm
1688 1850 1782 1884 n0biS
1813 1861 1916 1896 nuper
1970 1867 2053 1892 Causae
2072 1867 2115 1890 eri-

1930 1894 2114 1918 aendiecctesiarn
2140 1915 2144 1917 ,

1929 1920 1955 1941 de
1970 1920 2074 1942 chau-vitto
2093 1921 2115 1942 in
2138 1939 2139 1942 ,

1930 1948 2072 1974 collegiatam.

1176 1912 1235 1946 pro
1255 1907 1346 1946 parte
1367 1902 1472 1936 devoti
1493 1901 1551 1935 filii
1565 1902 1669 1937 Caroli
1682 1903 1830 1947 Gonzaga
1846 1904 1915 1939 Cle-

1176 1955 1235 1996 vei,
1263 1955 1353 1989 ducis
1384 1955 1626 1989 Nivernensium
1648 1961 1679 1990 et
1695 1956 1912 1999 Reteleorum,

1175 2008 1286 2053 petiti0
1325 2008 1531 2050 continebat,
1565 2009 1652 2053 quod
1683 2009 1750 2054 ipse
1785 2010 1917 2045 Carolus

1176 2062 1238 2096 dux
1259 2062 1415 2106 (provide
1436 2061 1644 2096 considerans
1658 2090 1666 2104 ,
1694 2063 1851 2108 oppidum
1877 2065 1918 2099 de

1175 2114 1334 2149 Charville
1358 2115 1525 2149 Remensis
1550 2115 1717 2157 dioecesis,
1745 2116 1917 2151 euius2do-

1175 2169 1281 2202 minus
1298 2169 1328 2201 in
1356 2168 1587 2213 temporalibus
1605 2169 1718 2210 existit,
1742 2180 1806 2203 non
1820 2171 1917 2214 longe

1174 2233 1191 2256 a
1212 2223 1326 2267 Stenay
1340 2222 1477 2266 aliisque
1497 2222 1625 2267 oppidis
1639 2228 1669 2256 et
1686 2222 1765 2257 locis
1783 2223 1916 2258 circum-

1174 2277 1296 2317 vicinis,
1319 2277 1350 2310 in
1371 2277 1488 2320 quibus
1513 2277 1638 2310 nullum
1660 2277 1859 2312 orthodoxae
1884 2284 1915 2312 et

1173 2330 1350 2364 catholicae
1372 2329 1537 2373 religionis
1556 2330 1742 2363 exercitium
1761 2330 1911 2371 habetur,

1173 2383 1318 2428 quinimo
1347 2383 1379 2416 in
1408 2383 1453 2416 eis
1484 2382 1666 2417 haereticae
1685 2383 1850 2427 pravitatis
1869 2383 1914 2418 vi-

1172 2448 1225 2471 rus
1239 2437 1413 2470 admodum
1432 2441 1604 2479 grassatur,
1625 2436 1755 2478 distare,
1771 2436 1914 2482 dictique

1172 2489 1282 2533 oppidi
1308 2489 1347 2522 de
1371 2489 1529 2523 Charville
1553 2489 1686 2530 incolas,
1709 2489 1751 2522 ob
1775 2489 1914 2523 haereti—

1173 2552 1284 2575 eorum
1306 2541 1339 2574 in
1360 2541 1430 2574 aliis
1447 2540 1574 2585 oppidis
1591 2546 1622 2574 et
1642 2540 1720 2575 locis
1739 2541 1915 2585 praedictis

1172 2594 1376 2629 existentium
1397 2594 1605 2636 vicinitatem,
1627 2594 1666 2628 de
1682 2593 1768 2627 facili
1785 2594 1817 2627 in
1837 2605 1912 2639 per-

1173 2649 1256 2684 fidae
1279 2649 1421 2685 haeresis
1445 2649 1549 2684 labem
1576 2649 1719 2684 incidere
1743 2659 1847 2695 posse,
1876 2659 1913 2684 ac

1915 256 2104 287 An.c.1609
2157 229 2164 246 .¹
2199 230 2201 236 ¹
