2227 3241
47 236 49 238 Ι
73 260 125 288 An,
142 259 170 286 C.
191 259 258 286 1609

912 260 1027 283 rautt's
1054 261 1072 283 Υ
1099 261 1143 282 ΡΡ.

270 308 435 342 Pontificis
466 308 567 351 gratia
588 314 833 352 processerunt,
857 308 929 341 licet
945 309 1011 341 eius

271 361 517 406 superveniente
543 361 632 395 obitu
662 362 786 395 litterae
820 361 1014 405 apostolicae

272 415 410 460 desuper
442 416 606 449 consectae
637 425 701 449 non
739 415 880 455 suerint,
920 425 1012 448 suum

272 470 415 503 debitum
441 470 618 504 sortiantur
642 470 801 503 effectum.
826 469 951 502 Dudum
974 469 1015 502 si-

272 523 402 567 quidem
428 534 486 567 per
509 523 610 557 felicis
634 522 869 565 recordationis
891 522 1013 556 Sixtum

271 577 389 621 Papam
416 576 441 610 V
469 577 749 621 praedecessorem
784 581 930 609 nostrum
958 587 1015 609 ac—

272 636 386 674 cepto,
415 630 548 664 dilectos
573 629 656 664 filios
681 635 855 671 senatores,
883 640 939 663 seu
960 640 1016 672 gu-

271 684 473 727 bernatores,
505 695 541 718 ac
567 684 832 718 communitatem
860 712 866 725 ‚
897 690 928 717 et
952 684 1013 717 bo-

273 738 374 771 mines
418 737 552 771 civitatis
596 737 779 771 Bisuntinae
811 747 870 781 pro
913 737 1016 770 dictae

272 792 407 826 civitatis
425 792 541 826 decore
556 819 564 833 ‚
589 797 621 826 et
645 792 713 826 eius
733 792 844 836 populi
871 802 1016 825 eommo-

273 846 393 887 ditate,
425 857 462 880 ae
486 846 646 880 bonarum
673 845 792 879 artium
818 845 960 879 scientiis
985 845 1015 878 in

273 903 309 933 ea
345 899 524 934 nutriendis
557 905 585 933 et
617 899 836 944 propagandis
868 909 1014 932 summo-

272 964 349 996 pere
374 963 492 998 cupere
520 953 550 986 in
577 953 661 986 dicta
683 952 808 986 civitate
831 963 929 985 unum
953 953 1018 985 col-

273 1007 392 1050 legium
427 1007 530 1050 erigi,
567 1007 597 1039 in
629 1017 694 1051 quo
729 1013 792 1039 tam
831 1006 1013 1049 theologia,

272 1071 367 1104 quam
406 1061 454 1094 ius
490 1060 581 1095 civile
621 1067 651 1094 et
691 1060 921 1105 pontificium,
959 1071 1016 1094 nec

272 1125 336 1148 non
367 1115 572 1159 philosophia
604 1120 634 1147 et
665 1115 823 1147 medicina
857 1115 1014 1148 doceren-

275 1175 346 1208 tur,
369 1169 451 1201 idem
486 1169 735 1213 praedecessor,
772 1179 835 1202 non
867 1168 1015 1201 informa-

274 1228 322 1256 tus
356 1223 443 1266 quod
475 1223 583 1266 aliqua
616 1223 678 1255 alia
710 1222 810 1255 vicina
837 1223 1015 1255 studiorum

273 1276 458 1310 huiusmodi
479 1276 673 1309 universitas
695 1276 837 1309 instituta
856 1276 1013 1313 existeret.

273 1341 308 1364 ae
334 1332 470 1375 proinde
496 1332 599 1364 solum
623 1331 850 1369 commodum,
872 1331 958 1374 quod
981 1341 1015 1363 ex

273 1385 386 1418 studiis
405 1386 573 1429 provenire
591 1385 682 1425 solet,
705 1391 778 1418 tune
796 1385 1013 1421 considerans,

276 1439 464 1472 eorumdem
486 1445 760 1478 conservatorum,
784 1430 1016 1480 seu‘gul‘lerna-

275 1500 403 1533 torum,
432 1504 467 1526 ae
493 1493 734 1526 communitatis
756 1520 761 1530 ,
791 1499 821 1525 et
846 1492 1013 1525 bominum

274 1546 563 1590 supplicationibus
589 1546 781 1583 inclinatus„
812 1546 894 1585 illis,
924 1552 956 1578 ut
984 1546 1013 1578 in

274 1599 357 1632 dieta
383 1599 523 1640 civitate,
545 1605 573 1632 et
596 1600 666 1633 loco
688 1599 725 1632 ad
746 1599 775 1632 id
794 1598 1014 1638 convenienti,

274 1653 443 1697 collegium
470 1653 665 1686 scholarium
693 1663 764 1686 eum
792 1653 942 1692 eeclesia,
968 1652 1013 1685 vel

274 1706 436 1751 cappella,
460 1716 517 1740 nec
535 1716 598 1739 non
621 1706 750 1739 suturis¹
770 1706 942 1743 aedificiis,
964 1716 1015 1739 ca-

274 1760 381 1801 meris,
403 1761 492 1801 locis,
517 1767 544 1793 et
568 1760 641 1794 dote
667 1760 760 1793 simili
787 1760 922 1802 collegio
944 1770 1016 1792 eon-

274 1814 474 1847 venientibus
492 1820 521 1847 et
539 1814 737 1854 necessariis,
756 1814 786 1846 in
808 1824 871 1857 quo
893 1814 1015 1858 aliquot

274 1867 408 1900 civitatis
421 1866 617 1909 Bisuntinae,
632 1878 686 1900 seu
704 1867 832 1900 aliunde
851 1867 1014 1909 evocandi,

274 1921 381 1955 idonei
408 1927 437 1955 et
463 1921 586 1954 honesti
609 1927 854 1966 praeceptores,
876 1932 929 1954 seu
957 1922 1014 1954 ‹lo-

275 1980 389 2014 etot-os,
407 1976 460 2019 qui
488 1975 564 2008 inibi
587 1975 715 2020 publice
738 1975 945 2017 theologiam,
968 1976 1015 2008 ius

276 2035 337 2062 tam
365 2029 455 2063 civile
481 2040 577 2073 quam
612 2029 834 2072 pontificium,
866 2029 1012 2073 pbiloso-

274 2083 382 2126 phiam
421 2089 448 2116 et
487 2083 680 2116 medicinam
718 2082 949 2126 profiterentur
985 2089 1013 2116 et

274 2137 450 2177 docerent,
472 2137 595 2179 erigere
621 2143 650 2170 et
677 2137 843 2170 instituere
864 2143 1011 2181 possent,

275 2191 455 2224 facultatem
481 2196 695 2227 concesserat;
720 2191 929 2234 eiusdemque
951 2191 1015 2223 eol-

275 2244 346 2286 legii
379 2244 602 2281 scholaribus,
635 2244 814 2277 rectoribus
840 2250 866 2277 et
891 2244 1011 2285 guber-

275 2298 441 2331 natoribus
495 2304 525 2330 ut
553 2297 703 2330 omnibus
729 2304 755 2330 et
784 2298 916 2339 singulis
946 2298 1010 2341 pri-

456 2326 463 2339 7

274 2351 415 2393 vttegtis,
447 2352 564 2396 quihus
592 2357 653 2384 tam
690 2351 740 2384 alii
770 2351 859 2384 urbis
888 2358 1033 2385 nostrae*

275 2405 394 2438 Romae
421 2415 517 2449 quam
553 2405 761 2438 Bononiensis
786 2405 920 2437 civitatis
946 2406 1014 2439 uni<

275 2458 457 2492 versitatum
480 2458 641 2491 scholares
664 2459 702 2491 ad
722 2459 839 2501 gradus
860 2469 918 2502 pro
942 2466 1016 2492 tem-1

275 2522 352 2555 pore
378 2512 534 2556 pronmth
564 2518 590 2545 et
621 2512 749 2544 illorum
778 2518 933 2548 rectores,
956 2524 1013 2546 nec

275 2575 338 2598 non
365 2566 511 2600 doctores
533 2572 561 2599 et
584 2572 728 2608 regentes
751 2566 780 2598 in
804 2566 859 2606 eis,
887 2573 947 2600 tam
975 2568 1013 2599 ‹le

312 2639 322 2662 t
346 2636 430 2671 Supra
444 2636 475 2663 ad
493 2644 551 2673 pag.
567 2637 618 2665 577
636 2637 650 2663 b
667 2637 692 2663 in
710 2637 766 2663 loro
784 2637 909 2673 parallelo
927 2642 1010 2665 ronst.

277 2680 316 2707 Pii
334 2680 351 2706 V
367 2681 466 2716 legitur
483 2684 632 2709 ‹tractui-is
650 2683 685 2708 Ἲς,
704 2688 728 2709 Ti

1047 308 1115 340 iure
1142 317 1237 351 quam
1260 306 1510 347 consuetudine,
1535 313 1586 340 aut
1609 307 1686 340 alias
1712 317 1792 351 quo-

1048 361 1226 394 modolibet
1248 367 1393 399 utuntur,
1411 361 1632 406 parisormiter
1652 361 1698 395 uti
1719 372 1792 406 pos-

1048 421 1133 457 sent,
1159 415 1346 456 indulserat,
1369 416 1428 450 sub
1450 416 1542 449 certis
1564 416 1701 449 modoet
1730 416 1793 449 sor-

1049 470 1099 501 ma
1122 475 1196 502 tunc
1223 469 1316 503 latius
1343 470 1518 514 expressis,
1548 476 1644 514 prout
1671 470 1701 503 in
1728 470 1793 503 suis

1049 523 1163 556 exinde
1189 524 1341 557 consectis
1368 524 1481 558 litteris
1507 526 1605 568 (quas
1631 524 1727 558 ctiam
1755 525 1793 557 de

1049 576 1269 621 subreptionis
1300 578 1348 611 vel
1385 578 1584 622 obreptionis
1610 578 1709 618 vitio,
1739 583 1794 611 aut

1050 641 1257 675 quocumque
1284 632 1410 665 defectu
1443 632 1626 666 nullatenus
1662 632 1790 673 notari,

1050 694 1155 728 neque
1180 685 1238 718 sub
1264 685 1337 718 ullis
1363 686 1622 719 revocationibus
1648 696 1795 730 compre-

1050 738 1146 771 hendi
1168 748 1271 782 posse,
1289 745 1330 779 et,
1348 739 1475 783 quoties
1500 740 1642 773 revocari
1668 740 1794 774 contin-

1050 797 1149 834 geret,
1168 792 1295 826 easdem
1325 793 1354 825 in
1380 793 1551 836 pristinum
1571 799 1688 827 statum
1708 793 1796 828 resti-

1051 850 1134 879 tutas
1167 846 1312 883 censeri,
1342 857 1376 879 as·
1410 847 1451 880 ita
1483 857 1540 892 per
1570 858 1795 892 quoscumque

1052 898 1171 933 iudices
1198 906 1226 933 et
1252 900 1491 934 commissarios
1518 901 1628 945 quavis
1654 902 1795 935 auctori-

1052 958 1114 986 tate
1135 954 1313 996 fungentes,
1335 954 1460 988 sublata
1482 955 1525 988 eis
1547 961 1576 988 et
1599 966 1709 989 eorum
1733 956 1795 988 cui-

1052 1006 1126 1039 libet
1153 1007 1263 1050 quavis
1289 1008 1383 1040 aliter
1408 1008 1571 1042 iudicandi
1590 1015 1619 1042 et
1639 1009 1795 1053 interpre-

1054 1061 1139 1094 tandi
1173 1062 1321 1095 facultate
1355 1068 1383 1095 et
1418 1063 1628 1103 auctoritate,
1659 1063 1794 1097 iudicari

1052 1115 1193 1157 debere,
1224 1116 1416 1160 irritumque
1442 1123 1469 1149 et
1499 1117 1611 1158 inane,
1637 1117 1794 1161 quidquid

1051 1180 1141 1202 secus
1162 1181 1258 1213 super
1281 1170 1459 1214 liis,‹111at·is
1481 1171 1670 1205 auctoritate
1691 1177 1794 1204 atten-

1051 1225 1108 1257 tari
1143 1225 1367 1267 contin-geret,
1401 1224 1643 1267 deeernendo¹)
1668 1225 1795 1269 plenius

1051 1278 1243 1311 continetur.
1279 1278 1461 1312 Successive
1489 1290 1546 1323 per
1570 1279 1641 1323 piac
1670 1289 1794 1312 memo-

1052 1332 1116 1365 riae
1134 1333 1324 1375 tlregorium
1347 1333 1465 1376 Papam
1487 1333 1562 1373 xiv,
1583 1334 1678 1366 etiam
1702 1344 1794 1377 prae-

1050 1386 1252 1419 decessorem
1280 1392 1437 1427 nostrum‚
1466 1392 1620 1430 accepto,
1650 1388 1736 1431 quod
1762 1387 1793 1420 in

1050 1440 1170 1484 oppido
1192 1440 1337 1474 notan&
1358 1441 1499 1474 eiusdem
1522 1441 1687 1482 dioecesis,
1706 1441 1793 1485 qnod

1050 1492 1173 1535 insigne
1207 1493 1382 1535 existebat,
1414 1504 1478 1527 una
1510 1494 1607 1528 studii
1634 1494 1795 1537 generalis

1050 1546 1257 1584 universitas,
1278 1553 1342 1580 tam
1364 1558 1400 1580 ex
1421 1548 1468 1581 sui
1488 1548 1679 1592 antiquitate
1697 1559 1793 1592 quam

1051 1600 1220 1633 doctorum
1247 1607 1277 1634 et
1302 1601 1438 1634 aliorum
1468 1601 1684 1635 litteratorum
1710 1602 1795 1635 viro-

1050 1664 1119 1686 rum
1148 1654 1324 1688 abundanti
1350 1665 1487 1689 numero
1514 1655 1608 1689 etiam
1636 1656 1790 1699 insignis,

1050 1709 1170 1741 dudum
1199 1708 1340 1742 instituta
1367 1709 1487 1747 suerat,
1514 1709 1544 1742 in
1566 1711 1667 1753 estque
1695 1710 1794 1753 (ultra

1049 1763 1293 1803 grammaticam
1320 1769 1349 1796 et
1376 1764 1585 1804 rethoricam,
1606 1764 1742 1808 logicam
1764 1770 1794 1797 et

1050 1817 1300 1861 philosophiam,
1318 1824 1347 1851 et
1372 1828 1484 1851 omnes
1509 1818 1587 1851 alias
1612 1819 1793 1862 facultates)

1051 1870 1211 1911 theologia
1234 1881 1268 1904 ac
1290 1877 1465 1915 utrumque
1488 1872 1536 1905 ins
1557 1872 1742 1914 legerentur
1762 1878 1791 1905 et

1051 1923 1365 1968 interpretarentur‚
1397 1926 1567 1969 ipsumque
1593 1926 1749 1970 oppidum
1776 1936 1793 1959 a

1050 1978 1174 2011 ciritate.
1210 1979 1373 2011 Bisuntina
1409 1989 1472 2012 non
1505 1980 1666 2023 amplius,
1695 1991 1791 2024 quam

1050 2038 1122 2063 orte
1142 2032 1249 2073 leus-is7
1260 2032 1306 2063 rel
1328 2032 1422 2074 eirca,
1437 2032 1577 2074 distaret,
1592 2043 1627 2067 ac
1646 2034 1791 2078 proinde,

1050 2091 1076 2117 et
1106 2085 1192 2125 alias,
1222 2085 1392 2128 collegium
1419 2086 1449 2118 in
1477 2086 1602 2120 civitate
1629 2087 1791 2121 Bisuntina

1050 2148 1112 2171 non
1132 2139 1212 2171 adeo
1230 2139 1444 2173 net-essarium
1472 2140 1651 2179 rideretur,
1678 2141 1787 2181 immo,

1049 2192 1073 2225 si
1100 2193 1137 2224 ait
1166 2192 1314 2226 effectum
1336 2194 1580 2237 perduceretur,
1610 2194 1790 2228 verosimile

1049 2252 1141 2284 esset,
1159 2246 1244 2290 quod
1264 2246 1293 2279 id
1313 2246 1380 2280 sine
1401 2248 1488 2289 gravi
1511 2249 1591 2281 adeo
1610 2248 1708 2291 ipsius
1726 2248 1791 2281 uni-

1049 2299 1204 2332 versitatis
1232 2300 1375 2334 nolensis
1402 2301 1601 2344 praeiudicio
1631 2301 1698 2334 sieri
1726 2311 1789 2335 non

1049 2359 1164 2396 posset,
1182 2354 1290 2395 gravia
1311 2363 1439 2398 quoque
1462 2355 1609 2388 scandala
1631 2360 1726 2399 atque
1748 2355 1791 2387 iu<

1049 2406 1268 2440 convenientia
1298 2418 1365 2441 esse
1393 2408 1649 2451 subsequuturass,
1677 2408 1789 2452 bisque

1049 2459 1249 2503 potissimum
1278 2461 1317 2494 de
1343 2462 1445 2494 causis
1471 2462 1548 2495 alias
1569 2462 1639 2506 piae
1667 2472 1789 2495 inemo-

1048 2514 1112 2547 riae
1139 2514 1212 2548 l'ius
1237 2515 1320 2559 Papa
1344 2516 1374 2555 t',
1395 2516 1543 2549 similiter
1561 2516 1789 2559 praedeeessor

1048 2575 1172 2608 noster,
1198 2574 1366 2613 postquam
1395 2569 1425 2601 in
1453 2569 1563 2602 eadem
1591 2570 1714 2602 civitate
1740 2570 1788 2603 Bi-

1084 2641 1092 2665 1
1118 2639 1209 2675 Aptius
1227 2640 1361 2675 legeretur
1376 2640 1498 2667 decrevi!
1514 2647 1548 2675 *tr
1563 2647 1608 2671 Τ.;.

1082 2684 1097 2710 2
1119 2683 1261 2719 perperam
1278 2684 1340 2711 edit.
1355 2683 1431 2711 llam.
1445 2685 1507 2719 legit
1524 2685 1634 2712 Nolam
1664 2694 1677 2711 ι’.
1708 2692 1746 2715 Ἰ.)

1692 248 1757 281 579
1806 257 1856 286 Αι..
1873 257 1900 285 c.
1922 259 1991 287 1609
