2227 3241
23 243 74 271 An.
90 241 117 270 C.
141 241 208 269 1604

263 288 366 322 ctione
377 288 543 322 consulum
560 288 740 332 politiae,-et
753 288 790 321 de
807 288 962 321 militibus

259 342 491 386 praesidiariis
516 342 790 376 Avenionense'bus
804 340 823 374 ¹.

246 448 361 476 Dilecto
381 448 443 476 filio
463 451 566 475 nostro
587 451 618 475 et
638 448 830 482 Apostolicae
851 448 934 476 Sedis

299 502 330 529 in
345 501 469 530 civitate
484 501 682 529 Avenionensi
695 501 881 537 vtae-legato

397 580 553 612 Clemens
574 581 668 622 Papa
687 581 780 611 vm.

289 662 403 690 Dilecto
418 661 471 695 fili,
493 662 623 689 salutem
643 664 674 689 et
695 661 890 695 apostolicam

465 714 715 742 benedictionem.

31 834 203 862 Assignatiuuon-
264 822 279 865 ᾖ
304 821 334 854 1.
362 820 561 854 Dilectorum
588 820 731 853 filiorum
753 819 961 864 syndicorum

23 862 124 917 i'i'iiss‘i'r'sn»
133 860 204 907 5?ssss
220 880 251 908 et
270 874 408 915 consilii,
424 884 462 907 ae
478 873 731 913 communitatis,
749 879 779 906 et
792 873 961 906 hominum

22 916 114 962 iia‘riifm
143 919 205 939 ³⁸⁸&
220 927 357 962 civitatis
384 931 516 960 nostrae
546 926 779 960 Avenioncnsis
810 926 959 959 subleva-

221 980 301 1014 tioni
322 985 353 1013 et
377 979 579 1020 commodis,
610 984 768 1023 quantum
801 989 873 1012 cum
899 979 962 1013 Do-

220 1033 309 1066 mino
334 1043 525 1077 possumus,
548 1041 609 1076 pro
636 1033 748 1065 nostra
773 1034 909 1075 paterna
929 1032 961 1065 in

219 1086 291 1120 illos
304 1085 459 1119 charitate
470 1085 659 1129 prospicere
673 1084 851 1128 cupientes
865 1095 902 1118 ac
914 1096 962 1118 su-

218 1138 447 1183 plicationibus
461 1147 574 1171 eorum
591 1137 723 1171 nomine
735 1148 794 1181 per
807 1138 960 1171 dilectum

218 1192 323 1226 filium
354 1190 563 1225 Laurentium
594 1191 785 1234 Dreperium
807 1191 843 1224 U.
872 1191 893 1224 1.
922 1191 956 1224 D.

219 1255 426 1286 assessorem,
439 1250 470 1278 et
487 1254 601 1278 eorum
615 1244 701 1288 apud
716 1254 774 1277 nos
787 1250 962 1284 oratorem,

220 1298 313 1332 nobis
333 1298 501 1331 humiliter
520 1297 679 1342 porrectis
698 1297 860 1337 inclinati,
889 1297 957 1338 tibi,

219 1354 259 1387 de
287 1353 378 1386 cuius
406 1352 486 1393 fide,
517 1352 690 1396 prudentia
717 1356 747 1385 et
777 1351 961 1394 integritate

218 1406 397 1451 plurimum
424 1405 457 1438 in
484 1405 623 1439 Domino
655 1405 872 1443 confidimus]
904 1416 961 1448 per

218 1467 405 1506 praesentes
415 1460 649 1494 committimus
666 1466 697 1494 et
711 1461 913 1501 mandamus,
928 1467 959 1493 ut

218 1527 278 1561 pro
292 1515 538 1549 manutentione
560 1520 591 1548 et
609 1515 845 1548 restauratione
871 1525 962 1557 agge-

218 1581 291 1604 rum
313 1570 456 1603 ssuminis
476 1570 636 1611 Rhodani,
658 1574 688 1603 et
707 1570 746 1603 ad
764 1569 959 1603 obviandum

219 1623 447 1664 alluvionibus,
471 1634 550 1667 quas
572 1624 603 1656 in
624 1634 736 1665 agrum
758 1623 960 1657 Avenionen-

219 1687 285 1711 sem
301 1677 497 1721 quandoque
512 1677 618 1710 facere
633 1677 725 1717 solet,
743 1676 862 1710 eisdem
878 1687 962 1710 com-

220 1731 369 1764 munitati
379 1736 411 1764 et
422 1730 610 1764 hominibus
620 1731 803 1764 facultatem
813 1731 960 1774 exigendi

219 1785 379 1829 gabellam
406 1785 545 1818 duorum
573 1783 727 1817 iuliorum
751 1794 811 1828 pro
832 1784 960 1827 singulo

220 1849 304 1883 equo
322 1848 447 1879 eorum,
470 1848 529 1882 per
548 1848 630 1881 quos
646 1837 784 1880 navigia,
799 1838 961 1871 mercibus

220 1892 482 1937 quibuscumque
512 1897 649 1933 onusta,
680 1902 792 1925 averso
827 1892 961 1925 ssumine

220 1946 403 1986 trahuntur,
421 1945 599 1979 dummodo
620 1945 774 1989 pecunias
791 1945 865 1978 inde
880 1945 962 1978 redi-

219 1999 340 2042 gendas
351 1999 384 2032 in
396 1998 665 2032 restaurationem
680 2004 711 2032 et
722 1998 961 2042 reparationem

221 2062 375 2096 aggerum
393 2052 637 2096 praedictorum
658 2052 799 2085 fideliter
819 2052 961 2086 converti

222 2105 350 2147 saciant,
367 2105 559 2139 auctoritate
572 2107 682 2139 nostra
695 2105 871 2149 apostolica
886 2116 963 2139 con-

222 2158 335 2192 cedas:
367 2168 496 2192 necnon
524 2158 647 2192 eisdem
680 2158 905 2192 communitati
933 2165 964 2192 et

222 2212 410 2246 hominibus
430 2212 657 2245 auctoritatem
672 2212 800 2246 locandi
813 2212 963 2256 piscatio-

222 2275 295 2299 nem
320 2265 458 2310 piscium
491 2276 672 2310 copporum
701 2272 962 2310 nuncupatorum

224 2319 255 2352 in
273 2319 359 2353 dicto
384 2319 518 2353 flumine
542 2319 702 2361 Rhodani,
726 2330 835 2364 quam,
860 2325 894 2353 ut
914 2331 963 2353 as-

223 2378 346 2414 serunt,
373 2373 500 2418 pridem
518 2373 692 2414 habebant,
716 2374 772 2407 sed
792 2373 965 2407 novissime

224 2426 256 2460 in
277 2427 418 2460 favorem
440 2427 592 2461 Gamerae
609 2432 740 2461 nostrae
761 2427 965 2470 Apostolicae

225 2485 259 2514 tu
279 2480 401 2523 locasti,
423 2480 584 2521 restituas,
600 2485 760 2524 quatenus
781 2485 887 2513 tamen
907 2490 962 2513 ca-

225 2533 298 2567 dem
323 2533 458 2568 Camera
478 2539 589 2568 nostra
609 2535 694 2568 ultra
719 2533 882 2568 redditum
902 2544 962 2567 an-

261 2650 270 2676 1
294 2648 331 2676 Ex
351 2648 459 2684 Regest.
477 2649 503 2676 in
523 2649 623 2677 Secret.
646 2649 722 2677 Brev.

308 2702 388 2731 Ball.
407 2703 490 2732 Rom.
510 2719 544 2725 —
562 2704 621 2733 Vol.
642 2704 692 2732 XI.
857 2704 883 2729 11

840 240 987 264 CLEMENS
1007 242 1063 265 Vlll
1080 243 1130 266 Pr.

1664 232 1700 265 81
1751 242 1800 269 An.
1822 242 1851 268 c.
1877 241 1942 269 1604

995 299 1096 321 nuum
1110 290 1282 323 duodecim
1302 295 1466 323 scutorum
1487 290 1602 323 exinde
1628 299 1694 323 non
1708 300 1739 323 a-

996 342 1112 375 mittat.

1040 397 1056 437 g
1078 395 1107 428 ⁶2.
1136 396 1318 436 Praeterea,
1343 407 1416 430 cum
1437 397 1478 430 ad
1498 397 1628 430 eosdem
1651 407 1738 430 com-
1781 408 1892 429 Consum„
1909 416 1939 429 ,ψ

996 447 1188 481 munitatem
1215 454 1246 493 et
1272 449 1421 483 homines
1446 450 1684 483 administratio
1709 457 1740 484 et
1755 436 1941 487 {1¹53lll'thstil'lfffif

996 501 1177 534 iurisdictio
1209 501 1342 545 politiae
1367 503 1453 536 circa
1477 514 1528 536 res
1557 504 1597 536 ad
1618 503 1738 536 victum
1754 488 1872 536 iiidfccssfm'
1893 495 1939 513 'W'

995 560 1176 598 spectantes
1194 566 1295 599 usque
1309 556 1348 589 ad
1362 566 1500 599 poenam
1517 562 1659 600 quatuor
1671 567 1740 590 scu-

997 614 1102 641 torum
1123 608 1193 641 auri
1215 608 1247 641 in
1268 619 1348 642 auro
1363 606 1497 653 spectet,
1519 610 1740 643 ordinationes

995 661 1266 705 superestantium
1288 662 1388 705 ipsius
1412 662 1544 706 politiae
1569 663 1738 696 consulum

996 720 1051 748 aut
1081 715 1310 757 magistrorum
1327 715 1508 756 victualiae‚
1530 717 1569 749 ad
1595 727 1740 750 commo-

996 769 1071 801 dum
1084 768 1197 812 populi
1209 768 1353 801 eiusdem
1365 768 1500 802 civitatis
1514 769 1687 810 faciendas,
1696 770 1740 802 di-

996 821 1133 863 ligenter
1146 821 1311 854 observari
1333 832 1426 855 cures
1440 827 1471 854 et
1487 822 1594 862 facias,
1611 822 1740 866 illisque

996 874 1238 908 concessionem
1260 875 1491 909 iurisdictionis
1519 875 1623 909 dictae
1654 876 1739 919 poli-

997 927 1069 968 tiae,
1082 927 1273 961 auctoritate
1286 928 1462 971 apostolica
1473 928 1517 962 eis
1531 928 1658 969 saetam,
1668 939 1740 962 con—

996 990 1114 1021 serves,
1137 992 1185 1021 ac,
1203 981 1258 1014 ubi
1277 992 1358 1025 opus
1371 981 1479 1021 fuerit,
1495 981 1617 1014 eisdem
1635 982 1739 1015 faveas

997 1039 1027 1066 et
1047 1033 1194 1075 assistas,
1223 1044 1259 1067 ac
1287 1039 1509 1077 opportunum
1540 1034 1682 1068 savorem
1708 1040 1739 1068 et

996 1087 1150 1120 auxilium
1173 1086 1348 1120 efficaciter
1372 1092 1527 1131 praestes.

1040 1142 1056 1182 ἓ
1082 1139 1112 1173 3,
1140 1140 1296 1181 Demum,
1326 1140 1401 1183 quia
1426 1150 1492 1173 non
1517 1140 1733 1182 intendimus,
1764 1150 1937 1187 ,unitoque-

995 1194 1083 1237 quod
1103 1192 1221 1226 milites
1238 1192 1440 1236 praesidiarii
1459 1193 1595 1226 civitatis
1608 1195 1736 1237 praedi·
1751 1177 1938 1239 {Zilisssssstffiuffssl

995 1252 1063 1280 ctae
1084 1256 1152 1280 esse
1173 1246 1297 1290 possint
1315 1257 1351 1279 ex
1366 1246 1480 1279 incolis
1498 1246 1642 1280 eiusdem
1661 1247 1736 1280 civi-
1751 1230 1938 1277 22⁰³.³‘⁹¹¹¹⁰⁰⁰⁰'

996 1300 1078 1340 tatis,
1109 1305 1282 1344 propterea
1308 1300 1458 1333 volumus
1483 1305 1514 1333 et
1545 1300 1736 1334 ordinamus

996 1359 1029 1386 ut
1048 1354 1161 1387 eadem
1190 1354 1383 1387 auctoritate
1408 1355 1518 1386 nostra
1538 1353 1733 1397 prohibeaS,

995 1417 1034 1440 ne
1054 1407 1171 1450 aliquis
1189 1418 1225 1440 cx
1245 1408 1282 1440 iis
1307 1407 1362 1451 qui
1388 1407 1592 1440 domicilium
1616 1408 1648 1440 in
1678 1411 1737 1440 ca—

995 1461 1068 1493 dem
1090 1460 1218 1494 civitate
1245 1466 1496 1501 contraxerunt,
1522 1460 1647 1493 etiamsi
1676 1460 1739 1494 siut

995 1514 1136 1547 nationis
1158 1514 1296 1555 italicae,
1317 1525 1377 1548 nec
1397 1515 1481 1547 ullus
1498 1514 1627 1558 penitus
1641 1524 1677 1546 ex
1695 1514 1738 1546 ci-

997 1568 1086 1601 vibus
1107 1568 1397 1609 Avenionensibus,
1422 1568 1453 1601 in
1473 1568 1591 1601 milites
1611 1568 1736 1611 praesi-

996 1622 1116 1655 diarios
1128 1621 1313 1654 huiusmodi
1329 1621 1469 1655 adscribi
1487 1621 1623 1665 possint:
1642 1631 1739 1665 super

995 1675 1114 1719 quibus
1146 1675 1298 1709 omnibus
1326 1681 1356 1708 et
1384 1675 1520 1718 singulis
1549 1675 1679 1719 plenam
1710 1680 1738 1708 et

997 1730 1137 1773 amplam
1160 1729 1333 1763 tribuimus
1358 1730 1557 1763 facultatem.

1040 1783 1054 1826 ἓ
1078 1783 1109 1816 lt.
1143 1783 1212 1816 Non
1242 1782 1446 1816 obstantibus
1476 1783 1738 1826 quibuscumque

996 1836 1281 1870 constitutionibus
1306 1842 1337 1870 et
1362 1836 1622 1870 ordinationibus
1654 1846 1736 1880 apo-

995 1890 1127 1931 stolicis,
1145 1890 1338 1934 praesertim
1353 1891 1391 1924 de
1406 1891 1501 1924 rebus
1515 1890 1666 1925 Gamerae
1683 1901 1740 1924 no-

996 1949 1080 1978 strae
1094 1954 1160 1978 non
1173 1944 1364 1985 alienandis,
1381 1955 1509 1978 necnon
1524 1945 1668 1979 eiusdem
1686 1946 1741 1979 Ca-

997 2008 1122 2039 merae,
1151 2003 1181 2031 et
1209 1997 1314 2031 dictae
1334 1997 1469 2031 civitatis
1490 1998 1738 2039 Amnionensis,

997 2052 1093 2085 etiam
1115 2051 1310 2091 iuramento,
1334 2051 1585 2085 confirmatione
1606 2058 1738 2096 aposto—

997 2105 1069 2146 lica,
1091 2106 1138 2138 vcl
1157 2105 1269 2149 quavis
1294 2105 1450 2138 firmitate
1476 2105 1537 2138 alia
1564 2105 1738 2144 roboratis,

997 2158 1122 2192 statutis
1154 2164 1184 2191 et
1212 2158 1526 2199 consuetudinibus,
1564 2158 1741 2202 privilegiis

998 2222 1139 2256 quoque,
1156 2212 1290 2245 indultis
1304 2217 1335 2245 et
1347 2212 1463 2246 litteris
1474 2212 1659 2256 apostolicis
1672 2211 1742 2255 qui-

998 2265 1106 2299 busvis
1123 2265 1155 2298 in
1172 2266 1371 2303 contrarium
1385 2265 1637 2309 praemissorum
1659 2276 1740 2309 quo-

999 2320 1178 2354 modolibet
1201 2320 1378 2361 concessis,
1403 2319 1603 2353 confirmatis
1624 2324 1655 2352 et
1679 2330 1738 2362 ap-

999 2374 1159 2419 probatis;
1183 2374 1301 2418 quibus
1319 2373 1472 2407 omnibus
1486 2378 1516 2406 ct
1529 2372 1673 2415 singulis,
1688 2383 1741 2405 eo-

999 2439 1070 2462 rum
1092 2433 1222 2462 tenores
1243 2427 1469 2472 praesentibus
1497 2437 1555 2470 pro
1584 2425 1741 2469 expressis

1000 2487 1031 2516 et
1047 2482 1088 2515 ad
1105 2480 1239 2514 verbum
1261 2480 1388 2514 insertis
1409 2479 1575 2519 habentes,
1600 2479 1660 2511 liae
1675 2478 1742 2512 vice

1000 2536 1166 2569 dumtaxat
1197 2533 1381 2578 specialiter
1411 2538 1441 2567 ct
1469 2542 1617 2576 expresse
1644 2532 1741 2566 dero-

1000 2599 1128 2632 gamus,
1161 2588 1361 2631 caeterisque
1398 2586 1568 2621 contrariis
1601 2585 1738 2630 quibus-

1002 2652 1152 2686 cumque.

1768 1787 1882 1812 nerag-atn-
1891 1792 1937 1807 rou-

1755 1816 1873 1835 triariorum.
