2227 3241
231 272 280 298 An.
298 271 327 298 C.
351 269 416 297 1607

273 332 417 358 'transumptio

232 361 302 379 danna
312 360 369 379 tides.

257 1941 397 1962 Prooemium.

477 320 492 360 ξ
508 317 536 349 7.
555 317 707 349 Volumus
721 320 827 348 autem
844 315 930 358 quod
951 314 1166 358 praesentium

432 369 649 413 transumptis,
670 369 765 401 etiam
788 367 963 411 impressis,
989 377 1084 400 manu
1106 367 1166 400 ali-

431 424 521 457 cuius
536 422 650 455 notarii
665 421 786 466 publici
797 421 998 465 subscriptis,
1015 432 1051 453 ac
1065 420 1169 463 sigillo

430 486 587 521 personae
613 476 643 508 in
670 475 825 517 dignitate
852 474 1067 508 ecclesiastica
1092 483 1169 507 con-
1186 484 1188 495 t
1204 481 1313 507 natum
1330 475 1456 513 ducem,
1472 481 1501 507 et
1518 480 1662 507 senatum
1685 474 1871 518 republicae
1883 474 1943 508 Ve·
1958 485 2077 506 ctesiasnco
2097 491 2146 512 sup·
2199 475 2201 478 ⁴

430 530 560 563 stitutac
582 529 724 569 munitis,
748 528 859 562 eadem
881 539 1014 572 prorsus
1035 528 1114 561 fidcs
1139 527 1170 559 in
1185 508 1189 551 l
1204 527 1558 568 nelot'ttnt‚slaltttat¹los
1570 533 1719 561 eteorum
1731 527 1941 569 consultores,
1959 539 2016 560 dicio
2033 538 2059 559 ob
2079 539 2144 570 viniq-

1647 581 1747 625 (quod
1766 581 1828 614 dux
1848 586 1879 614 et
1897 590 1946 614 se·
1959 567 2006 612 ²02¹ss
2015 565 2145 615 {iffi-²12¹&

430 583 550 616 iudicio
571 589 599 616 ct
629 589 716 616 extra
744 582 959 622 adhibeatur,
989 592 1071 625 quae
1097 580 1171 625 ipsis

429 636 653 680 praesentibus
670 636 889 676 adhiberetur,
910 635 935 667 si
957 645 1029 668 vere
1051 640 1078 668 et
1102 645 1171 667 rea-

430 689 504 722 liter
521 695 625 723 essent
645 689 804 722 exhibitae
825 690 872 722 vel
893 695 1050 722 ostensae.

473 743 588 776 Datum
610 743 730 776 Romae
751 742 836 786 apud
857 747 1003 775 sanctum
1025 742 1168 783 Petrum,

429 796 488 829 sub
515 797 635 829 annulo
668 796 860 835 Piscatoris,
885 796 936 828 die
960 805 1035 829 xxm
1064 794 1170 828 martii

428 860 551 891 Mncvn,
573 849 783 894 pontificatus
803 849 905 882 nostri
921 859 1006 882 anno
1024 859 1046 882 11
1060 849 1079 882 ¹.

465 912 523 940 Dat.
545 912 588 940 die
607 913 641 940 23
661 912 749 939 martii
772 912 848 945 1607,
866 911 959 947 pontif.
977 920 1020 939 an.
1037 918 1064 939 tt.

754 1098 841 1131 Lxx.

428 1224 459 1256 F
459 1223 586 1256 ocultus
607 1222 775 1256 cardinali
792 1222 829 1256 de
857 1222 965 1255 Joiosa
986 1221 1174 1255 absolvendi

473 1276 598 1318 ducem,
626 1272 789 1315 senatum,
815 1276 1020 1317 statutarum,
1044 1275 1173 1308 cousul-

473 1335 566 1371 tores,
590 1336 648 1364 etc.
674 1340 692 1363 a
710 1330 856 1363 censuris
870 1340 930 1374 per
945 1340 995 1362 cos
1016 1328 1169 1369 incursis,

472 1395 595 1417 necnon
616 1383 825 1417 interdictum
848 1394 867 1415 (ι
887 1383 974 1416 (licui
992 1383 1122 1416 civitate
1138 1393 1173 1415 α-

474 1437 623 1471 morendi
634 1437 654 1471 ².

429 1545 599 1573 Venerabili
624 1544 711 1572 fratri
737 1546 841 1572 nostro
856 1543 1013 1572 Francisco
1033 1543 1172 1578 episcopo

466 1598 625 1626 Sahinensi
640 1598 667 1626 S.
684 1599 715 1626 R.
728 1599 758 1626 E.
776 1597 919 1626 cardinali
937 1598 971 1625 de
988 1597 1084 1625 Ioiosa
1099 1604 1172 1624 nun·

466 1655 575 1686 cupato

667 1698 779 1725 Paulus
805 1698 883 1732 Papa
907 1698 938 1725 V.
964 1723 974 1731 „

447 1779 632 1808 venerabilis
649 1779 748 1812 frater,
766 1780 894 1807 salutem
911 1782 942 1806 et
956 1778 1154 1813 apostolicam

675 1833 927 1861 benedictionem.

476 1922 568 1957 Vices
587 1922 686 1964 Illius,
710 1933 907 1967 quamquam
930 1922 1095 1963 immeriti,
1119 1933 1172 1965 ge-

430 1983 537 2011 rentes
555 1977 587 2010 ln
608 1976 715 2018 terris,
739 1977 794 2021 qui
817 1976 921 2010 visitat
942 1976 973 2009 in
1000 1977 1088 2019 virga
1110 1976 1171 2008 ini-

430 2031 568 2076 quitates
588 2030 756 2064 hominum
779 2035 810 2064 ct
834 2030 866 2063 in
886 2030 1074 2064 verberibus
1090 2041 1168 2074 pec-

430 2091 499 2120 cata
512 2113 519 2127 ‚
550 2085 808 2119 misericordiam
843 2091 948 2119 autem
982 2096 1072 2119 suam
1106 2095 1171 2118 non

430 2139 585 2184 dispergit
608 2139 647 2172 ab
674 2139 729 2179 cis,
754 2139 939 2183 multaeque
958 2138 1172 2172 miserationis

430 2199 476 2226 est
496 2199 527 2226 et
540 2192 743 2237 praestabilis
763 2202 861 2236 super
875 2192 1007 2233 malitia,
1025 2202 1090 2233 eos,
1102 2191 1171 2236 qui-

428 2247 488 2280 bus
509 2245 691 2279 errantibus
712 2244 802 2278 inviti
823 2245 1030 2278 adhibuimus
1050 2244 1171 2287 virgam

430 2300 665 2335 ecclesiasticae
675 2299 875 2343 disciplinae,
889 2309 1033 2332 reversos
1043 2298 1076 2331 in
1089 2298 1172 2332 viam

469 2416 478 2442 l
501 2414 624 2451 Quinque
641 2418 699 2450 post
715 2413 771 2442 dies
785 2414 944 2442 confirmata
958 2413 1008 2441 fuit
1027 2413 1139 2441 facultas
1159 2421 1173 2441 a

431 2459 689 2496 praedecessoribus
709 2459 887 2487 Pontificibus
903 2467 1033 2486 concessa
1047 2459 1173 2494 episcopo

431 2504 546 2532 Ostiensi
561 2508 588 2532 et
602 2504 784 2532 Veliterncnsi
799 2503 979 2539 cognoscendi
994 2512 1088 2530 causas
1101 2503 1175 2531 inco-

432 2549 521 2577 larum
536 2550 668 2578 dioecesis
680 2549 884 2582 Veliternensis,
897 2548 1040 2584 etquidem
1052 2549 1078 2575 in
1090 2549 1175 2584 prima

432 2598 459 2621 et
469 2594 588 2622 secunda
602 2595 730 2622 instantia
740 2594 767 2621 in
778 2594 846 2622 urbe
857 2593 1046 2629 Velitei'nensi,
1059 2593 1086 2620 in
1096 2594 1176 2621 tertia

433 2640 536 2667 veroin
553 2639 672 2667 nomana
690 2639 782 2668 Curia.

468 2684 486 2709 2
504 2683 540 2710 Ex
561 2684 669 2720 Regest.
691 2684 717 2712 in
737 2684 838 2713 secret.
859 2683 934 2711 Brev.

1011 266 1192 290 ntJLLAmUM
1218 265 1371 290 ROMANUM

1185 429 1188 451 l

1185 453 1188 480 l

1187 1253 1191 1348 l

1204 314 1342 347 libenter
1367 314 1500 357 paterna
1533 313 1779 357 complectimur
1811 313 1938 346 miseri-

1204 367 1313 399 cordia
1327 373 1357 399 ct
1374 367 1584 409 benignitate.

1249 421 1262 463 ξ
1288 421 1313 453 Ι.
1337 421 1461 453 Dudum
1481 420 1640 464 siquidem
1659 420 1862 453 Leonardum
1882 421 1942 454 Do·
1985 431 2081 453 Pontifex
2105 433 2146 454 ve·
2198 439 2205 463 t

1958 462 2027 480 notam
2035 458 2108 480 urbem
2114 465 2145 480 ec·

1958 514 2059 538 posuerat
2080 512 2145 534 inter·
2187 514 2205 520 ’·

1206 581 1347 614 fautores
1368 587 1396 614 et
1418 581 1629 614 adhaerentes

1205 634 1615 678 natusipsiusreipublicae
1625 640 1728 667 certas
1738 634 1824 676 leges
1835 639 1947 668 contra

1207 687 1455 720 ecclesiasticam
1481 688 1673 729 libertatem,
1702 688 1791 722 Sedis
1815 689 1948 732 Aposto-

1206 741 1286 774 licac
1306 741 1548 783 auctoritatem,
1570 752 1606 775 ac
1633 742 1838 785 generalibus
1864 752 1944 776 con-

1207 794 1287 827 ciliis
1306 800 1336 827 et
1356 795 1455 828 sacris
1474 795 1653 829 canonibus
1673 806 1709 829 ac
1726 796 1946 829 Romanorum

1207 848 1398 881 Pontificum
1419 848 1703 882 constitutionibus
1716 853 1945 893 repugnantes,

1207 901 1338 934 nulliter
1359 907 1389 934 et
1410 902 1448 935 de
1468 902 1551 935 sacto
1576 901 1798 935 condidissent
1817 906 1848 935 et
1865 911 1944 945 pro-

1207 955 1419 997 mulgassent3
1443 961 1611 999 praeterea
1633 955 1711 988 duas
1730 965 1884 999 personas
1902 965 1950 988 ec-

1207 1008 1410 1050 clesiasticas,
1420 1008 1579 1050 videlicet,
1595 1008 1827 1042 Brandolinum
1839 1008 1950 1042 Valde-

1208 1061 1368 1094 marinum
1390 1062 1539 1095 abbatem
1561 1073 1617 1096 seu
1635 1061 1947 1096 commendatoriam

1208 1115 1393 1148 monasterii
1415 1115 1454 1148 de
1474 1116 1611 1149 Heri-esa
1626 1115 1808 1149 Tarvisinae
1821 1115 1948 1149 dioece-

1207 1168 1255 1208 sii,
1280 1179 1315 1201 ac
1336 1169 1519 1214 Scipionem
1538 1170 1733 1203 Saracenum
1755 1168 1946 1203 canonicum

1207 1221 1410 1255 Vicentinum
1432 1222 1554 1266 pariter
1572 1223 1611 1256 de
1631 1223 1727 1264 facto,
1751 1227 1782 1256 et
1802 1221 1948 1256 ecclesia-

1206 1275 1317 1309 sticam
1340 1276 1489 1310 violando
1511 1277 1764 1318 immunitatem,
1788 1276 1829 1310 ob
1850 1286 1946 1321 quae-

1207 1330 1278 1363 dam
1294 1336 1462 1374 praetensa
1472 1330 1588 1364 delicta
1599 1336 1778 1365 carceratos
1790 1335 1947 1372 tenerent,

1206 1390 1304 1428 prout
1331 1395 1414 1417 nunc
1443 1385 1564 1428 tenent)
1585 1395 1622 1418 ex
1649 1384 1758 1418 debito
1778 1384 1947 1428 pastoralis

1207 1437 1324 1477 oflicii,
1348 1448 1414 1482 quo
1446 1438 1553 1471 divina
1574 1437 1717 1481 dignatio
1738 1438 1826 1480 fungi
1846 1437 1947 1471 voluit

1206 1491 1420 1525 humilitatem
1435 1497 1589 1533 nostram,
1603 1491 1757 1525 canonica
1769 1491 1947 1525 monitione

1206 1545 1391 1589 praemissa,
1409 1545 1770 1586 excommunicavimus,
1783 1551 1947 1579 etexcom-

1206 1599 1384 1632 municatos
1393 1598 1637 1638 declaravimus,
1652 1598 1879 1642 civitatemque
1892 1598 1948 1631 Ve-

1205 1653 1364 1686 netiarum
1387 1659 1415 1686 et
1436 1652 1621 1685 universum
1636 1652 1832 1685 Venetorum
1847 1651 1946 1685 domi-

1205 1706 1293 1739 nium
1305 1706 1520 1740 ecclesiastico
1534 1705 1762 1750 supposuimus
1776 1704 1946 1738 interdicto

1206 1766 1237 1793 et
1257 1760 1334 1793 alias
1355 1766 1469 1793 contra
1489 1770 1542 1793 cos
1562 1759 1790 1804 processimus,
1803 1764 1900 1803 prout
1914 1758 1946 1791 in

1206 1813 1322 1847 nostris
1343 1813 1401 1847 sub
1422 1813 1608 1847 huiusmodi
1634 1813 1738 1846 forma
1763 1812 1870 1846 Brevis
1890 1811 1944 1846 tit-

1208 1867 1283 1900 teris
1308 1866 1483 1910 expedisss,
1514 1877 1550 1900 ac
1582 1866 1665 1900 datis
1686 1866 1737 1900 die
1759 1876 1823 1900 xvn
1856 1866 1944 1910 apri-

1207 1920 1244 1953 lis
1277 1920 1423 1964 proxime
1456 1919 1621 1963 praeteriti
1639 1947 1646 1960 ‚
1681 1919 1807 1964 plenius
1839 1919 1944 1953 conti-

1206 1973 1329 2007 netur¹.

1250 2029 1267 2070 g
1288 2027 1318 2060 ⁶2.
1336 2028 1411 2061 Cum
1434 2033 1553 2068 autem,
1567 2027 1642 2060 dum
1665 2027 1853 2061 corumdem
1874 2026 1950 2060 Leo·
1975 2045 2056 2067 0215„
2070 2044 2146 2071 ωερε.

1205 2081 1297 2114 nardi
1319 2081 1419 2122 ducis,
1435 2086 1564 2115 senatus
1579 2086 1607 2113 et
1618 2080 1755 2114 aliorum
1770 2079 1948 2124 praedicto—

1205 2147 1277 2169 rum
1303 2142 1508 2180 expectamus
1535 2134 1770 2169 correctionem
1786 2162 1793 2176 ,
1818 2134 1942 2168 cbaris-

1206 2189 1305 2222 simus
1335 2189 1366 2221 in
1392 2189 1515 2222 Christo
1546 2188 1632 2222 filius
1658 2193 1770 2221 noster
1790 2187 1946 2221 Henricus

1206 2243 1327 2276 Galliac
1344 2253 1399 2275 rex
1416 2241 1700 2275 christianissimus
1720 2251 1778 2285 pcr
1792 2240 1945 2274 dilectum

1207 2296 1310 2329 filium
1332 2295 1476 2329 nobilem
1501 2295 1604 2328 virum
1626 2295 1775 2328 Carolum
1795 2294 1834 2328 de
1853 2294 1945 2327 Atin-

1208 2355 1311 2391 court,
1333 2349 1475 2383 eiusdem
1494 2348 1624 2382 IIcnrici
1644 2348 1728 2391 regis
1748 2348 1833 2392 apud
1848 2357 1905 2381 nos
1919 2352 1950 2381 et

1208 2403 1425 2448 Apostolicam
1436 2403 1551 2436 Sedcm
1562 2401 1762 2436 ordinarium
1775 2407 1949 2443 oratorem,

1208 2457 1362 2501 primum,
1387 2461 1417 2490 et
1437 2456 1553 2490 deinde
1573 2454 1780 2489 charissimus
1801 2454 1897 2488 etiam
1918 2454 1951 2487 in

1209 2510 1333 2545 Christo
1355 2510 1439 2543 filius
1458 2515 1569 2543 noster
1588 2508 1755 2553 Philippus
1774 2507 1948 2552 IIispania-

1210 2575 1281 2598 rum
1301 2574 1355 2598 rex
1377 2563 1552 2597 catholicus
1571 2573 1629 2607 per
1646 2562 1779 2596 dilectos
1797 2561 1894 2596 etiam
1914 2560 1951 2594 fi-

1960 2101 2047 2121 senatus
2079 2103 2147 2119 nomi-

1960 2132 1986 2148 ne
1992 2125 2146 2147 absolutionem

1959 2154 2040 2181 petunt.

1247 2637 1258 2663 1
1282 2636 1335 2663 Has
1349 2635 1452 2663 litteras
1467 2643 1520 2662 non
1544 2633 1681 2661 recensuit
1705 2632 1885 2669 coquelinius,
1902 2639 1951 2660 nec

1212 2681 1271 2709 ideo
1287 2680 1315 2707 in
1331 2679 1398 2708 edit.
1413 2679 1493 2708 Main.
1510 2678 1683 2715 reperiuntur
1697 2677 1735 2713 (n.
1752 2678 1801 2714 w).

1961 2073 2054 2099 maeque
2084 2077 2146 2101 reges
2185 2070 2191 2074 ‘

2168 3209 2194 3241 Μ
2168 3161 2187 3203 <w

2180 1493 2206 1639 {i

2175 1661 2205 1771 .Ξὲ

2180 1792 2206 1900 ἶ

2180 1900 2202 1921 ἕ

2182 2034 2195 2067 ἱ
2203 2066 2204 2069 ,

2181 2077 2203 2109 2²2

2177 2117 2203 2169 ἓ

2178 2171 2203 2215 ἥ

2178 2216 2203 2251 ..i

2180 2258 2203 2283 :t

2177 2292 2203 2342 ἓ

2202 2356 2203 2366 i

2178 2470 2202 2566 fjx*-
