2227 3241
281 286 328 312 Λη.
342 285 369 313 c.
395 284 460 313 1603
506 270 546 307 56

317 875 421 897 Pecuniae
437 879 460 894 ex

278 902 396 924 huiusmodi
427 900 461 920 al-

278 930 462 957 fraus-ationepro-

279 958 385 977 tementes
396 960 462 975 omm-

277 989 304 1003 no
319 989 331 1003 a
347 981 461 1008 superiori-

277 1010 316 1030 bus
337 1008 460 1032 monasterii

278 1035 433 1061 investienda,-

323 2576 345 2595 ,tt
363 2582 412 2596 vei-i»
430 2577 470 2602 ipsi

289 2601 416 2622 francatorus·
436 2610 443 2623 s

289 2628 471 2650 curirnaneantnb

290 2655 343 2675 „mm
359 2656 463 2676 mmmm,
487 2648 547 2681 pro
572 2643 718 2681 tempore
740 2638 997 2678 affrancaverint,
1022 2638 1062 2671 ad
1082 2638 1229 2672 verifica-

477 333 703 368 auctoritatem
722 333 832 365 talium
852 331 1140 365 instrumentorum
1159 331 1217 365 ob-

477 387 608 427 tineant,
629 387 777 430 ipsasque
794 385 1006 418 liberationes
1020 391 1049 418 et
1064 385 1219 419 assi-anca-

477 441 578 473 tiones
598 439 796 473 sufficienter
809 444 957 481 arguant,
978 449 1014 472 ae
1035 438 1104 472 illas
1122 430 1217 472 etiaim

477 495 597 538 absque
622 494 683 526 alia
708 493 912 526 attestatione
933 498 964 526 et
984 493 1117 527 alterius
1137 504 1215 537 pro-

477 548 615 581 bationis
629 546 840 587 adminiculo,
859 552 922 580 tam
942 547 973 580 in
988 547 1108 581 iudicio
1120 558 1216 591 quam

477 606 563 634 extra
589 600 668 633 illud
684 627 691 641 ,
715 610 751 633 ac
772 600 850 633 alias
874 600 1073 644 ubicumque
1088 628 1095 641 ,
1122 601 1218 645 plene

477 660 504 687 et
531 653 764 687 concludenter
790 654 929 697 probent
956 654 987 686 in
1013 654 1164 687 omnibus
1188 661 1219 688 et

476 718 534 752 per
557 706 678 748 onmia,
706 706 842 751 perinde
858 718 895 741 ac
915 708 940 740 si
961 708 1073 741 eadem
1100 707 1218 741 instru-

478 766 585 794 menta
606 760 665 794 rite
690 766 721 794 et
742 766 827 794 recte
844 761 998 805 utrinque
1019 762 1164 795 confecta
1189 767 1218 796 et

476 813 628 858 stipulata
649 814 766 847 forent.

520 869 537 910 ἓ
563 867 591 900 7.
607 867 773 901 Caeterum
788 873 896 912 partes
909 874 1004 902 erunt
1017 879 1103 902 nunc
1116 875 1147 903 et
1158 880 1218 913 pro

477 925 624 965 tempore
644 921 808 956 existentis
822 922 959 963 abbatis,
976 933 1031 956 seu
1052 933 1218 956 commen-

477 974 603 1016 datarii,
627 980 682 1008 aut
702 974 985 1017 administratoris,
1002 986 1057 1009 seu
1077 986 1220 1010 reserva-

476 1026 560 1068 tarii,
587 1032 642 1060 aut
662 1027 794 1060 alterius
813 1027 1028 1072 praesidentis
1053 1028 1129 1062 dicti
1150 1039 1218 1062 mo-

475 1080 619 1121 nasterii,
631 1081 686 1114 ubi
702 1086 731 1114 et
743 1081 869 1126 quoties
882 1082 1050 1125 pecuniae,
1064 1093 1100 1116 ex
1112 1083 1218 1127 pretio

476 1131 663 1166 huiusmodi
691 1131 962 1166 affi'ancationum
991 1134 1219 1178 provenientes

476 1196 513 1219 ac
537 1186 569 1219 in
594 1186 741 1231 deposito
767 1186 955 1229 existentes,
987 1188 1027 1222 ad
1058 1199 1217 1221 summam

477 1239 731 1284 quingentorum
753 1246 932 1283 scutorum,
960 1241 1068 1275 habita
1094 1242 1219 1275 ratione

477 1293 516 1326 ad
537 1293 679 1327 valorem
699 1304 735 1327 ac
753 1294 1010 1328 aestimationem
1030 1295 1134 1329 dictae
1150 1306 1219 1329 mo-

476 1352 570 1381 netae
581 1347 767 1381 Mutinensis
781 1359 837 1382 seu
847 1349 1070 1389 Bononiensis,
1084 1355 1221 1394 utprae-

476 1401 586 1443 fertur,
611 1402 815 1435 ascenderint
835 1403 883 1436 vel
906 1403 993 1436 illam
1014 1404 1218 1445 excesserint,

476 1466 653 1499 procurare
666 1462 701 1490 ut
715 1457 846 1490 eaedem
864 1458 1021 1501 pecuniae
1039 1458 1068 1490 iu
1085 1458 1222 1502 emptio-

476 1519 550 1542 nem
565 1509 748 1553 aliquorum
763 1510 924 1543 bonorum
937 1511 1101 1544 stabilium
1118 1511 1222 1545 inillis

477 1563 634 1607 partibus,
658 1563 706 1597 vel
732 1569 779 1597 tot
803 1564 949 1597 locorum
974 1565 1131 1598 Montium
1156 1576 1221 1599 non

477 1616 684 1658 vacabilium,
712 1617 763 1650 bic
788 1617 820 1650 in
846 1618 930 1651 Urbe
954 1629 1013 1662 pro
1039 1618 1125 1652 dicto
1148 1629 1219 1651 mo-

478 1670 619 1703 nasterio
644 1671 744 1704 sancti
771 1671 920 1716 Sylvestri
953 1672 991 1705 de
1020 1672 1220 1713 Nonautula,

478 1729 599 1768 quanto
611 1724 706 1758 citius
715 1731 945 1759 convertantur
956 1731 986 1759 et
999 1726 1220 1768 investiantur3

478 1784 575 1822 prout
594 1779 700 1812 eidem
725 1779 844 1820 abbati,
873 1779 1140 1821 administratori,
1168 1791 1223 1813 seu

478 1832 704 1874 reservatario,
729 1838 784 1866 aut
808 1833 898 1866 alteri
924 1833 1121 1877 praesidenti
1147 1833 1224 1867 dicti

481 1886 680 1928 monasterii,
697 1893 731 1920 ut
749 1887 850 1921 dictas
867 1887 1021 1931 pecunias
1042 1887 1073 1921 in
1088 1887 1225 1932 emptio-

481 1951 554 1974 nem
570 1941 731 1974 dictorum
746 1942 908 1974 bonorum
924 1941 1100 1982 stabilium,
1117 1942 1165 1974 vel
1179 1942 1222 1974 lo-

481 2005 593 2028 corum
608 1994 763 2028 Montium
777 2005 843 2028 non
864 1994 1069 2036 vacabilium,
1082 2000 1118 2027 ut
1134 2005 1225 2039 prae-

482 2050 594 2089 fertur,
615 2049 712 2082 unico
733 2054 883 2082 contextu
913 2054 1100 2082 convertant
1125 2054 1156 2081 et
1178 2048 1225 2081 in-

481 2102 630 2144 vestiant,
648 2108 679 2135 et
699 2102 827 2136 interim
851 2102 926 2136 inde
947 2102 1028 2144 illas,
1041 2102 1100 2136 sub
1120 2105 1225 2146 poena

481 2156 671 2200 privationis
681 2157 841 2199 abbatiae,
856 2156 1158 2198 administrationis,
1170 2167 1226 2190 seu

482 2211 720 2252 reservationis,
738 2222 774 2244 ac
787 2211 1035 2255 praesidentiae,
1051 2211 1120 2255 ipso
1134 2212 1227 2251 sacto,

483 2265 604 2309 absque
619 2265 680 2298 alia
695 2265 925 2306 declaratione,
939 2265 1145 2306 incurrenda,
1162 2275 1226 2298 non

483 2324 653 2352 amoveant
673 2318 733 2351 nisi
755 2319 794 2351 ad
818 2318 904 2351 bunc
925 2318 1074 2352 effectum
1089 2345 1096 2359 ‚
1117 2323 1228 2352 aucto-

484 2372 577 2405 ritate
612 2371 805 2416 apostolica,
843 2377 954 2404 tenore
985 2371 1224 2415 praesentium,

483 2426 702 2470 praecipimus
720 2430 751 2458 et
773 2425 975 2466 mandamus,
1008 2430 1039 2458 et
1061 2424 1228 2458 nibilomi-

484 2489 543 2511 nus
564 2479 603 2511 ad
624 2479 753 2511 illorum
770 2477 1006 2511 restitutionem
1023 2479 1061 2511 de
1078 2489 1136 2511 suo
1153 2488 1228 2522 pro-

485 2531 557 2574 prio
583 2537 752 2564 teneantur
777 2537 807 2564 et
832 2531 871 2564 ad
897 2531 928 2564 id
950 2531 1019 2573 cogi
1045 2531 1169 2575 possint
1193 2542 1229 2564 ac

487 2584 761 2627 debeant-,singuli
777 2595 864 2626 vero,
877 2585 931 2628 qui
946 2585 1131 2617 huiusmodi
1145 2585 1230 2618 bona

488 2690 621 2732 tionem,
638 2691 724 2735 quod
739 2692 906 2735 pecuniae,
930 2702 993 2736 per
1008 2691 1093 2736 ipsos
1107 2692 1230 2725 solutae

1059 282 1243 307 BULLAntmt
1264 282 1417 309 nottANmt

1250 337 1280 366 et
1303 332 1335 366 in
1360 332 1506 377 deposito
1536 332 1667 366 relictae
1691 343 1747 366 seu
1773 333 1935 375 dimissae,
1961 334 1993 367 in

1251 386 1447 430 emptionem
1461 386 1621 419 bonorum
1639 386 1815 428 stabilium,
1836 393 1891 421 aut
1905 388 1994 421 loco-

1252 450 1322 472 rum
1343 440 1497 473 Montium
1519 450 1579 484 pro
1600 439 1686 473 dieto
1708 440 1914 482 monasterio,
1938 451 1995 475 seu

1250 493 1349 525 alium
1369 493 1454 526 illius
1472 503 1565 526 usum
1581 498 1636 526 aut
1653 492 1823 526 utilitatem
1842 493 1994 538 deinceps

1251 547 1407 580 cesserint
1427 553 1458 580 et
1471 557 1644 581 conversae
1665 547 1796 588 suerint,
1812 547 1995 581 nullatenus

1252 605 1434 642 teneantur,
1458 601 1631 645 minusque
1657 601 1716 645 ipsi
1739 611 1918 645 eorumque
1936 601 1994 634 filii

1251 653 1408 687 haeredes
1425 659 1456 687 et
1476 665 1689 695 successores,
1718 665 1754 688 ac
1778 654 1827 687 ius
1847 654 1894 687 vel
1920 664 1995 688 cau-

1251 715 1318 737 sam
1347 705 1386 738 ab
1412 706 1533 739 eisdem
1564 705 1720 739 babentes
1749 706 1781 738 in
1810 705 1991 747 infinitum,

1250 765 1434 803 propterea,
1462 764 1516 792 aut
1536 769 1572 792 ex
1592 759 1706 803 quovis
1730 759 1793 792 alio
1817 764 1995 804 praetextu,

1251 823 1268 845 a
1289 823 1453 857 quoquam
1476 813 1625 857 desuper,
1648 814 1715 847 ullo
1733 823 1888 857 umquam
1915 818 1995 847 tem-

1251 877 1329 910 pore
1344 867 1521 908 molestari,
1538 867 1723 911 inquietari,
1743 873 1796 901 aut
1815 867 1892 901 alias
1911 876 1994 911 quo-

1253 920 1432 954 modolibet
1457 920 1607 965 impediri
1632 920 1774 964 possint:
1806 920 1862 954 sed
1891 925 1994 954 totum

1252 984 1333 1007 onus
1359 974 1578 1007 conversionis
1598 979 1627 1007 et
1650 973 1858 1007 investiturae
1877 973 1993 1007 huius-

1254 1028 1340 1061 modi
1359 1027 1572 1072 pecuniarum
1591 1027 1631 1060 ad
1649 1027 1815 1069 abbatem,
1837 1027 1887 1061 vel
1908 1037 1995 1062 com-

1254 1081 1504 1123 mendatarium‚
1534 1087 1587 1115 aut
1611 1081 1920 1122 administratorem,
1946 1081 1995 1114 vel

1253 1135 1516 1176 reservatarium‚
1545 1141 1600 1168 aut
1627 1135 1726 1168 alium
1756 1135 1996 1179 praesidentem

1253 1188 1454 1233 praedictum
1473 1188 1680 1222 solummodo
1703 1188 1878 1232 pertineat3
1902 1188 1945 1222 ita
1962 1194 1997 1223 ut

1253 1242 1360 1275 statim
1379 1242 1434 1275 ubi
1459 1242 1591 1275 eaedem
1616 1242 1775 1286 pecuniae
1799 1242 1997 1286 depositatae

1254 1296 1383 1337 suerint,
1411 1296 1540 1328 illarum
1561 1295 1743 1339 periculum
1768 1306 1868 1340 penes
1891 1295 1996 1339 ipsum

1254 1354 1411 1391 versetur,
1435 1349 1569 1393 eiusque
1584 1349 1758 1382 coscientia
1776 1360 1812 1382 ex
1827 1355 1902 1382 tunc
1914 1349 1997 1383 circa

1255 1404 1315 1436 boe
1337 1408 1469 1436 onerata
1481 1402 1604 1447 pariter
1621 1408 1651 1436 et
1670 1408 1801 1445 gravata
1817 1408 1994 1444 remaneat,

1256 1462 1286 1490 et
1311 1456 1448 1499 singuli,
1476 1455 1642 1500 praedicta
1671 1456 1758 1489 bona
1782 1455 1920 1500 precarii
1941 1467 1997 1489 seu

1255 1509 1456 1554 precariatus
1488 1509 1534 1542 vel
1570 1508 1789 1554 emphyteusis
1814 1508 1879 1541 sive
1912 1509 1992 1542 alte-

1255 1564 1322 1597 rius
1340 1563 1454 1597 similis
1476 1569 1661 1597 contractus
1674 1563 1767 1597 titulo
1782 1563 1996 1607 possidentes,

1256 1618 1296 1651 ad
1321 1617 1401 1650 nihil
1427 1617 1514 1650 aliud
1540 1622 1712 1650 teneantur
1735 1626 1842 1660 neque
1866 1616 2000 1659 obligati

1257 1671 1331 1711 sint,
1351 1671 1534 1715 quinimmo
1547 1670 1691 1713 singulas
1703 1670 1952 1704 affraneationes
1969 1676 2000 1703 et

1257 1724 1465 1758 liberationes
1478 1723 1666 1757 huiusmodi
1680 1724 1853 1764 bonorum,
1863 1734 1900 1757 ex
1913 1734 2000 1757 nunc

1257 1783 1355 1822 prout
1371 1788 1407 1811 ex
1430 1783 1516 1819 tunc,
1540 1782 1726 1822 postquam,
1750 1782 1784 1810 ut
1804 1777 1997 1821 praefertur,

1258 1832 1369 1874 vigore
1403 1837 1431 1864 et
1469 1831 1501 1864 in
1533 1830 1748 1875 exequutione
1779 1830 1999 1874 praesentium

1259 1888 1361 1920 sactae
1381 1886 1511 1926 suerint,
1536 1891 1566 1919 et
1586 1896 1602 1918 e
1623 1890 1746 1926 contra,
1774 1885 1858 1919 dicta
1883 1889 1997 1918 aueto-

1259 1940 1352 1974 ritate
1388 1940 1485 1973 etiam
1526 1945 1683 1983 perpetuo
1718 1939 1937 1983 approbamus
1971 1943 2002 1971 et

1259 1993 1502 2034 confirmamus,
1520 2003 1556 2026 ac
1569 1998 1745 2037 perpetuae
1763 1997 1792 2025 et
1809 1991 2002 2025 inviolabilis

1259 2047 1456 2092 apostolieae
1482 2046 1645 2079 firmitatis
1670 2046 1789 2079 robore
1815 2044 2002 2078 eommuni—

1259 2112 1341 2135 inus.

1304 2156 1319 2199 ᾖ
1339 2154 1369 2189 8.
1393 2155 1609 2188 Decet-nentes
1627 2154 1696 2187 illas
1711 2163 1823 2187 omnes
1841 2158 1871 2186 et
1891 2163 2001 2186 earum

1260 2209 1401 2251 singulas
1421 2213 1580 2252 perpetuo
1598 2207 1731 2248 validas,
1755 2206 1865 2239 firmas
1886 2211 1916 2239 et
1934 2205 2003 2239 effi-

1262 2274 1353 2297 caces
1373 2262 1508 2296 existere
1530 2268 1561 2295 et
1581 2262 1661 2302 sore,
1686 2272 1723 2294 ac
1744 2271 1820 2294 suos
1839 2259 2004 2304 plenarios

1261 2322 1293 2350 et
1313 2316 1457 2358 integros
1471 2315 1600 2349 effectus
1614 2313 1720 2348 sortiri
1741 2319 1771 2347 et
1791 2313 1949 2354 obtinere,
1967 2323 2004 2346 ac

1261 2369 1300 2402 ab
1319 2368 1481 2409 omnibus,
1498 2368 1538 2401 ad
1559 2378 1640 2411 quos
1653 2371 1786 2411 spectat,
1804 2371 1834 2399 et
1850 2376 1910 2410 pro
1925 2371 2004 2399 tem-

1261 2433 1340 2467 pore
1359 2422 1519 2466 spectabit
1538 2421 1676 2454 firmiter
1696 2419 1862 2453 observari
1884 2419 2004 2452 debere

1263 2478 1295 2510 in
1317 2477 1470 2511 omnibus
1491 2482 1521 2510 et
1542 2486 1599 2520 per
1619 2474 1740 2515 omnia,
1764 2473 1901 2518 perinde
1922 2484 1959 2506 ac
1978 2472 2023 2506 si>

1263 2542 1360 2575 super
1379 2529 1516 2573 singulis
1535 2528 1629 2561 bonis
1649 2527 1835 2560 huiusmodi
1857 2536 1930 2560 cum
1950 2536 2004 2560 ex-

1262 2583 1430 2628 pressione
1444 2581 1760 2622 denominationum,
1778 2580 2002 2620 situationum‚

1264 2637 1454 2677 confinium,
1477 2635 1683 2680 qualitatum,
1700 2634 1930 2678 quantitatum,
1954 2644 2005 2666 ve-

1263 2691 1356 2735 rique
1369 2695 1400 2724 et
1413 2689 1510 2723 annui
1525 2688 1643 2722 valoris
1657 2688 1861 2730 eorumdem,
1878 2697 2004 2724 necnon

2007 285 2056 311 An,
2070 285 2097 312 C.
2122 285 2190 314 1603

2044 2159 2164 2181 clausulae.
