2227 3241
263 313 301 339 An
329 312 357 339 c.
380 311 450 340 1610
496 301 559 336 650

299 692 364 712 Attum
380 691 442 711 {nsan-

260 720 301 738 tem
314 724 333 738 ιιι
349 717 442 738 Ticinum

261 745 368 769 delapsum
381 751 392 764 ’.ι
408 744 443 764 de-

260 776 364 791 [ner-<tune
382 776 442 795 Ιὶῐίὶυ·

260 799 357 817 :errarit

335 1759 387 1780 Hinc
403 1756 446 1778 Cle-

260 1792 319 1808 mens
327 1785 446 1806 Vindem-

261 1813 394 1834 nonizatwne
408 1810 445 1831 Ca-

262 1840 300 1859 ruti
316 1838 387 1859 mullis
403 1843 446 1857 mn-

262 1867 294 1886 diss
332 1864 446 1891 requisitus

261 1891 447 1915 nrancmmcarrli-

261 1919 448 1939 nalibussacrisri-

262 1946 318 1965 tilius
341 1943 447 1969 deputatis

263 1971 398 1992 demandavit
427 1972 447 1990 et

264 1998 289 2019 du
305 2003 376 2018 eorum
398 2001 447 2016 con-

263 2025 310 2045 sitio
360 2029 447 2044 causam

262 2051 357 2077 pluribus
372 2050 447 2070 Palatii

263 2077 377 2103 apostotici
389 2076 448 2096 andi·

263 2104 344 2133 toribus
365 2103 448 2124 commi-

263 2133 296 2151 sit.

459 365 530 403 post
549 368 666 403 paucas
691 357 786 390 horas
806 356 1043 399 expergefactus
1062 360 1195 388 matrem

461 416 571 450 vocat,
611 410 702 453 cique
738 408 835 441 refert
864 407 1066 441 Cardinalem
1103 418 1195 440 suum

460 464 562 497 morbi
588 463 695 496 locum
714 471 823 502 manu,
847 460 878 493 in
900 471 963 504 qua
984 461 1125 494 lucidum
1144 471 1197 504 ge-

459 522 543 550 reret
560 515 726 555 annulum‚
744 513 894 556 tetigisse,
916 524 952 547 ac
972 524 1111 555 sanasse,
1132 525 1196 558 quo

458 569 567 603 audito
586 567 762 612 (mirabilis
778 566 896 609 Deusl)
918 572 1020 600 mater
1040 567 1195 601 filiorum¹

459 622 604 666 adspicit,
626 632 662 655 ac
683 631 758 654 vero
780 620 978 654 convaluisse
1004 621 1171 665 comperit.

504 678 519 718 ἓ
546 675 597 708 44.
625 675 695 708 Non
722 674 817 716 longe
838 673 983 707 dissimili
1006 673 1129 708 ratione
1154 675 1198 707 al-

460 736 564 763 terum
581 739 719 773 puerum
740 727 927 771 Papienscn]
946 727 1136 761 Bernardini
1153 728 1198 761 Ti-

459 782 531 816 coni
557 782 681 822 silium,
711 780 930 824 suprascripto
962 781 1152 824 aequalem,
1181 792 1198 814 a

458 835 571 868 mortis
592 834 736 867 faucibus
758 833 873 877 eripuit
890 834 1044 866 Dominus
1061 844 1119 877 per
1137 844 1200 867 me-

459 889 518 922 rita
539 887 649 921 famuli
669 888 729 927 sui,
752 887 933 920 retribuens
956 886 1068 931 pietati
1087 897 1199 931 paren-

459 948 537 982 tum,
566 941 620 985 qui
642 940 681 973 ad
705 940 810 974 Sancti
830 939 886 973 Dei
908 939 1081 982 imaginem
1109 939 1194 974 filio-

458 995 546 1028 lum²
575 1005 706 1039 vespere
727 993 869 1038 quotidie
902 1003 1017 1034 orare,
1046 999 1076 1027 et
1107 993 1198 1027 illum

459 1049 605 1082 ivvocare
632 1048 824 1081 docuerant:
850 1057 922 1080 cum
945 1047 1029 1080 enim
1055 1046 1086 1079 in
1110 1047 1195 1081 Tici-

458 1112 535 1136 num
557 1101 648 1146 aquis
671 1101 828 1134 tumidum
851 1101 999 1144 delapsus
1020 1100 1128 1134 suisset
1153 1100 1199 1133 in-

458 1156 536 1196 fans,
564 1161 606 1196 et,
634 1160 807 1198 antequam
833 1154 1002 1198 quisquam
1032 1153 1077 1186 illi
1104 1164 1199 1198 opem

458 1210 541 1243 ferre
571 1214 700 1253 posset,
736 1208 826 1252 quasi
859 1212 972 1251 quarta
1004 1207 1102 1240 horae
1127 1218 1200 1251 pars

461 1263 569 1307 elapsa
593 1262 718 1302 suisset,
743 1271 920 1305 numquam
947 1267 1054 1295 tamen
1075 1266 1121 1295 est
1144 1261 1199 1295 de-

459 1326 594 1357 mersus,
607 1315 674 1356 sed,
692 1320 855 1358 tamquam
873 1315 939 1350 leue
956 1325 1072 1358 corpus
1093 1325 1201 1359 super-

458 1375 589 1410 natans,
611 1379 647 1402 eo
679 1379 779 1412 usque
794 1369 916 1402 delatus
934 1374 989 1410 est,
1008 1369 1110 1402 donec
1129 1369 1201 1402 edu-

459 1428 602 1456 ceretur:
632 1423 766 1456 eductus
790 1422 885 1466 plane
915 1421 1085 1455 incolumis
1111 1432 1143 1455 se
1168 1433 1201 1455 se

459 1478 554 1511 Beato
575 1477 687 1511 Carolo
708 1476 814 1509 rubris
835 1469 1107 1509 induto'vestibus
1133 1486 1200 1509 sus-

460 1535 633 1571 tentatum,
650 1541 690 1563 ne
714 1535 915 1573 mergeretur
928 1529 1097 1570 narravit²³;
1114 1529 1200 1563 Beati

460 1584 563 1619 Caroli
584 1589 691 1617 autem
713 1583 878 1624 auxilium,
907 1593 996 1616 more
1017 1593 1034 1616 a
1057 1583 1200 1627 parenti-

460 1638 519 1672 bus
537 1643 680 1682 accept0‚
701 1637 863 1677 invocans,
888 1636 964 1681 dum
986 1636 1160 1678 decideret,
1184 1647 1201 1670 a

460 1692 607 1737 pluribus
632 1691 759 1725 auditus
784 1691 896 1724 suerat.

506 1744 595 1788 §45-
619 1745 704 1778 Haec
733 1744 841 1788 itaque
866 1749 896 1776 et
921 1743 982 1776 alia
1010 1744 1202 1788 quamplura

461 1799 551 1842 signa
573 1804 603 1831 et
622 1797 779 1841 prodigia,
804 1797 922 1841 quibus
942 1796 1028 1830 Serri
1046 1797 1093 1829 sui
1115 1807 1203 1840 prae-

463 1853 547 1886 clara
576 1851 690 1884 merita
721 1856 916 1884 contestatus
948 1856 994 1883 est
1025 1850 1198 1891 Dominus,

463 1916 535 1939 cum
556 1905 642 1938 illam
665 1905 696 1937 in
718 1904 846 1948 populis
871 1904 1047 1937 sanctitatis
1072 1904 1201 1946 samam,

464 1965 491 1992 et
518 1968 593 2001 erga
622 1959 752 1992 beatum
773 1957 961 1991 Pontificem
983 1957 1198 1998 devotionem,

464 2012 579 2057 quam⁴
606 2013 668 2046 vita
691 2012 901 2053 excitaverat,
930 2011 1089 2045 auxissent
1114 2017 1145 2045 et
1170 2012 1199 2044 in

463 2067 532 2100 dies
559 2065 659 2108 magis
684 2071 858 2108 augerent,
889 2065 1047 2099 dederunt
1073 2064 1202 2098 exordia

464 2119 702 2154 clarificationis
734 2129 751 2152 a
782 2119 873 2152 Patre
905 2118 1064 2151 luminum
1090 2118 1201 2151 Carolo

462 2174 680 2218 praestitutae.
708 2172 818 2217 ltaque
844 2182 927 2205 anno
949 2182 1032 2214 tunel,
1053 2171 1202 2216 precibus

463 2226 728 2269 congregationis
745 2225 932 2259 Oblatorum
954 2224 1053 2258 sancti
1071 2224 1202 2257 Arnbro-

462 2281 499 2314 sii
518 2279 764 2314 Mediolanensis
781 2290 798 2312 a
811 2279 923 2312 Carolo
945 2278 1118 2318 institutae,
1135 2277 1201 2321 pri-

463 2345 550 2368 mum
573 2345 590 2367 a
610 2334 726 2367 vicario
752 2332 941 2366 venerabilis
967 2331 1073 2365 fratris
1100 2331 1200 2364 nostri

463 2388 696 2433 archiepiscopi
722 2387 965 2421 Mediolanensis
986 2387 1049 2420 duo
1074 2396 1202 2430 proces-

464 2453 538 2483 sus,
569 2443 608 2475 dc
637 2442 697 2475 vita
727 2442 828 2482 alter,
861 2441 941 2473 alter
969 2440 1007 2481 dc
1040 2440 1202 2473 miraculis

501 2541 510 2565 l
534 2539 573 2566 Ita
594 2539 658 2573 legit
677 2538 758 2565 etiam
779 2537 843 2564 edit.
866 2536 997 2569 Cherub.;
1015 2539 1041 2563 at
1060 2535 1203 2572 legendum

465 2591 524 2610 esse
535 2583 655 2617 filiolum
667 2585 711 2608 aut
722 2582 816 2617 filium
834 2581 948 2617 quiSque
964 2581 1097 2616 intelliget
1110 2581 1202 2615 (uxta).

500 2627 516 2653 2
537 2626 606 2653 Edit,
623 2625 700 2652 lllain.
715 2625 802 2652 adhuc
822 2625 885 2660 legit
899 2625 1027 2659 filiorum
1041 2625 1078 2658 (R.
1095 2626 1142 2659 T.).

502 2671 516 2698 3
536 2670 605 2698 Edit.
623 2670 701 2698 Μαίη.
719 2671 799 2698 habet
815 2671 933 2699 ιιαννιιίι
946 2670 983 2704 (R.
999 2670 1048 2704 ’τ.).

503 2715 518 2742 4
539 2714 683 2751 Perperam
703 2714 769 2742 edit.
793 2714 874 2743 Main.
897 2713 962 2750 legit
981 2722 1054 2750 quae
1072 2716 1108 2749 (n.
1121 2714 1169 2749 τ.).

1035 307 1216 332 BULLARIUM
1241 307 1393 333 ROMANUM

1980 310 2029 337 An.
2046 310 2076 337 C.
2096 309 2165 338 ¹6¹0

1230 355 1329 388 sancti
1350 355 1556 396 Confessoris,
1582 356 1708 390 formati
1733 363 1824 398 sunt3
1855 357 1968 392 exinde

1230 408 1334 441 clerus
1369 414 1400 441 et
1433 408 1602 441 consilium
1637 410 1786 452 generale
1823 409 1966 445 eiusdem

1230 461 1364 494 civitatis
1395 461 1638 495 Mediolanensis
1664 462 1704 495 ad
1729 462 1829 496 felicis
1861 473 1967 497 recor-

1231 513 1368 547 dationis
1398 513 1592 548 Clementem
1628 515 1747 559 Papam
1781 515 1847 549 VIII
1877 526 1969 560 prae-

1231 567 1432 600 decessorem
1461 573 1607 601 nostrum
1639 573 1783 602 oratores
1813 568 1852 602 de
1881 569 1969 603 Beati

1232 619 1334 654 Caroli
1368 620 1609 654 canonizatione
1641 620 1819 662 miserunt;
1854 621 1970 665 quibus

1231 672 1358 714 auditis,
1372 673 1456 706 idem
1477 672 1624 708 Clemens
1644 683 1771 707 causam
1796 674 1967 708 venerabi-

1232 725 1315 759 libus
1336 726 1486 773 fratribus
1503 726 1631 767 nostris,
1653 732 1728 760 tunc
1747 726 1824 768 suis,
1839 726 1868 760 S.
1884 727 1919 760 R.
1936 726 1970 760 E.

1232 779 1448 812 cardinalibus
1472 779 1569 813 sacris
1594 779 1707 813 ritibus
1727 778 1896 823 praesectis
1917 779 1971 813 de-

1232 833 1403 874 mandavit,
1430 834 1468 867 de
1487 844 1626 877 quorum
1644 832 1779 866 consilio
1800 842 1897 866 causa
1917 832 1971 866 de-

1232 886 1335 928 legata
1349 886 1450 920 tribus
1463 886 1550 921 Sacri
1564 886 1674 920 Palatii
1688 886 1788 920 nostri
1802 896 1970 920 causarum

1232 939 1445 981 auditoribus,
1469 940 1586 974 dilecto
1609 939 1757 973 videlicet
1775 939 1842 973 filio
1866 939 1968 973 Fran-

1233 992 1316 1025 cisco
1346 993 1462 1026 Peniae
1488 993 1631 1033 decano,
1665 1003 1700 1026 ac
1725 992 1843 1026 dilecto
1874 992 1970 1026 etiam

1233 1045 1299 1079 filio
1317 1051 1426 1079 nostro
1443 1046 1553 1080 Ioanni
1571 1046 1701 1080 Garziae
1722 1045 1806 1079 tituli
1823 1045 1869 1080 Ss.
1890 1045 1972 1085 Qua-

1234 1105 1306 1133 tuor
1336 1100 1568 1134 Coronatorum
1603 1100 1791 1145 presbytero
1816 1099 1972 1133 cardinali

1233 1153 1353 1187 Millino
1373 1159 1571 1198 nuncupato,
1596 1159 1672 1187 tunc
1692 1153 1880 1187 earumdem
1898 1164 1972 1187 cau-

1233 1218 1340 1241 sarum
1362 1208 1513 1249 auditori,
1535 1219 1571 1242 ac
1588 1208 1692 1241 bonae
1713 1207 1890 1241 memoriae
1905 1207 1974 1242 Ale-

1234 1261 1354 1295 xandro
1368 1261 1479 1301 Littae3
1496 1261 1612 1305 quibus
1626 1261 1742 1295 deinde
1759 1261 1863 1295 bonae
1877 1260 1972 1295 etiam

1235 1314 1409 1348 memoriae
1430 1315 1608 1349 Alexander
1635 1316 1748 1356 Iustus,
1781 1319 1812 1348 et
1838 1315 1974 1348 Bernar-

1235 1367 1328 1401 dinus
1359 1368 1496 1408 Scottus,
1531 1374 1561 1401 et
1585 1367 1659 1401 huic
1684 1369 1814 1402 demum
1840 1367 1974 1402 dilectus

1234 1421 1320 1455 filius
1356 1421 1505 1454 Horatius
1540 1421 1755 1454 Lancellottus
1786 1421 1973 1456 earumdem

1235 1486 1401 1509 causarum
1427 1475 1574 1509 similiter
1610 1475 1772 1509 auditores
1809 1475 1974 1518 subrogati

1236 1530 1373 1570 suerunt,
1402 1539 1473 1563 cum
1496 1529 1645 1562 facultate
1668 1539 1767 1563 novos
1791 1539 1970 1573 processus,

1234 1584 1258 1617 si
1285 1584 1329 1617 eis
1355 1583 1527 1624 videretur,
1555 1583 1756 1617 conficiendi.

1280 1639 1296 1680 g
1320 1636 1372 1670 46.
1401 1636 1474 1680 Ipsi,
1503 1646 1536 1669 re
1555 1642 1679 1670 mature
1699 1636 1889 1678 examinata,
1916 1647 1973 1670 no·
2002 1645 2174 1691 Quinquspgo-

1236 1702 1289 1724 vos
1306 1701 1484 1734 processus,
1508 1689 1697 1723 auctoritate
1722 1690 1909 1734 apostolica,
1929 1691 1974 1724 fa·
1988 1675 2137 1720 ’3ἷῖῗῖῗῖτοῦῧῖ
2151 1675 2174 1690 ⁰⁵

1235 1744 1366 1777 ciendos
1391 1747 1595 1777 censuerunt.
2191 1775 2194 1777 ,

1281 1798 1297 1839 ἓ
1318 1796 1370 1830 47.
1387 1796 1520 1837 Deinde,
1550 1796 1662 1830 eodem
1689 1795 1849 1830 Clemente
1873 1807 1971 1841 prae-
1989 1802 2175 1857 lerlffixlgrffiffi

1236 1850 1403 1883 decessore
1420 1849 1502 1882 viam
1516 1849 1684 1883 universae
1697 1849 1802 1883 carnis
1819 1849 1974 1893 ingresso,
1990 1857 2059 1880 iussn-

1236 1914 1271 1936 ac
1300 1902 1399 1936 felicis
1428 1901 1662 1949 recordationis
1689 1902 1794 1936 Leone
1825 1902 1911 1947 Papa
1934 1901 1975 1936 XI

1235 1955 1382 1989 similiter
1395 1955 1642 1999 praedecessore
1656 1960 1767 1989 nostro
1788 1955 1827 1989 ad
1842 1955 1976 2000 Aposto-

1236 2008 1332 2042 latus¹
1350 2014 1525 2053 assumpto,
1548 2009 1661 2042 eadem
1685 2019 1780 2042 causa
1804 2008 1976 2053 praedictis

1236 2063 1435 2096 auditoribus
1453 2062 1634 2102 commissa,
1652 2068 1693 2104 et,
1715 2068 1746 2096 ut
1765 2063 1805 2096 ad
1822 2062 1976 2097 ulteriora

1237 2117 1465 2161 procederent,
1492 2117 1677 2150 mandatum
1704 2116 1772 2150 fnit.

1280 2172 1296 2213 ξ
1310 2170 1363 2204 48.
1384 2171 1570 2215 Eodemque
1586 2171 1703 2211 Leone,
1719 2170 1801 2204 sicut
1813 2170 1974 2204 Altissimo

1236 2224 1365 2269 placuit,
1389 2224 1428 2257 ab
1449 2224 1598 2257 humanis
1619 2229 1778 2267 exempto,
1801 2225 1975 2268 nostraque

1236 2278 1427 2319 humilitate,
1445 2277 1642 2311 inscrutabili
1655 2276 1710 2310 Dei
1729 2276 1859 2317 iudicio,
1877 2276 1974 2310 nullis

1236 2331 1485 2375 suffragantibus
1506 2331 1638 2371 meritis,
1661 2331 1701 2364 ad
1721 2330 1901 2365 Catholicae
1917 2330 1974 2364 Ec-

1238 2385 1333 2419 lesiae
1359 2384 1502 2427 regimen
1522 2389 1650 2424 vocata,
1674 2383 1772 2417 officii
1793 2383 1891 2417 nostri
1918 2384 1974 2418 de-

1238 2439 1338 2472 bitum
1364 2438 1489 2482 exigere
1510 2437 1702 2478 censuimus,
1725 2442 1760 2470 ut
1783 2437 1883 2471 sancti
1900 2436 1975 2471 Car-

1238 2492 1352 2526 dinalis
1377 2490 1627 2525 canonizationis
1652 2490 1821 2533 negocium
1842 2499 1975 2534 promo-

1238 2551 1374 2586 veretur,
1399 2543 1559 2589 quand0'2,
1588 2543 1613 2577 si
1640 2544 1704 2577 Deo
1725 2542 1920 2587 adspirante,
1943 2549 1978 2577 ut

2026 2176 2066 2198 Hic
2081 2175 2176 2197 Pontifex

1988 2204 2070 2233 pariter
2112 2207 2177 2233 nego-

1989 2235 2044 2251 cium
2065 2233 2187 2251 canoniza-

1989 2257 2052 2278 tionis
2062 2255 2174 2284 promovit.

1278 2627 1284 2651 t
1310 2624 1374 2651 Heio
1389 2623 1542 2651 addendum
1558 2623 1627 2651 foret
1641 2623 1770 2658 apicem,·
1782 2622 1822 2650 vel
1838 2631 1899 2650 cum
1910 2623 1978 2651 Che-

1239 2669 1329 2697 rubin.
1347 2668 1490 2704 legendum
1506 2668 1705 2703 Apostolalum
1719 2669 1759 2701 (n.
1780 2670 1828 2699 τ.).

1274 2714 1290 2741 2
1309 2713 1404 2749 Aptius
1420 2713 1495 2748 quod
1518 2720 1567 2748 pro
1583 2712 1698 2748 quando
1718 2711 1854 2748 legeretur
1873 2713 1909 2746 (n.
1926 2711 1974 2748 τ.).
