2227 3241
217 234 265 261 Λη.
284 234 312 261 C.
331 235 397 263 1607

240 827 327 848 Sit—iliae
337 833 397 852 repes

213 854 283 875 edicto
292 860 329 874 suo
338 860 398 875 cartu

212 883 260 901 iant
287 881 398 907 quominus

212 907 225 929 b
234 913 283 931 >vesv
291 908 356 932 vituli,
363 910 398 929 etr.

212 936 361 956 mactarentur.

237 1950 347 1975 Philippus
363 1950 396 1970 hic

212 1978 277 2002 tegern
293 1978 320 1996 ad
331 1978 397 1997 eccl-*-

211 2004 309 2023 sinsin-ns
345 2006 396 2030 petit

211 2030 304 2051 extenti.

241 2545 316 2565 t‘autus
329 2547 397 2565 exten-

214 2571 245 2590 itit
263 2571 301 2590 sul)
318 2571 398 2596 poenis.

215 2598 311 2622 qnaehic
328 2604 397 2618 reccu-

213 2626 292 2644 nentur.

445 226 509 260 5³86

998 238 1094 262 nt'LLA
1101 238 1175 263 mutu
1201 239 1351 265 ROMANUM

414 290 447 317 ut
473 284 592 318 nedum
613 284 834 330 adiacentibus
851 284 940 326 locis,
969 285 1023 318 sed
1050 285 1151 319 inter·
1188 292 1219 320 et
1238 287 1418 321 ubertatem
1443 289 1564 333 ubique
1586 290 1691 333 vigere
1712 290 1846 325 sinceris
1870 292 1925 325 de-

414 339 489 371 dum
511 338 570 381 ipsi
591 337 668 371 Urbi
690 338 811 381 pluries
832 338 863 371 in
884 339 1031 373 maaimis
1056 350 1155 374 anno·
1188 340 1401 374 sidcravimus
1433 341 1621 383 affectibus,
1652 342 1752 386 ipsius
1787 343 1926 389 Philippi

413 401 472 424 nae
490 389 736 424 difficultatibus
755 391 917 425 frumenta
934 392 1155 427 subministra-

413 443 466 484 vit,
492 443 532 476 ob
553 443 649 487 idque
674 444 852 488 antiquitus
876 445 1018 479 Romani
1035 446 1156 480 Horrei

413 506 530 530 nomen
553 497 720 538 meruerit,
749 498 788 531 ad
821 498 922 542 ipsius
947 499 1038 542 regni
1068 510 1154 534 com-

413 549 593 583 modiorem
620 550 865 596 facilioremque
889 553 1047 586 culturam
1073 563 1151 597 pro-

413 603 552 636 ficientia
581 604 742 647 (maxime
776 605 1010 640 catholicorum
1041 617 1153 650 regum

412 656 492 689 votis
519 656 549 689 id
579 658 844 702 exposcentibus)
870 659 1007 693 libenter
1031 660 1152 694 consti-

413 709 551 751 tuimus,
579 717 675 754 prout
709 712 925 756 conspicimus
956 713 985 746 in
1018 714 1155 747 Domino

413 763 586 797 salubriter
611 764 772 808 expedire.

458 817 474 858 ἓ
493 816 522 850 1.
541 817 634 859 Sane,
655 818 863 852 charissimus
880 819 910 852 in
930 819 1053 854 Christo
1072 820 1157 855 filius

413 875 524 904 noster
543 871 712 916 Philippus
730 872 955 916 Hispaniarum
977 884 1030 907 rex
1048 874 1156 908 catho-

413 924 493 958 licus
506 925 599 958 nohis
612 936 716 970 nuper
732 927 847 970 exponi
866 927 948 969 fecit,
967 928 1066 972 quod,
1083 939 1154 962 cum

414 978 446 1011 in
467 979 632 1022 praedicto
658 990 768 1023 regno,
793 980 884 1014 cuius
904 981 971 1025 ipse
991 981 1156 1026 Philippus

413 1032 509 1066 etiam
531 1043 585 1066 rex
611 1033 724 1075 existit,
751 1045 865 1077 magna
891 1035 1008 1068 bovum
1030 1041 1059 1068 et
1085 1046 1156 1069 rac-

414 1097 523 1120 carum
546 1087 585 1120 ad
608 1092 708 1121 terras
735 1088 820 1122 illius
849 1088 940 1131 regni
966 1090 1155 1123 excolendas

412 1139 549 1183 penuria
567 1140 727 1181 existeret,
749 1140 847 1184 ipsius
864 1141 1003 1185 Philippi
1022 1142 1105 1186 regis
1124 1143 1153 1176 in

413 1192 499 1226 dicto
520 1203 620 1236 regno
638 1199 855 1228 antecessores
875 1206 933 1238 per
951 1205 1062 1228 eorum
1090 1197 1154 1229 edi-

413 1252 473 1286 cta,
497 1247 744 1281 constitutiones
764 1258 821 1281 seu
838 1249 1051 1292 pragmaticas
1066 1260 1154 1283 man-

414 1300 529 1334 darunt
551 1306 582 1334 ct
605 1308 843 1346 praeceperunt
863 1304 1015 1337 omnibus
1040 1311 1070 1338 et
1090 1306 1153 1338 sin-

412 1354 495 1397 gulis
527 1355 669 1389 eiusdem
702 1356 808 1399 regni*
824 1357 954 1399 incolis,
978 1369 1017 1392 ne
1043 1359 1149 1401 boves,

413 1420 533 1450 vaccas,
556 1409 670 1443 vitulos
688 1415 718 1443 et
737 1410 922 1445 huiusmodi
944 1413 1069 1454 generis
1087 1413 1153 1446 aui-

413 1462 508 1495 malia
537 1464 576 1496 ad
607 1474 701 1497 usum
727 1464 871 1498 carnium
897 1476 955 1509 pro
981 1466 1064 1499 victu
1095 1467 1154 1500 hu-

413 1526 508 1549 mano
541 1516 816 1551 conficiendarum
847 1519 1094 1564 (praeterquam
1123 1521 1152 1554 in

413 1569 508 1602 certis
532 1570 668 1614 publicis
694 1572 772 1605 locis
797 1572 982 1616 dumtaxat)
1003 1574 1153 1618 subqui-

413 1622 547 1656 busdam
567 1624 680 1668 poenis
701 1625 812 1668 quovis
833 1627 930 1659 modo
945 1632 1084 1660 mactare
1098 1638 1153 1661 scu

413 1676 545 1710 mactari
578 1677 682 1711 facere
708 1679 865 1712 auderent
889 1680 936 1713 vel
969 1691 1154 1723 praesume-

413 1736 507 1769 rent;
546 1741 627 1774 quae
659 1731 785 1772 edicta,
821 1732 1075 1773 constitutiones,
1098 1745 1153 1767 seu

412 1784 627 1827 pragmaticas
655 1784 722 1829 ipse
748 1785 914 1830 Philippus
931 1797 996 1828 rex,
1017 1798 1072 1821 seu
1087 1788 1154 1821 cius

414 1837 444 1870 in
471 1837 555 1871 dicto
577 1848 676 1881 regno
696 1849 850 1882 proreges
871 1841 919 1873 vel
940 1841 993 1873 alii
1017 1841 1153 1875 ministri

412 1896 523 1934 postea
544 1891 780 1926 confirmarunt
801 1898 831 1926 et
855 1893 1061 1927 innovarunt.

458 1947 474 1987 ξ
496 1944 525 1978 2.
550 1946 678 1987 Verum,
696 1946 771 1990 quia
784 1957 941 1991 personae
961 1948 1153 1982 ecclesiasti-

414 2009 480 2039 cae,
505 2004 568 2032 tam
587 2000 768 2034 saeculares
789 2011 885 2044 quam
907 2002 1082 2044 regulares,
1107 2003 1154 2036 di-

413 2051 454 2084 cti
473 2051 574 2094 regni,
592 2052 656 2086 sive
669 2063 780 2086 eorum
796 2054 906 2098 aliqui,
927 2055 958 2087 in
977 2055 1152 2089 maximum

413 2105 510 2138 totius
532 2106 622 2148 regni
643 2106 793 2151 illiusque
818 2108 1035 2151 agriculturae
1056 2109 1152 2142 detri-

413 2165 568 2200 mentum,
592 2159 708 2201 boves,
731 2171 843 2195 vaccas
869 2168 897 2195 et
922 2162 1038 2195 vitulos
1057 2162 1153 2196 inter—

412 2213 488 2246 dum
512 2219 653 2248 mactare
674 2225 729 2247 seu
751 2215 883 2248 mactari
899 2216 1004 2249 facere
1024 2226 1089 2248 non
1107 2226 1155 2259 ye-

412 2272 544 2309 rentur3
571 2267 754 2312 praedictus
786 2268 952 2312 Philippus
976 2279 1028 2302 rex
1061 2269 1154 2302 nobis

412 2321 579 2355 humiliter
590 2321 764 2366 supplicari
783 2322 867 2363 fecit,
885 2327 1042 2366 quatenus
1058 2333 1154 2367 super

412 2375 598 2420 praemissis
623 2382 843 2420 opportunum
872 2376 1025 2410 adhibere
1052 2387 1155 2410 reme-

413 2429 501 2462 dium
532 2429 571 2462 de
600 2428 797 2472 benignitate
831 2429 1007 2473 apostolica
1035 2430 1150 2474 digna-

413 2493 533 2516 remur.

459 2534 522 2578 §3
543 2535 607 2570 Nos
627 2535 739 2579 igitur,
764 2536 819 2580 qui
844 2536 882 2569 ab
910 2536 1000 2570 initio
1026 2543 1154 2571 nostrae

414 2590 453 2622 ad
467 2589 584 2622 summi
605 2590 801 2634 apostolatus
822 2590 944 2634 apicem
964 2591 1155 2635 assumptio-

415 2642 474 2684 nis,
497 2643 648 2678 frumenti
675 2650 705 2678 et
729 2644 897 2678 bladarum
923 2644 1152 2679 abundantiam

1188 393 1272 436 regis
1289 393 1382 427 nobis
1401 404 1459 438 per
1479 394 1633 428 dilectum
1659 395 1761 429 filium
1783 396 1925 430 nobilem

1188 445 1292 479 virum
1321 447 1474 481 loannem
1503 447 1689 482 Fernandez
1718 449 1758 482 de
1783 449 1927 484 Pacecho

1189 499 1409 534 marchionem
1426 500 1578 543 Villenae,
1596 501 1672 535 dum
1693 501 1778 547 apud
1791 512 1850 536 nos
1868 513 1928 548 pro

1189 552 1258 597 ipso
1279 553 1427 598 Philippo
1447 564 1522 597 rege
1542 554 1681 589 oratoris
1701 566 1834 590 munere
1854 556 1927 590 fun-

1188 611 1329 649 geretur,
1350 606 1506 651 porrectis
1526 607 1815 651 supplicationibus
1835 608 1927 643 incli-

1189 659 1271 700 nati,
1292 660 1442 693 omnibus
1460 666 1490 693 et
1504 660 1762 706 quibuscumque
1781 662 1928 706 personis

1189 712 1423 755 ecclesiasticis,
1448 719 1510 746 tam
1532 714 1751 748 saecularibus
1768 724 1864 759 quam
1878 725 1928 749 rc-

1189 765 1354 808 gularibus
1369 766 1506 810 (etiamsi
1517 766 1699 801 saeculares
1711 767 1928 812 patriarchali,

1190 818 1365 863 episcopali
1391 825 1445 853 aut
1469 819 1580 863 quavis
1611 819 1672 853 alia
1701 819 1855 863 dignitate
1879 821 1927 854 vel

1190 873 1374 906 eccellentia
1392 900 1398 915 ‚
1417 874 1580 916 regulares
1597 884 1672 907 vero
1692 883 1850 918 personae
1869 874 1929 908 hu—

1189 925 1327 959 iusmodi
1346 926 1484 960 cuiusvis
1495 926 1633 969 Ordinis,
1649 927 1744 961 etiam
1758 932 1929 972 quantum-

1190 980 1234 1013 vis
1256 981 1393 1025 exempti
1421 986 1451 1014 et
1478 980 1683 1025 privilegiati,
1703 991 1762 1014 nec
1789 992 1854 1015 non
1873 981 1928 1016 Mi-

1191 1034 1329 1068 litiarum
1345 1062 1352 1076 ,
1384 1035 1479 1069 etiam
1511 1035 1610 1069 sancti
1648 1035 1776 1069 loannis
1809 1035 1925 1070 Hiero-

1189 1089 1394 1134 solymitani,
1416 1090 1573 1133 existant)
1595 1090 1627 1123 in
1658 1090 1774 1124 virtute
1800 1096 1929 1124 sanctae

1190 1143 1393 1176 obedientiae
1413 1154 1449 1177 ac
1470 1144 1528 1177 sub
1543 1143 1774 1187 indignationis
1786 1150 1925 1184 nostrae,

1190 1207 1248 1230 nec
1273 1207 1336 1230 non
1360 1197 1446 1230 mille
1467 1203 1644 1238 scutorum,
1666 1198 1772 1241 quoad
1786 1197 1929 1232 saecula-

1190 1261 1249 1291 res,
1271 1261 1335 1294 quo
1357 1261 1431 1284 vero
1452 1250 1491 1284 ad
1512 1251 1677 1293 regulares
1696 1260 1851 1295 personas
1870 1251 1929 1285 hu-

1189 1305 1349 1344 iusmodi,
1378 1314 1660 1348 quorumcumque
1683 1304 1866 1339 officiorum
1893 1316 1929 1339 ac

1188 1359 1390 1401 dignitatum,
1408 1358 1501 1392 ctiam
1517 1358 1727 1401 generalium,
1744 1369 1825 1403 quae
1845 1359 1928 1393 obti-

1188 1418 1274 1453 nent,
1297 1422 1334 1445 ac
1354 1411 1572 1456 incapacitatis
1590 1412 1629 1445 ad
1656 1412 1711 1445 illa
1732 1411 1848 1446 similia
1875 1419 1930 1447 aut

1187 1465 1356 1498 dissimilia
1377 1465 1409 1498 in
1431 1465 1574 1498 futurum
1603 1465 1849 1509 quomodolibet
1870 1466 1928 1500 ob-

1189 1519 1329 1560 tinenda,
1351 1529 1415 1563 quo
1436 1524 1543 1552 autem
1568 1519 1607 1552 ad
1629 1519 1745 1553 milites
1761 1519 1928 1564 hospitalis

1188 1573 1287 1607 sancti
1302 1573 1717 1618 loannishierosolymitani
1731 1573 1928 1616 huiusmodi,

1941 244 1990 271 Αη.
2007 243 2036 271 c.
2057 245 2151 287 ¹⁶⁰⁷st

1188 1627 1324 1659 aliorum
1348 1627 1434 1660 mille
1448 1632 1623 1668 scutorum,
1641 1627 1716 1660 etin
1734 1627 1926 1668 subsidium,
1975 1658 1979 1661 ,

1188 1680 1295 1724 quoad
1317 1691 1371 1714 cos
1389 1680 1444 1724 qui
1463 1690 1526 1713 non
1546 1680 1666 1713 habent
1686 1680 1716 1714 in
1734 1691 1819 1722 aere,
1843 1681 1927 1714 exilii

1188 1744 1205 1766 a
1223 1739 1288 1766 toto
1310 1733 1454 1777 praefato
1472 1743 1582 1776 regno,
1599 1733 1712 1777 poenis
1724 1745 1783 1778 per
1800 1740 1927 1768 contra-

1188 1787 1351 1821 venientes
1377 1787 1581 1821 incurrendis
1607 1788 1750 1822 districte
1773 1788 1928 1832 prohibe-

1189 1852 1258 1874 mus
1284 1847 1314 1874 et
1340 1841 1542 1882 inhibemus,
1569 1852 1609 1874 ne
1641 1841 1700 1885 ipsi
1734 1847 1790 1875 aut
1814 1852 1926 1875 eorum

1188 1895 1285 1938 aliqui
1302 1895 1340 1928 (le
1361 1901 1500 1936 caetero,
1515 1895 1629 1939 quovis
1642 1895 1787 1939 quaesito
1802 1895 1924 1936 colore,

1188 1953 1354 1991 praetextu
1374 1949 1422 1981 vel
1444 1948 1584 1991 ingenio,
1608 1948 1715 1988 boves,
1739 1958 1862 1990 vaccas,
1883 1949 1928 1982 vi-

1190 2001 1272 2034 tulos
1303 2005 1357 2034 aut
1388 2001 1538 2034 animalia
1563 2001 1748 2035 huiusmodi
1775 2011 1926 2044 agrorum

1188 2054 1333 2088 culturae
1354 2054 1558 2088 inservientia
1578 2055 1617 2088 ad
1630 2060 1775 2088 nostrum
1795 2061 1824 2088 ct
1838 2054 1928 2089 Sedis

1189 2108 1392 2152 Apostolicae
1423 2109 1661 2153 beneplacitum
1695 2114 1835 2143 mactare
1871 2119 1927 2143 scu

1189 2162 1320 2196 mactari
1339 2163 1454 2203 facere,
1477 2163 1525 2196 vel
1547 2162 1624 2196 alias
1645 2162 1859 2196 mactantibus
1873 2173 1927 2196 au·

1188 2216 1298 2249 xilium
1319 2217 1364 2249 vel
1387 2217 1539 2257 savorem,
1563 2217 1688 2250 occulte
1709 2217 1756 2250 vel
1776 2216 1924 2261 publice,

1188 2270 1308 2303 directe
1333 2271 1380 2303 vel
1416 2270 1570 2304 indirecte
1596 2270 1683 2312 dare,
1711 2270 1850 2304 audeant
1879 2270 1926 2303 vel

1187 2329 1406 2367 praesumant.

1233 2378 1248 2420 ξ
1278 2377 1309 2410 4.
1337 2377 1550 2411 Decernentes
1581 2381 1766 2422 praesentes
1801 2382 1926 2411 nostras

1188 2431 1310 2464 litteras
1335 2430 1449 2475 (etiam
1482 2442 1517 2465 ex
1547 2441 1583 2465 eo
1615 2430 1701 2475 quod
1729 2430 1926 2476 quicumque

1188 2476 1298 2528 quavis
1323 2484 1534 2526 auctoritate,
1562 2485 1738 2528 dignitate,
1762 2484 1870 2519 officio
1895 2491 1927 2519 et

1188 2538 1310 2571 honore
1326 2538 1503 2581 fungentes,
1514 2538 1542 2570 in
1553 2537 1738 2582 praemissis
1751 2539 1926 2582 quomodo-

1188 2591 1265 2624 libet
1285 2591 1438 2625 interesse
1460 2591 1614 2625 habentes
1628 2601 1683 2625 seu
1697 2591 1817 2626 habere
1837 2602 1926 2637 prac-

1189 2645 1362 2689 tendentes,
1373 2645 1411 2679 ad
1423 2645 1483 2679 hoc
1494 2645 1607 2687 vocati,
1618 2651 1645 2679 et
1659 2655 1783 2689 caueae,
1793 2651 1926 2691 propter

1969 2388 2088 2410 clausulas.
2179 2372 2203 2402 ¹¹
