2227 3241
106 219 155 247 An.
166 219 195 247 C.
217 217 284 246 1607

131 867 225 893 Eiusque
244 871 292 892 pro-

107 896 208 916 tectorem
227 894 293 919 depu-

106 923 137 942 tat
151 926 213 941 suum
235 920 292 940 vica—

105 948 166 970 rium.

134 1295 208 1317 Eidem
224 1296 293 1316 archi-

115 1322 286 1343 confi-aternitati

109 1349 230 1370 facultatem
241 1350 294 1370 altas

108 1375 295 1397 confraternitates

106 1402 295 1428 aggregandiotin-

109 1429 228 1455 dulgentia-5
239 1434 295 1450 com-

109 1456 230 1476 municandi
246 1461 294 1476 cen-

108 1482 173 1506 cedit,

139 1882 225 1903 statuta
246 1887 296 1904 cou-

112 1908 183 1930 dandi.

150 2588 303 2614 indulgentiam

121 2614 237 2640 plenariam
254 2620 304 2636 con-

946 216 1068 241 PAULUS
1091 217 1111 241 V
1134 217 1184 242 Pr.

1730 205 1796 239 443
1842 213 1891 241 An.
1912 214 1941 242 c.
1958 215 2025 245 ¹607

302 265 408 306 nulae,
429 270 556 299 sanctae
574 265 717 308 Agathae
733 264 876 308 regionis
894 264 1042 309 Transty-
1076 264 1123 307 gis
1143 270 1309 307 angeatur,
1330 264 1369 298 de
1389 263 1624 308 Omnipotentis
1647 262 1703 297 Dei
1724 263 1818 296 mise-
1840 276 1940 297 fratribus
1955 277 1976 297 m
1991 277 2025 298 die

303 319 449 362 berinae)
467 319 572 353 eidem
595 318 841 362 Congregationi
870 319 1045 362 apostolica

303 373 492 406 auctoritate
513 382 681 406 concessas
709 372 768 405 sub
789 373 898 405 nostra
913 376 943 404 et
957 371 1046 404 Sedis

302 427 504 471 Apostolicae
514 426 713 471 protectione
724 426 944 470 suscipientes,
957 430 1045 457 motu

303 480 437 524 proprio
455 486 483 513 et
502 491 538 513 ex
550 478 636 514 certa
647 479 791 519 scientia,
812 490 848 512 ac
867 479 906 512 de
923 484 1048 522 aposto-

305 533 386 566 lieae
405 533 573 577 potestatis
594 532 817 577 plenitudine,
846 533 878 565 in
907 531 1049 566 celeber-

303 585 386 620 rima
413 586 544 620 basilica
568 586 724 630 Principis
752 586 979 630 Apostolorum
1010 585 1049 618 de

304 639 388 673 Urbe
402 640 692 683 Congregationem
704 640 877 673 Doctrinae
892 640 1051 674 Christia-

303 703 366 726 nae
386 693 572 727 huiusmodi
606 695 636 726 in
659 693 1047 727 areliiconfraternitatem

306 746 482 790 apostolica
510 747 723 788 auctoritate,
748 753 859 781 tenore
891 757 1045 791 praesen-

307 800 398 841 tium,
415 807 573 845 perpetuo
591 801 745 844 erigimus
763 807 793 835 et
811 801 1023 841 instituimus3

353 856 370 897 ἓ
389 854 420 888 li.
444 855 595 899 Illiusque
615 856 659 889 sic
680 861 808 889 erectae
834 861 864 888 et
884 855 1048 888 institutae

307 914 500 952 perpetuum
521 909 817 943 administratorem
840 915 870 942 et
887 914 1049 953 protecto-

309 972 376 995 rem
403 962 555 996 dilectum
588 963 689 995 filium
716 969 861 996 nostrum
888 963 1046 1007 Hierony-

307 1026 397 1049 mum
414 1016 495 1049 tituli
513 1017 613 1050 sancti
632 1017 725 1050 Blasii
744 1017 966 1061 presbyterum
982 1026 1050 1048 car-

307 1069 446 1103 dinalem
461 1069 676 1114 Pamphilium
690 1077 924 1114 nuncupatum,
942 1080 978 1102 ac.
991 1079 1049 1113 pro

307 1128 452 1167 tempore
477 1124 664 1157 existentem
687 1124 718 1157 in
743 1123 829 1157 Urbe
854 1129 882 1156 et
906 1123 975 1155 eius
996 1123 1047 1155 di-

307 1177 419 1211 strictu
444 1178 580 1211 Romani
606 1177 771 1211 Pontificis
797 1177 962 1216 vicarium,
987 1177 1047 1210 ha-

307 1241 379 1264 rum
400 1231 482 1265 serie
503 1231 728 1265 constituimus
749 1237 777 1264 et
800 1232 1002 1275 deputamus:

353 1286 369 1327 ξ
382 1284 411 1317 5.
426 1287 469 1318 Ac
485 1285 583 1329 ipsius
597 1284 963 1319 archiconfraternitatis
976 1294 1051 1317 con-

310 1337 461 1371 fratribus
489 1349 548 1382 pro
577 1345 722 1383 tempore
754 1339 963 1373 existentibus
991 1348 1052 1380 ag-

310 1391 464 1434 gregandi
483 1392 586 1425 dictae
607 1392 952 1426 archiconfraternitati
975 1394 1052 1426 alias

310 1446 438 1489 quasvis
455 1445 598 1479 eiusdem
620 1445 788 1479 doctrinae
809 1446 1002 1480 christianae
1021 1447 1052 1480 in

309 1499 454 1544 qualibet
479 1500 588 1533 mundi
622 1506 711 1544 parte
744 1501 899 1533 canonice
932 1508 1053 1534 erectas

309 1559 341 1587 et
366 1553 524 1586 institutas
545 1564 580 1587 ac
606 1553 817 1587 instituendas
843 1554 1052 1587 confraterni-

310 1612 399 1647 tates
430 1607 555 1651 illisque
580 1607 763 1651 privilegia,
793 1607 938 1648 indulta,
967 1608 1052 1640 savo-

310 1671 372 1701 res,
395 1661 626 1705 exemptiones,
648 1660 766 1703 gratias
786 1666 816 1693 et
839 1661 1054 1704 indulgentias

312 1713 528 1758 infrascriptas
552 1713 611 1747 sihi
645 1725 702 1758 per
727 1724 785 1747 nos
811 1724 989 1755 concessas,
1018 1726 1053 1747 ac

309 1777 370 1812 pro
396 1773 542 1811 tempore
567 1778 584 1800 a
608 1767 690 1801 Sede
721 1767 903 1812 Apostolica
938 1779 1053 1801 conce-

312 1820 444 1861 dendas,
468 1820 741 1860 comniunicandi3

357 1876 373 1916 ἓ
399 1874 428 1907 ὓ.
464 1874 527 1907 Nec
559 1885 621 1907 non
655 1875 694 1907 de
726 1874 994 1908 administratoris
1026 1881 1055 1907 et

312 1927 504 1972 protectoris
524 1928 680 1972 praedicti
703 1938 858 1961 consensu
881 1939 1054 1972 quaecum-

312 1992 376 2026 que
400 1987 516 2015 statuta
537 1981 608 2015 felix
635 1981 777 2024 regimen
804 1988 834 2015 et
859 1982 1052 2023 guliel-nium

313 2035 416 2068 dictae
441 2035 806 2068 archiconfrater-uitatis
827 2036 1054 2069 concernentia

313 2088 419 2131 (licita
441 2094 546 2122 tamen
569 2095 596 2122 et
619 2089 765 2126 honesta,
790 2100 825 2122 ae
843 2089 941 2122 saeris
961 2100 1056 2122 eano-

313 2141 408 2175 nibus
433 2148 463 2175 et
488 2142 623 2175 decretis
644 2142 770 2175 concilii
798 2143 950 2186 praedicti
974 2154 1053 2176 con-

314 2195 602 2239 stitutionihusque
622 2196 806 2240 apostolicis
833 2196 964 2229 minime
986 2208 1058 2230 con-

317 2249 433 2292 traria)
452 2249 623 2290 condendi,
650 2249 767 2293 illaque
785 2250 829 2282 sic.
844 2250 1057 2294 conditapro

316 2313 422 2336 rerum
442 2309 472 2336 et
491 2310 671 2347 temporum
691 2303 856 2347 qualitate,
875 2303 904 2335 in
926 2310 991 2337 toto
1010 2304 1056 2337 vel

316 2361 417 2399 parte,
440 2367 475 2389 ac
498 2356 589 2389 toties
614 2356 740 2400 quoties
765 2366 845 2400 opus
872 2357 977 2397 fuerit,
1001 2357 1058 2389 im-

317 2409 474 2450 mutandi,
493 2416 518 2443 et
537 2410 566 2442 in
589 2420 701 2443 eorum
717 2411 822 2443 locum
839 2410 899 2443 alia
918 2411 956 2444 de
975 2402 1071 2444 noro'

317 2463 444 2505 edendi,
466 2463 639 2501 licentiam,
664 2465 845 2497 facultatem
869 2470 899 2498 et
919 2465 1058 2497 auctori-

319 2522 414 2550 tatem
441 2517 648 2550 concedimus
674 2523 703 2549 et
731 2517 944 2561 impertimur.

364 2572 380 2612 ἓ
402 2570 430 2603 7.
454 2571 496 2603 Ut·
519 2576 624 2604 autem
651 2571 778 2604 devotio
799 2571 1057 2603 christifidelium

321 2623 359 2656 ad
378 2622 498 2657 dietum
517 2633 597 2668 opus
618 2624 831 2658 exercendum
853 2624 884 2657 in
906 2624 973 2659 dies
994 2634 1059 2658 ma-

1840 304 1947 329 ingressus
1972 304 2025 324 elar-

1079 318 1218 351 ricordia
1238 329 1274 352 ae
1296 319 1464 352 beatorum
1485 318 1569 351 Petri
1587 323 1618 351 et
1637 317 1727 350 Pauli
1753 327 1826 361 apo.
1841 333 1903 356 gum,

1079 372 1235 404 stolorum
1250 372 1318 405 eius
1330 372 1521 405 auctoritate
1536 370 1661 413 confisi,
1675 370 1825 404 omnibus

1081 431 1108 458 et
1125 424 1258 465 singulis
1273 426 1441 469 utriusque
1455 436 1547 459 sexus
1562 424 1827 459 christifidelibus

1082 489 1154 511 vere
1175 479 1414 522 poenitentibus
1443 486 1473 512 et
1502 479 1655 513 confessis
1681 489 1717 512 ae
1737 480 1828 511 sacra

1082 532 1317 566 Connnunione
1344 533 1481 570 refectis,
1505 533 1560 577 qui
1587 543 1646 576 pro
1673 531 1828 565 ministris

1083 585 1240 629 operariis
1271 593 1298 619 et
1333 586 1553 619 confratribus
1579 586 1695 619 dictam
1721 584 1828 618 archi-

1084 639 1380 673 confraternitatem
1399 640 1631 682 ingredientur,
1650 640 1702 673 die
1720 639 1827 683 primo

1084 692 1214 726 illorum
1237 693 1408 735 ingressus,
1430 705 1485 727 seu
1507 704 1545 727 eo
1566 694 1618 727 die
1639 704 1703 737 quo
1725 693 1828 726 dictae

1083 745 1429 780 archiconfraternitati
1449 747 1603 792 adscripti
1618 747 1748 788 fuerint,
1765 747 1829 791 ple-

1084 810 1228 839 nariam3

1128 855 1144 896 ξ
1163 853 1191 886 8.
1208 854 1271 887 Nec
1290 864 1352 887 non
1369 854 1487 888 eisdem
1506 855 1552 888 sic
1567 855 1746 899 descriptis,
1763 855 1829 899 qui,
1898 865 1923 886 Et
1940 866 1958 885 in
1977 864 2028 884 roan

1085 917 1155 940 rere
1170 908 1370 951 poenitentes
1385 915 1411 942 et
1428 909 1574 949 confessi,
1592 909 1827 943 sanctissimum
1844 897 2030 941 ififissf-lltlsnssw'

1084 961 1302 994 Eucharistiae
1320 968 1557 995 sacramentum
1578 963 1607 995 in
1629 963 1719 1003 festo,
1741 964 1827 1007 quod

1084 1014 1123 1047 ab
1142 1014 1209 1058 ipsa
1226 1015 1583 1049 arrliiconfraternitate
1607 1022 1637 1049 et
1665 1016 1733 1049 aliis
1753 1027 1829 1050 con-

1084 1067 1335 1102 t'raternitatilms
1349 1069 1530 1112 aggregatis
1544 1080 1599 1103 seu
1614 1071 1828 1113 aggregandis

1085 1133 1143 1165 pro
1164 1134 1273 1156 earum
1294 1124 1468 1168 praecipuo
1487 1130 1517 1157 et
1535 1125 1704 1168 principali
1722 1135 1827 1169 respe-

1084 1175 1163 1209 ctive
1184 1177 1330 1220 eligetur,
1353 1178 1559 1222 sumpserint,
1589 1178 1684 1211 etiam
1711 1179 1825 1223 plena-

1085 1239 1177 1269 r1am3

1130 1285 1145 1326 3
1170 1283 1200 1316 9.
1225 1284 1349 1328 Quique
1370 1295 1441 1318 rere
1469 1285 1671 1328 poenitentes
1692 1292 1719 1319 et
1747 1296 1826 1319 con-

1086 1336 1155 1369 fessi
1189 1337 1309 1370 dictum
1342 1337 1578 1371 sanctissimum
1610 1339 1830 1372 Eucharistiae

1086 1397 1322 1424 sacramentum
1352 1392 1560 1435 sumpserint,
1581 1399 1646 1433 aut,
1672 1393 1703 1426 id
1725 1393 1829 1426 facere

1087 1455 1150 1477 non
1166 1445 1317 1484 valentes,
1334 1445 1442 1478 animo
1463 1446 1603 1479 contrito
1624 1456 1743 1480 nomen
1762 1446 1831 1480 lesu

1087 1499 1198 1531 saltem
1221 1498 1318 1531 corde
1342 1498 1372 1530 in
1401 1498 1514 1531 mortis
1535 1499 1673 1532 articulo
1700 1500 1830 1533 invoca-

1088 1552 1201 1592 verint,
1222 1551 1371 1585 similiter
1391 1552 1569 1595 plenariam
1591 1553 1737 1586 omnium
1759 1564 1834 1596 pee—

1089 1611 1234 1639 catorum
1262 1615 1393 1638 suorum
1421 1605 1644 1639 remissionem
1672 1613 1700 1639 et
1723 1606 1831 1639 indul-

1089 1659 1254 1701 gentiam,
1287 1659 1372 1691 dicta
1400 1659 1615 1699 auctoritate,
1644 1660 1833 1694 earumdem

1091 1719 1200 1746 tenore
1226 1712 1458 1756 praesentium,
1483 1713 1702 1753 concedimus

1134 1769 1150 1809 ξ
1183 1765 1235 1799 10.
1272 1767 1441 1799 Praeterea
1466 1765 1587 1799 eisdem
1619 1767 1835 1800 confratribus
1851 1802 1920 1823 mut

1090 1821 1143 1864 qui
1170 1831 1243 1853 vere
1276 1820 1477 1864 poenitentes
1508 1826 1539 1853 et
1564 1820 1700 1853 confessi
1735 1821 1833 1854 semel
1850 1813 1916 1845 tribu?

1849 1858 1920 1872 Ulfflsst)
1944 1858 1997 1872 tatuit
2004 1858 2010 1870 l
2020 1858 2024 1870 l

1089 1874 1234 1918 quolibet
1268 1884 1377 1906 mense
1406 1872 1643 1906 sanctissimum
1674 1874 1830 1906 Euchari-
1850 1881 1925 1925 325³*ss
1960 1862 2035 1898 min-³1

1089 1927 1168 1960 stiae
1201 1932 1439 1960 sacramentum
1465 1926 1682 1970 sumpserint,
1711 1933 1832 1971 septem
1884 1922 1888 1926 ”

1090 1992 1190 2014 annos
1212 1987 1243 2013 ct
1265 1981 1395 2014 totidem
1423 1981 1667 2025 quadi·agenas;

1135 2037 1151 2077 ξ
1169 2035 1217 2068 ll.
1239 2034 1364 2078 Quique
1383 2034 1414 2066 in
1432 2036 1527 2067 causa
1545 2034 1715 2075 fuerint,ut
1732 2034 1833 2078 pueri,
1851 2038 1906 2085 ..ll-1¹2*
1915 2038 2034 2084 §¹¹¹¹'1'2321j21ffif

1093 2090 1201 2122 famuli
1234 2096 1287 2122 ant
1320 2089 1450 2133 quaeris
1485 2089 1566 2122 'aliae
1603 2099 1759 2133 personae
1795 2089 1834 2121 ad
1851 2092 2035 2112 ⁸¹⁴·¹¹··¹⁴*··¹¹·¹·1⁴¹·¹·

1092 2143 1277 2176 discendam
1304 2142 1484 2176 doctrinam
1512 2142 1720 2175 christianam
1748 2149 1831 2181 eant,

1092 2197 1248 2229 ducentos
1274 2196 1362 2236 dics3

1138 2252 1153 2292 3
1172 2249 1223 2283 102.
1245 2250 1303 2289 Qui
1330 2259 1404 2282 vero
1419 2249 1531 2282 diebus
1549 2249 1722 2282 stationum
1741 2249 1834 2282 srhis
1850 2251 2035 2297 ..„.¹.‘-‡?,⁴.'‹']l¹.⁴.{}'''thf

1093 2304 1173 2337 hane
1199 2303 1380 2337 doctrinam
1412 2303 1441 2335 in
1472 2303 1614 2336 ecclesiis·
1638 2303 1830 2343 docuerint,
1849 2304 2036 2351 32}:2¹¹⁴¹·J;4¹¹¹¹·M¹J¹·511

1092 2368 1127 2389 ac
1143 2357 1237 2390 ctiam
1262 2356 1304 2389 illi
1327 2356 1381 2400 qui
1409 2357 1446 2388 ad
1473 2357 1620 2389 camdem
1647 2355 1832 2389 discendam
1851 2357 1920 2377 sm*

1093 2412 1295 2451 accesserint,
1324 2411 1451 2444 easdem
1480 2410 1694 2452 indulgentias
1722 2420 1833 2443 conse-

1873 1294 1900 1313 Ac
1911 1299 1931 1312 tn
1941 1292 2030 1313 articulo

1846 1322 1926 1340 meins.

1899 1772 1953 1792 Alia:
1969 1772 2034 1792 indul-

1911 1805 1931 1809 ,,
1953 1805 1977 1817 (Ἢ
2015 1805 2017 1808 .

1075 2492 1077 2501 .
1093 2472 1242 2509 quantur,
1255 2475 1334 2508 quas
1346 2469 1622 2507 consequerentur
1636 2469 1665 2496 ct
1680 2464 1833 2507 consequi

1094 2525 1233 2563 possent,
1262 2519 1286 2551 si
1309 2518 1459 2551 ecclesias
1482 2516 1654 2550 stationum
1674 2527 1831 2560 persona-

1095 2572 1168 2605 liter
1190 2572 1367 2608 visitarent:

1139 2627 1156 2667 ς
1177 2625 1228 2657 13.
1254 2625 1386 2658 Easdem
1409 2624 1504 2657 etiam
1523 2623 1739 2666 indulgentias
1765 2623 1835 2655 risi-

1887 2629 1895 2645 Χ
1906 2630 2035 2648 ιςιμιῑωιιλιιι»
