2227 3241
267 308 320 336 An.
333 305 362 335 c.
387 306 456 336 ¹606
501 296 566 333 324

319 2653 429 2675 Clementi<
445 2653 460 2673 V

277 2681 398 2701 constituito
419 2686 460 2700 sur·

280 2707 353 2727 tanda.

468 356 554 390 edita
570 356 610 390 de
630 354 754 389 duabus
771 354 875 395 dietis,
901 364 938 387 ac
959 354 1030 388 aliis
1047 354 1201 398 apostoli-

468 409 513 443 cis
544 407 827 442 constitutionibus
859 412 891 440 et
924 406 1201 448 ordinationibus,

467 469 593 493 necnon
614 459 834 500 ecclesiarum,
857 458 1139 500 monasteriorum,
1154 468 1205 491 or-

468 513 578 547 dinum
594 539 602 554 ,
634 512 920 555 congregationum
937 539 944 553 ,
979 511 1205 556 hospitalium,

468 566 656 599 militiarum
678 572 709 599 et
727 565 872 599 locorum
889 565 1140 610 praedictorum,
1157 565 1206 598 iu-

466 624 637 660 ramento,
664 618 911 653 confirmatione
939 618 1131 663 apostolica,
1159 618 1204 651 vel

467 671 578 716 quavis
598 671 750 705 firmitate
769 672 832 705 alia
851 671 1023 713 roboratis,
1039 671 1164 706 statutis
1177 677 1208 705 et

467 725 766 767 consuetudinibus,
786 725 1022 767 stabilimentis,
1045 726 1157 760 usibus
1177 732 1208 760 et

466 779 609 820 naturis;
637 778 807 823 quodque¹
828 779 980 822 praelatis
1009 785 1040 812 et
1063 778 1207 822 personis

466 832 650 876 praedictis,
668 842 845 876 corumque
859 832 1000 866 ecclesiis
1012 837 1043 866 et
1054 832 1144 874 locis,
1158 832 1205 866 vel

467 885 633 930 quibusvis
657 885 739 927 aliis,
763 885 979 919 communiter
999 885 1048 919 vel
1068 885 1205 926 divisim,

467 938 507 972 ab
528 939 641 972 eadem
662 938 702 972 sit
719 938 800 973 Sede
817 938 989 979 indultum,
1006 939 1094 982 quod
1110 938 1208 972 inter-

468 991 544 1032 dici,
569 991 745 1036 suspendi,
772 992 820 1026 vel
845 991 1118 1026 excommunicari
1143 1002 1208 1025 non

466 1045 592 1089 possint
615 1056 673 1089 per
697 1045 817 1079 litteras
846 1045 1038 1090 apostolicas
1065 1055 1131 1078 non
1157 1045 1205 1078 sa-

468 1098 588 1133 cientes
608 1099 735 1143 plenam
751 1105 782 1133 et
794 1109 988 1143 expressam,
1008 1109 1044 1132 ac
1058 1099 1097 1132 de
1110 1098 1208 1132 verbo

467 1152 508 1185 ad
528 1152 675 1194 verbum,
693 1152 731 1186 de
745 1152 880 1193 indulto,
903 1162 1029 1185 necnon
1049 1151 1205 1196 personis,

468 1216 644 1251 earumque
664 1206 863 1247 nominibus,
880 1206 1138 1249 cognominibus,
1156 1216 1208 1239 ec-

467 1259 582 1302 clesiis,
611 1260 836 1302 monasteriis,
864 1259 1037 1293 Ordinibus
1069 1265 1100 1293 et
1131 1258 1209 1293 locis

468 1313 654 1347 huiusmodi
669 1313 879 1355 mentionem;
889 1319 921 1347 et
933 1313 1130 1357 quibuslibet
1139 1312 1209 1346 aliis

468 1367 663 1411 privilegiis,
687 1367 962 1411 exemptionibus,
992 1366 1206 1399 immunitati-

468 1419 539 1462 bus,
557 1421 589 1454 in
601 1431 720 1464 genere
737 1427 767 1454 et
785 1421 817 1454 in
830 1421 947 1465 specie,
964 1420 1209 1464 quomodolibet

469 1474 640 1515 concessis,
657 1474 857 1508 confirmatis
875 1480 906 1507 et
925 1474 1093 1514 innovatis,
1110 1479 1141 1507 et
1157 1483 1208 1507 so-

470 1527 608 1562 lutiones
628 1527 828 1561 decimarum
853 1528 945 1561 aliter
970 1537 1067 1572 quam
1094 1537 1209 1561 secun-

470 1581 547 1614 dum
572 1581 738 1625 antiquam
765 1587 868 1615 taxam
895 1587 927 1615 et
950 1581 1010 1614 nisi
1031 1581 1064 1614 in
1083 1581 1209 1614 univer-

469 1635 528 1668 sali
556 1635 752 1668 decimarum
781 1645 838 1678 per
867 1635 979 1675 orbem
1006 1634 1210 1678 impositione

470 1687 541 1721 fieri
561 1687 819 1731 prohibentibus,
840 1698 966 1721 necnon
990 1687 1209 1731 promissioni-

470 1740 551 1782 bus,
575 1741 826 1782 donationibus,
855 1741 1106 1784 obligationibus
1121 1768 1128 1781 ,
1156 1741 1207 1773 iu-

471 1795 644 1837 ramentis,
679 1795 977 1828 renunciationibus
991 1822 998 1835 ‚
1027 1795 1160 1828 vinculis
1181 1800 1212 1828 et

472 1848 605 1882 cautelis
617 1848 648 1881 in
659 1848 873 1891 assignatione
886 1849 1123 1893 praedictarum
1138 1858 1212 1892 pen-

471 1901 600 1935 sionum
622 1901 712 1935 sactis
739 1902 869 1945 (quibus
894 1913 952 1946 per
972 1901 1210 1945 impositionem

472 1954 616 1988 decimae
632 1955 817 1988 huiusmodi
838 1955 999 1988 neminem
1023 1955 1134 1995 teneri,
1155 1965 1211 1988 ne-

472 2018 536 2052 que
557 2018 611 2042 eas
631 2008 738 2052 quoad
763 2008 939 2052 praemissa
966 2014 1077 2042 contra
1098 2018 1211 2052 quem-

472 2072 569 2106 quam
581 2062 687 2095 locum
705 2061 826 2095 habere
839 2053 1064 2105 declaramus),
1078 2061 1212 2106 aliisque

472 2115 615 2156 indultis,
632 2121 663 2149 et
678 2115 792 2149 litteris
804 2115 997 2159 apostolicis,
1009 2115 1213 2158 generalibus

473 2175 505 2203 et
520 2169 724 2214 specialibus,
741 2169 974 2213 cuiuscumque
994 2169 1114 2202 tenoris
1135 2168 1213 2202 exis-

473 2222 624 2266 tant(per
636 2233 722 2266 quae
740 2222 963 2266 praesentibus
983 2232 1048 2255 non
1067 2232 1214 2266 expressa

473 2282 529 2310 aut
548 2276 681 2309 omnino
708 2285 773 2309 non
801 2275 919 2309 inserta
947 2273 1078 2309 effectus
1104 2285 1213 2309 earum

473 2329 623 2372 impediri
638 2328 883 2372 quomodolibet
904 2328 1005 2361 valeat
1027 2328 1074 2361 vel
1092 2328 1214 2362 differri

475 2388 506 2415 et
525 2382 565 2416 de
584 2382 703 2426 quibus
723 2391 930 2425 quorumque
959 2381 1031 2414 totis
1052 2382 1215 2415 tenoribus

475 2435 623 2469 habenda
640 2435 725 2468 sitin
742 2434 860 2468 nostris
877 2434 990 2468 litteris
1012 2434 1132 2468 mentio
1145 2444 1216 2479 spe-

476 2488 588 2532 cialis),
606 2498 688 2532 quae
709 2487 818 2521 omnia
839 2493 950 2521 contra
967 2488 1131 2532 praedicta
1150 2498 1212 2521 no·-

476 2541 582 2579 lumus
613 2541 764 2586 cuiquam
795 2540 962 2584 suffragari
978 2568 985 2582 ,
1015 2541 1214 2585 caeterisque

477 2595 647 2629 contrariis
667 2595 936 2640 quibuscumque.

522 2648 605 2690 gil.
621 2648 654 2681 ln
669 2648 876 2693 percipienda
889 2657 965 2681 vero
983 2647 1107 2681 decima
1122 2658 1213 2692 prae-

515 2713 525 2738 1
548 2711 636 2739 idest:
657 2715 683 2739 cl
697 2720 752 2739 non
769 2711 895 2740 obstante
915 2712 988 2746 quod
1005 2712 1042 2744 (n.
1059 2717 1104 2745 Τ.).

1051 305 1235 332 BULLARIUM
1254 305 1408 331 ROMANUM

1238 353 1322 387 dicta
1342 352 1607 387 Constitutionem
1624 351 1696 396 piae
1713 352 1888 387 memoriae
1907 353 1976 388 Cle-

1240 406 1354 440 mentis
1387 406 1491 450 Papae
1521 405 1566 445 V,
1594 405 1689 438 etiam
1722 406 1977 449 praedecessoris

1239 459 1361 500 nostri,
1397 458 1428 492 in
1452 458 1593 492 Concilio
1618 458 1789 492 Viennensi
1814 459 1974 501 editam¹,

1239 523 1275 546 ac
1291 511 1481 556 praesertim
1493 511 1601 555 quoad
1616 517 1777 545 monetam
1795 517 1978 546 currentem

1240 565 1334 609 exigi,
1352 564 1505 609 quodque
1518 575 1578 599 nec
1597 565 1724 607 calices,
1739 575 1800 599 nec
1819 564 1892 599 libri
1905 575 1978 600 cae·

1241 624 1372 663 [eraque
1407 618 1616 653 ecclesiarum
1650 624 1841 653 ornamenta
1871 618 1979 654 divino

1241 672 1339 705 cultui
1364 672 1479 713 dicata,
1506 672 1633 716 aliaque
1657 672 1800 717 supellex
1824 672 1976 706 ecelesia-

1240 725 1319 759 stica
1343 735 1380 758 ex
1405 727 1500 759 causa
1520 725 1663 769 pignoris
1687 725 1770 770 capi,
1793 725 1904 770 recipi,
1931 724 1980 760 vel

1242 778 1385 821 distrahi,
1403 784 1458 812 aut
1475 778 1553 812 alias
1567 778 1813 823 quomodolibet
1828 778 1980 824 occupari

1242 832 1396 866 debeant:
1426 832 1573 876 quinimo
1597 832 1745 866 volumus
1763 837 1800 866 ut
1822 832 1908 866 illius
1927 842 1982 867 oc-

1242 885 1369 919 casione
1389 885 1554 927 ecclesiae,
1572 885 1766 919 monasteria
1783 885 1911 930 aliaque
1927 885 1982 930 pia

1242 945 1273 973 et
1296 949 1387 973 sacra
1417 940 1488 973 loca
1512 949 1737 983 quaecumque
1767 939 1883 973 debitis
1906 949 1983 984 pro·
2032 952 2033 955 ¹

1242 999 1351 1036 pterea
1376 1003 1441 1026 non
1467 993 1656 1026 fraudentur
1680 992 1854 1037 obsequiis,
1877 1003 1915 1026 ac
1933 993 1982 1027 di-

1242 1046 1333 1079 vinus
1357 1046 1389 1079 in
1419 1046 1456 1080 iis
1487 1046 1591 1079 cultus
1619 1056 1656 1080 ac
1683 1046 1796 1080 solitus
1819 1045 1982 1080 Altissimo

1244 1099 1467 1132 famulantium
1502 1105 1534 1133 et
1569 1099 1792 1133 ministrorum
1828 1109 1983 1134 numerus

1242 1152 1425 1185 nullatenus
1445 1151 1621 1193 minuatur,
1644 1162 1751 1196 neque
1775 1151 1822 1186 eis
1840 1161 1984 1196 quoquo-

1244 1205 1340 1238 modo
1353 1205 1496 1238 iniuncta
1509 1215 1620 1246 onera,
1636 1211 1692 1239 aut
1710 1205 1774 1250 pia,
1794 1215 1878 1249 quae
1894 1215 1984 1239 exer·

1243 1258 1307 1291 ceri
1332 1258 1457 1299 solent,
1485 1268 1584 1302 opera
1608 1264 1640 1292 et
1663 1258 1771 1291 officia
1793 1258 1870 1292 ullo.
1885 1259 1983 1293 modo

1245 1311 1430 1345 minuantur
1454 1322 1510 1345 seu
1534 1311 1750 1354 negligantur,
1777 1311 1834 1345 sed
1852 1311 1983 1346 illorum

1244 1375 1384 1407 congrue
1414 1369 1647 1409 supportentur
1682 1375 1781 1398 onera
1816 1371 1980 1399 consueta.

1243 1417 1306 1451 Nec
1331 1417 1502 1462 quisquam
1523 1418 1619 1451 etiam
1645 1418 1750 1462 plura,
1774 1423 1829 1452 aut
1851 1417 1984 1452 fortasse

1244 1471 1422 1513 beneficia,
1446 1477 1502 1505 aut
1532 1472 1706 1516 pensiones
1730 1471 1984 1516 quanticumque

1244 1525 1359 1559 valoris
1382 1525 1530 1559 obtinens
1554 1535 1614 1569 pro
1635 1525 1812 1570 quietantia
1831 1525 1918 1559 ultra
1939 1525 1985 1558 vi-

1244 1579 1398 1621 gesimam
1416 1585 1540 1622 partem
1558 1579 1653 1612 unius
1670 1578 1758 1612 aurei
1780 1579 1904 1612 nummi
1921 1579 1984 1613 sol-

1244 1642 1316 1665 vere
1342 1637 1487 1675 cogatur.

1289 1687 1305 1728 g
1346 1685 1393 1718 12.
1431 1686 1655 1720 Praesentium
1689 1696 1766 1719 vero
1804 1686 1984 1720 litterarum

1244 1738 1389 1782 exempla
1413 1738 1509 1772 etiam
1535 1739 1693 1783 impressa
1720 1738 1838 1772 notarii
1861 1738 1986 1783 publici

1245 1802 1342 1825 manu
1358 1792 1549 1836 subscripta,
1564 1803 1600 1825 ac
1615 1797 1670 1825 tuo
1687 1792 1793 1835 sigillo
1807 1791 1987 1835 obsignata,

1245 1847 1391 1879 eamdem
1413 1846 1445 1879 in
1463 1846 1583 1880 iudicio
1601 1852 1633 1880 et
1652 1852 1742 1880 extra
1763 1847 1844 1880 illud
1864 1845 1986 1890 ubique

1247 1900 1391 1933 locorum
1416 1900 1514 1933 fidem
1541 1901 1656 1941 facere,
1683 1911 1780 1944 quam
1806 1900 1894 1944 ipsae
1914 1899 1984 1933 ori-

1246 1952 1367 1995 ginales
1391 1953 1542 1994 facerent,
1570 1953 1596 1986 si
1621 1959 1728 1987 essent
1751 1952 1912 1987 exhibitae
1937 1952 1986 1986 vel

1246 2012 1402 2041 ostensae.

1290 2061 1404 2094 Datum
1429 2061 1550 2094 Romae
1574 2060 1660 2105 apud
1680 2065 1825 2094 sanctum
1845 2060 1986 2095 Marcum

1247 2113 1306 2146 sub
1326 2113 1447 2147 annulo
1466 2113 1637 2147 Piscatoris
1660 2113 1712 2148 die
1728 2124 1759 2148 vi
1784 2113 1852 2147 iulii
1875 2123 1984 2155 maevi,

1248 2167 1454 2211 pontificatus
1470 2167 1572 2201 nostri
1591 2177 1676 2201 anno
1697 2177 1732 2201 11.

1284 2220 1341 2248 Dat.
1363 2220 1407 2248 die
1426 2221 1442 2248 6
1463 2221 1520 2248 iulii
1541 2221 1624 2256 1606,
1646 2220 1740 2256 pontif.
1761 2228 1804 2248 an.
1826 2227 1845 2247 ι.

1565 2354 1669 2388 XLllI.

1249 2433 1402 2467 Excensio
1423 2438 1451 2467 el
1475 2443 1559 2467 nova
1578 2434 1736 2468 concessio
1754 2434 1941 2478 qratiarum
1959 2437 1990 2468 et

1290 2488 1544 2532 privileqiorum
1565 2488 1815 2532 Conqreqalioni
1829 2487 1992 2532 Reyulari

1293 2542 1413 2576 Beatae
1430 2541 1556 2575 Mariae
1573 2540 1738 2575 Fulz'ensis
1754 2541 1990 2577 monachorum

1294 2595 1428 2629 Ordinis
1455 2595 1674 2630 Cisterciensis
1686 2593 1707 2627 ².

1284 2668 1294 2693 1
1317 2668 1401 2698 Quam
1421 2666 1446 2694 in
1466 2666 1545 2694 Bull.
1561 2665 1682 2702 reperire
1696 2674 1749 2694 non
1760 2666 1835 2694 valeo
1849 2667 1888 2702 (n.
1908 2666 1957 2701 ·r.).

1282 2711 1298 2738 2
1317 2711 1514 2739 institutionem
1535 2715 1561 2738 et
1580 2711 1632 2738 alia
1648 2711 1681 2739 de
1705 2710 1754 2738 hae
1778 2711 1907 2747 Congreg.
1930 2709 1990 2738 vide

2037 1643 2133 1665 Transu
2141 1629 2155 1639 ’
2182 1624 2184 1655 i

1999 1671 2069 1692 danda
2078 1669 2144 1692 tides:
