2227 3241
224 288 273 314 An.
294 287 322 314 c.
346 286 412 314 teon
458 277 520 311 590

426 341 525 377 gatos,
549 333 644 366 etiam
664 341 833 365 causarum
855 329 964 364 Palatii
986 330 1159 374 Apostolici

424 386 596 426 auditores,
621 395 656 419 ac
683 385 713 418 S.
738 384 773 417 R.
797 383 830 417 E.
855 383 1045 424 cardinales,
1070 382 1156 416 iudi-

423 440 487 473 cari
516 446 546 472 et
580 439 705 472 definiri
737 438 876 478 debere,
911 448 948 471 ac
975 436 1099 470 irritum
1130 442 1161 470 et

423 493 528 532 inane,
549 492 704 536 quidquid
731 503 822 525 secus
847 501 942 535 super
962 490 1010 523 his
1031 501 1048 523 a
1073 500 1156 534 quo-

423 549 517 591 qua'm
533 574 541 587 ,
566 546 676 591 quavis
701 546 913 586 auctoritate,
945 544 1082 578 scienter
1112 544 1160 577 vel

424 601 622 643 ignoranter,
644 600 814 644 contigerit
833 599 993 633 attentari.

468 655 484 696 g
512 654 542 687 4.
573 653 641 687 Non
673 652 872 687 obstantibus
896 651 1098 696 praemissis,
1126 661 1162 684 ac

424 707 619 751 apostoliciS,
640 717 699 740 nec
716 706 828 740 nonin
849 705 1067 751 synodalibus,
1088 714 1162 748 pro-

423 760 678 805 vincialibusque
717 767 746 793 et
784 759 988 803 generalibus
1018 757 1162 792 conciliis

424 814 526 856 editis,
544 814 736 859 specialibus
753 814 801 847 vel
815 813 1029 856 generalibus,
1047 811 1163 845 consti-

424 867 599 901 tutionibus
617 873 647 900 et
664 867 932 907 ordinationibus,
953 877 1011 900 nec
1031 875 1095 899 non
1117 865 1163 898 di-

423 926 492 955 rtae
522 920 674 954 ecclesiae
711 920 810 954 sancti
843 920 1005 954 Laurentii
1026 947 1032 960 ,
1067 912 1162 952 etiam

424 974 616 1015 iuramento,
641 973 886 1007 confirmatione
907 972 1094 1018 apostolica,
1115 971 1163 1005 vel

425 1028 534 1072 quavis
549 1028 700 1062 firmitate
721 1027 782 1061 alia
802 1027 974 1069 roboratis,
997 1026 1122 1060 statutis
1135 1030 1165 1059 et

425 1081 736 1122 consuetudinibus,
765 1081 964 1125 caeterisque
995 1079 1165 1114 contrariis

426 1136 696 1180 quibuscumque.

471 1190 485 1234 ἓ
511 1189 540 1223 5.
571 1191 724 1225 Volumus
749 1196 855 1224 autem
887 1195 917 1223 et
941 1189 1162 1228 decernimus,

427 1252 484 1287 per
508 1244 634 1278 easdem
668 1250 851 1288 praesentes
884 1243 1007 1276 nullum
1034 1241 1166 1276 omnino

427 1298 660 1341 praeiudicium
690 1299 814 1342 plateae
844 1298 986 1331 eiusdem
1013 1295 1166 1330 eeclesiae

426 1351 525 1384 sancti
547 1351 720 1392 Laurentii,
738 1362 773 1384 ac
794 1350 863 1384 aliis
884 1350 1033 1384 omnibus
1054 1354 1084 1382 et
1103 1348 1167 1381 sin-

427 1403 508 1445 gulis
528 1404 617 1445 locis,
633 1410 694 1438 tam
712 1405 845 1449 plateae,
870 1414 966 1449 quam
987 1404 1059 1436 loco
1072 1412 1165 1446 prae-

427 1457 523 1499 dic-to,
545 1464 579 1490 ut
598 1468 695 1502 supra
716 1458 892 1502 descripto,
909 1456 1020 1491 vicinis
1038 1461 1092 1489 aut
1106 1455 1166 1488 cir-

427 1511 669 1553 cumstantibus,
691 1523 772 1557 quae
795 1511 1009 1546 ecclesiastica
1030 1518 1166 1554 quomo-

427 1565 547 1598 dolibet
580 1566 720 1607 gaudent
745 1565 962 1604 immunitate,
992 1563 1082 1603 fieri,
1111 1562 1165 1596 sed

428 1629 519 1651 suum
551 1619 611 1652 illis
642 1619 843 1663 privilegium
875 1619 1019 1651 illaesum
1055 1626 1166 1649 rema-

428 1682 504 1705 nere
520 1699 526 1713 ,
552 1672 685 1716 perinde
703 1683 737 1706 ac
755 1672 779 1705 si
800 1677 982 1716 praesentes
999 1681 1062 1703 non
1078 1679 1165 1702 ema-

429 1733 567 1759 nassent.

475 1780 489 1822 ξ
510 1779 539 1813 6,
565 1780 717 1813 Volumus
743 1781 836 1813 etiam
863 1786 890 1813 et
919 1779 1108 1812 mandamus
1133 1782 1167 1808 ut

431 1839 613 1876 praesentes
644 1839 772 1867 nostrae
798 1833 921 1867 litterae
946 1832 1072 1866 nonnisi
1098 1835 1169 1874 post

432 1887 512 1920 duos
530 1897 665 1927 menseS,
687 1899 703 1920 a
721 1888 793 1920 <tata
808 1887 1021 1931 praesentium
1041 1896 1169 1929 compu-

432 1942 554 1984 tandos,
569 1942 650 1975 vires
664 1941 812 1984 habeant,
827 1947 856 1974 et
871 1941 956 1985 quod
972 1940 1053 1973 infra
1067 1940 1169 1972 dictos

431 1995 511 2028 duos
537 2006 661 2028 menses
686 1996 775 2028 locus
795 1994 979 2028 huiusmodi
1005 2005 1063 2038 per
1087 1993 1169 2027 vica-

430 2048 526 2088 rium,
551 2060 622 2081 cum
646 2049 822 2081 interventu
844 2058 1011 2092 personae,
1028 2054 1062 2080 ut
1079 2057 1170 2092 prae-

432 2102 544 2143 fertur,
566 2102 781 2145 deputandae,
805 2101 938 2135 omnino
961 2101 1165 2134 terminetur:

431 2155 582 2200 quodque
603 2167 713 2189 omnes
734 2162 764 2189 et
784 2156 910 2199 singuli,
934 2155 988 2200 qui
1009 2155 1069 2188 hoc
1091 2160 1170 2188 tem-

430 2220 509 2253 pore
530 2215 560 2242 et
581 2209 662 2243 infra
683 2209 785 2243 dictos
811 2210 889 2242 duos
915 2220 1039 2243 menses
1061 2220 1077 2241 a
1099 2209 1169 2242 data

432 2263 619 2296 earumdem
636 2263 850 2307 praesentium
867 2263 895 2295 in
910 2262 1074 2307 praedicto
1089 2262 1171 2302 locO,

433 2315 634 2349 immunitate
665 2316 878 2349 ecclesiastica
909 2316 1033 2349 fruendi
1063 2317 1168 2355 causa,

433 2375 675 2403 commorantur
695 2375 723 2402 c=t
746 2369 1043 2409 commorabuntur,
1064 2369 1111 2402 vel
1133 2368 1170 2402 ad

434 2434 471 2457 ca
488 2423 700 2466 confugerint,
724 2423 796 2456 inde
811 2423 898 2455 abire
917 2428 947 2456 et
964 2432 1172 2466 quocumque

434 2477 638 2511 voluerintse
653 2477 798 2510 conferre
816 2476 917 2509 libere
935 2481 960 2508 et
981 2476 1078 2516 licite,
1100 2476 1171 2508 abs-

435 2541 497 2575 que
510 2531 575 2564 ullo
593 2530 835 2575 impedimento,
848 2529 1084 2573 permittantur,
1096 2528 1173 2562 alio—

294 664 408 690 Deragatio

227 694 385 713 contrariorum.

265 1198 328 1219 Salva
340 1198 409 1217 immu-

227 1227 292 1246 nitam
316 1226 411 1244 caetero-

228 1259 272 1273 rum
288 1253 387 1272 locorum.

253 1785 361 1806 'seruitutis
370 1791 415 1805 exe-

231 1816 326 1838 quuttuni
342 1813 415 1832 haruin

232 1840 414 1864 litt—tratutnprac·

230 1865 288 1886 nxua.

435 2584 511 2628 quin
534 2583 746 2618 ecclesiastica
765 2582 948 2615 immunitas
968 2582 1083 2615 violata
1100 2591 1174 2615 cen-
1208 2579 1332 2621 riensis‚
1352 2578 1550 2618 Giennensis,
1575 2575 1840 2620 Pampilonensis,
1859 2573 1946 2608 Cala-

437 2643 553 2678 seatur,
574 2648 609 2670 ac
626 2637 770 2671 censuris
795 2643 826 2669 et
850 2636 962 2680 poenis
988 2635 1065 2669 iuris
1086 2645 1173 2669 com-

439 2691 562 2728 munis,
591 2702 625 2724 ar
651 2690 730 2723 sacri
762 2689 892 2723 Concilii
918 2688 1115 2729 Tridentini,
1144 2694 1173 2721 et

997 283 1091 306 nvLLA
1098 281 1174 306 ntUM
1201 282 1351 306 nontANUM

1176 464 1178 522 l

1176 583 1179 596 t

1940 277 1989 305 An.
2006 277 2036 305 c.
2057 270 2123 305 toas
2150 294 2155 310 f

1193 329 1444 373 apostolicarum
1474 327 1740 361 constitutionum
1762 327 1837 362 illis¹
1865 327 1930 361 vio-

1193 382 1311 416 latores
1333 387 1519 416 teneantur:

1239 437 1254 478 ξ
1288 434 1317 468 7.
1349 435 1452 480 thue
1491 435 1708 480 praesentium
1745 435 1934 476 earumdem
1987 445 2131 472 rmmumpus
2151 439 2155 442 ”

1195 489 1421 533 transumptis,
1449 489 1544 522 etiam
1579 489 1742 533 impressis
1774 493 1805 522 et
1835 498 1933 521 manu
1947 473 2084 493 ⁶³⁰⁴¹³fi³²⁴''

1194 543 1330 577 alicuius
1355 542 1470 576 notarii
1497 542 1617 587 publici
1638 542 1826 587 subscriptis
1843 547 1874 576 et
1892 541 1933 575 si-

1195 597 1271 640 gillo
1300 607 1456 642 personae
1485 596 1516 629 in
1546 596 1699 639 dignitate
1718 595 1934 630 ecclesiastica

1196 650 1388 685 constitutae
1410 650 1552 691 munitis,
1573 650 1685 684 eadent
1703 660 1834 695 prorsus
1851 648 1930 684 fides

1196 704 1387 739 adhibeatur
1405 703 1435 737 in
1456 703 1575 738 iudicio
1593 709 1623 738 et
1643 709 1730 737 extra
1749 703 1840 745 illud,
1853 712 1936 748 quae

1197 757 1272 802 ipsis
1296 757 1518 802 praesentibus
1542 757 1760 799 adhiberetur,
1780 756 1805 791 si
1833 756 1937 790 forent

1197 810 1355 844 exhibitae
1374 811 1421 845 vel
1443 816 1600 844 ostensae.

1241 865 1354 898 Datum
1381 865 1501 900 Romae
1527 865 1613 909 apud
1639 869 1785 898 sanetum
1804 864 1935 898 Petrum

1197 918 1256 952 sub
1271 919 1390 952 annulo
1407 919 1588 962 piscatoris,
1603 918 1654 952 die
1665 918 1777 952 ultima
1795 917 1936 952 octobris

1198 982 1305 1013 timent,
1329 972 1535 1017 pontificatus
1556 972 1654 1006 nostri
1673 982 1757 1006 anno
1771 982 1800 1005 v.

1235 1034 1291 1062 Dat.
1310 1035 1353 1062 die
1370 1035 1399 1064 31
1419 1035 1538 1063 octobris
1557 1034 1632 1069 1609,
1650 1035 1744 1071 pontif.
1757 1043 1826 1063 anno
1837 1041 1861 1061 v.

1497 1223 1620 1257 CXLIII.

1205 1347 1420 1390 Confirmatio
1440 1347 1627 1380 concordiae
1648 1347 1734 1380 inter
1753 1357 1859 1391 reyem
1879 1357 1935 1380 ca·-

1246 1401 1402 1434 lholicum
1422 1406 1451 1435 et
1474 1400 1596 1434 clerum
1620 1411 1796 1444 reynorum
1821 1399 1939 1436 Castel-

1247 1455 1297 1488 lae
1320 1459 1349 1488 et
1373 1455 1522 1499 Leyiom‘s
1546 1455 1648 1488 initae
1664 1465 1760 1499 super
1779 1453 1939 1502 solutique

1243 1508 1371 1552 primae
1394 1508 1546 1542 decimae.

1440 1623 1548 1650 Paulus
1569 1623 1647 1656 Papa
1667 1622 1699 1657 V,

1320 1676 1356 1704 ad
1376 1679 1552 1710 perpetuam
1571 1676 1615 1704 rei
1636 1675 1817 1704 memoriam.

1245 1775 1307 1808 Pro
1328 1780 1437 1808 nostro
1461 1785 1594 1808 munere
1619 1774 1650 1807 in
1671 1774 1720 1808 his
1744 1779 1851 1819 partes
1876 1783 1937 1806 no·
1984 1782 2125 1803 Prooemium.
2170 1783 2171 1786 ¹

1203 1833 1282 1862 stras
1304 1828 1440 1862 libenter
1455 1828 1700 1872 interponimus,
1717 1838 1799 1872 quae
1817 1827 1856 1860 ad
1870 1837 1942 1860 con-

1204 1882 1347 1916 cordiam
1371 1888 1398 1915 et
1420 1893 1530 1926 pacem
1554 1882 1636 1915 inter
1657 1881 1831 1915 catholicos
1851 1891 1941 1924 reges

1204 1942 1234 1970 et
1254 1936 1484 1970 ecclesiasticas
1502 1945 1666 1980 personas,
1686 1945 1784 1979 super
1802 1934 1941 1968 exactio-

1204 1991 1297 2024 nibus
1330 1991 1506 2035 apostolic-a
1537 1989 1726 2023 auctoritate
1758 1987 1910 2022 faciendis
1931 2015 1938 2029 ,

1205 2045 1364 2089 pertinere
1388 2044 1630 2088 dignoscuntur.

1249 2100 1265 2141 ἓ
1290 2097 1320 2131 l.
1345 2098 1453 2142 Nuper
1477 2096 1635 2140 siquidem
1661 2095 1756 2139 (sicut
1780 2093 1872 2128 nobis
1890 2103 1942 2127 ex·
1985 2100 2092 2127 1‘11itinnus
2105 2104 2159 2122 m,

1957 2130 1976 2148 et
1993 2127 2090 2153 (lapitula
2106 2131 2140 2147 ec.-

1205 2151 1280 2196 poni
1296 2152 1437 2185 fecerunt
1451 2149 1657 2184 charissimus
1672 2148 1701 2181 in
1716 2147 1840 2182 Christo
1858 2146 1941 2180 filius
1956 2155 2141 2201 ggorstgfflmmgggi

1205 2212 1313 2239 noster
1330 2204 1494 2248 Philippus
1515 2203 1555 2237 Ill
1575 2202 1798 2247 Hispaniarum
1815 2211 1869 2235 rex
1890 2211 1941 2234 ca-
1953 2206 2141 2261 gptssgggffllgffssgssg
2194 2229 2196 2234 .

1207 2259 1354 2300 moliens,
1369 2269 1405 2292 ac
1426 2258 1532 2291 dilecti
1552 2256 1606 2289 filii
1621 2256 1745 2299 singula
1757 2255 1938 2295 Toletanac,

1206 2312 1412 2357 Hispalensis,
1426 2310 1713 2355 Compostellanae,
1725 2307 1940 2348 Granatensis,

1206 2365 1388 2408 But-gensis,
1411 2363 1628 2407 Legionensis,
1645 2362 1816 2403 Ovetensis,
1834 2361 1945 2394 Palen-

1209 2420 1303 2460 tinae,
1325 2417 1552 2458 Cordubensis,
1574 2416 1752 2457 Abulensis,
1775 2415 1944 2449 Civitaten-

1206 2467 1946 2515 sis,Salamantinae,Concitensis,SegobiensiS‚

1207 2526 1404 2566 Oxomensis,
1433 2524 1649 2565 Placentinae,
1677 2521 1836 2562 Pacensis,
1860 2521 1942 2554 Cau-

1244 2652 1254 2677 1
1278 2651 1346 2677 Ρυῑο
1365 2648 1508 2685 legendum
1527 2647 1609 2675 foret:
1630 2647 1680 2674 illi
1699 2647 1740 2673 vel
1754 2646 1835 2674 illius
1851 2645 1943 2680 (nnn).

1242 2696 1259 2722 2
1278 2695 1314 2722 Ex
1336 2695 1440 2729 Regest.
1462 2693 1488 2719 in
1508 2692 1608 2719 Secret.
1632 2691 1707 2718 Brev.
