<?xml version="1.0" encoding="UTF-8"?>
<!DOCTYPE html PUBLIC "-//W3C//DTD XHTML 1.0 Transitional//EN"
    "http://www.w3.org/TR/xhtml1/DTD/xhtml1-transitional.dtd">
<html xmlns="http://www.w3.org/1999/xhtml" xml:lang="en" lang="en">
 <head>
  <title>
</title>
<meta http-equiv="Content-Type" content="text/html;charset=utf-8" />
  <meta name='ocr-system' content='tesseract 3.04.00' />
  <meta name='ocr-capabilities' content='ocr_page ocr_carea ocr_par ocr_line ocrx_word'/>
</head>
<body>
  <div class='ocr_page' id='page_1' title='image "./bullarumdiplomat11cath_0051.png"; bbox 0 0 2227 3241; ppageno 0'>
   <div class='ocr_carea' id='block_1_1' title="bbox 51 231 237 261">
    <p class='ocr_par' dir='ltr' id='par_1_1' title="bbox 51 231 237 261">
     <span class='ocr_line' id='line_1_1' title="bbox 51 231 237 261; baseline -0.005 0"><span class='ocrx_word' id='word_1_1' title='bbox 51 233 102 261; x_wconf 79' lang='lat' dir='ltr'>An.</span> <span class='ocrx_word' id='word_1_2' title='bbox 119 233 150 261; x_wconf 87' lang='lat' dir='ltr'>C.</span> <span class='ocrx_word' id='word_1_3' title='bbox 168 231 237 260; x_wconf 83' lang='lat'>¹603</span> 
     </span>
    </p>
   </div>
   <div class='ocr_carea' id='block_1_2' title="bbox 70 294 234 317">
    <p class='ocr_par' dir='ltr' id='par_1_2' title="bbox 70 294 234 317">
     <span class='ocr_line' id='line_1_2' title="bbox 70 294 234 317; baseline -0.012 0"><span class='ocrx_word' id='word_1_4' title='bbox 70 295 101 317; x_wconf 76' lang='lat' dir='ltr'>Ad</span> <span class='ocrx_word' id='word_1_5' title='bbox 109 294 234 316; x_wconf 75' lang='lat' dir='ltr'>seeundum.</span> 
     </span>
    </p>
   </div>
   <div class='ocr_carea' id='block_1_3' title="bbox 78 507 209 529">
    <p class='ocr_par' dir='ltr' id='par_1_3' title="bbox 78 507 209 529">
     <span class='ocr_line' id='line_1_3' title="bbox 78 507 209 529; baseline -0.015 0"><span class='ocrx_word' id='word_1_6' title='bbox 78 508 108 529; x_wconf 78' lang='lat' dir='ltr'>Ad</span> <span class='ocrx_word' id='word_1_7' title='bbox 117 507 209 528; x_wconf 78' lang='lat' dir='ltr'>tertium.</span> 
     </span>
    </p>
   </div>
   <div class='ocr_carea' id='block_1_4' title="bbox 80 881 229 908">
    <p class='ocr_par' dir='ltr' id='par_1_4' title="bbox 80 881 229 908">
     <span class='ocr_line' id='line_1_4' title="bbox 80 881 229 908; baseline -0.007 -5"><span class='ocrx_word' id='word_1_8' title='bbox 80 881 110 903; x_wconf 75' lang='lat' dir='ltr'>Ad</span> <span class='ocrx_word' id='word_1_9' title='bbox 120 882 229 908; x_wconf 81' lang='lat' dir='ltr'>quartum.</span> 
     </span>
    </p>
   </div>
   <div class='ocr_carea' id='block_1_5' title="bbox 56 1041 240 1144">
    <p class='ocr_par' dir='ltr' id='par_1_5' title="bbox 56 1041 240 1144">
     <span class='ocr_line' id='line_1_5' title="bbox 69 1041 240 1064; baseline -0.006 -1"><span class='ocrx_word' id='word_1_10' title='bbox 69 1041 211 1064; x_wconf 77' lang='lat' dir='ltr'>Commiutmr</span> <span class='ocrx_word' id='word_1_11' title='bbox 219 1047 240 1062; x_wconf 80' lang='lat' dir='ltr'>e-</span> 
     </span>
     <span class='ocr_line' id='line_1_6' title="bbox 56 1069 240 1095; baseline -0.011 -5"><span class='ocrx_word' id='word_1_12' title='bbox 56 1070 145 1095; x_wconf 72' lang='lat' dir='ltr'>piseopo</span> <span class='ocrx_word' id='word_1_13' title='bbox 153 1072 176 1090; x_wconf 86' lang='lat' dir='ltr'>ut</span> <span class='ocrx_word' id='word_1_14' title='bbox 186 1069 240 1090; x_wconf 77' lang='lat' dir='ltr'>baec</span> 
     </span>
     <span class='ocr_line' id='line_1_7' title="bbox 58 1096 240 1117; baseline 0.005 -2"><span class='ocrx_word' id='word_1_15' title='bbox 58 1097 168 1117; x_wconf 74' lang='lat' dir='ltr'>observari</span> <span class='ocrx_word' id='word_1_16' title='bbox 209 1096 240 1116; x_wconf 89' lang='lat' dir='ltr'>iu-</span> 
     </span>
     <span class='ocr_line' id='line_1_8' title="bbox 57 1123 117 1144; baseline -0.017 0"><span class='ocrx_word' id='word_1_17' title='bbox 57 1123 117 1144; x_wconf 73' lang='lat' dir='ltr'>beat.</span> 
     </span>
    </p>
   </div>
   <div class='ocr_carea' id='block_1_6' title="bbox 59 1786 242 1835">
    <p class='ocr_par' dir='ltr' id='par_1_6' title="bbox 59 1786 242 1835">
     <span class='ocr_line' id='line_1_9' title="bbox 126 1786 242 1813; baseline 0 -5"><span class='ocrx_word' id='word_1_18' title='bbox 126 1786 242 1813; x_wconf 65' lang='lat' dir='ltr'>nerogatio</span> 
     </span>
     <span class='ocr_line' id='line_1_10' title="bbox 59 1814 220 1835; baseline 0.006 -1"><span class='ocrx_word' id='word_1_19' title='bbox 59 1814 220 1835; x_wconf 73' lang='lat' dir='ltr'>contrariorum.</span> 
     </span>
    </p>
   </div>
   <div class='ocr_carea' id='block_1_7' title="bbox 857 226 1151 253">
    <p class='ocr_par' dir='ltr' id='par_1_7' title="bbox 857 226 1151 253">
     <span class='ocr_line' id='line_1_11' title="bbox 857 226 1151 253; baseline -0.007 -1"><span class='ocrx_word' id='word_1_20' title='bbox 857 226 997 253; x_wconf 72' lang='lat' dir='ltr'>CLEMENS</span> <span class='ocrx_word' id='word_1_21' title='bbox 1022 226 1080 251; x_wconf 86' lang='lat' dir='ltr'>vtn</span> <span class='ocrx_word' id='word_1_22' title='bbox 1105 227 1151 250; x_wconf 74' lang='lat' dir='ltr'>Pr.</span> 
     </span>
    </p>
   </div>
   <div class='ocr_carea' id='block_1_8' title="bbox 249 277 1002 2577">
    <p class='ocr_par' dir='ltr' id='par_1_8' title="bbox 249 277 991 486">
     <span class='ocr_line' id='line_1_12' title="bbox 339 277 991 319; baseline -0.002 -6"><span class='ocrx_word' id='word_1_23' title='bbox 339 279 428 314; x_wconf 87' lang='lat' dir='ltr'>Circa</span> <span class='ocrx_word' id='word_1_24' title='bbox 450 277 641 319; x_wconf 90' lang='lat' dir='ltr'>secundum,</span> <span class='ocrx_word' id='word_1_25' title='bbox 665 277 690 311; x_wconf 93' lang='lat' dir='ltr'>si</span> <span class='ocrx_word' id='word_1_26' title='bbox 716 277 928 319; x_wconf 80' lang='lat' dir='ltr'>thesaurario,</span> <span class='ocrx_word' id='word_1_27' title='bbox 955 283 991 312; x_wconf 87' lang='lat' dir='ltr'>ut</span> 
     </span>
     <span class='ocr_line' id='line_1_13' title="bbox 250 331 991 378; baseline -0.003 -11"><span class='ocrx_word' id='word_1_28' title='bbox 250 333 451 378; x_wconf 80' lang='lat' dir='ltr'>proponitur,</span> <span class='ocrx_word' id='word_1_29' title='bbox 475 331 506 365; x_wconf 91' lang='lat' dir='ltr'>id</span> <span class='ocrx_word' id='word_1_30' title='bbox 525 343 604 366; x_wconf 88' lang='lat' dir='ltr'>onus</span> <span class='ocrx_word' id='word_1_31' title='bbox 621 332 790 373; x_wconf 84' lang='lat' dir='ltr'>incumbit,</span> <span class='ocrx_word' id='word_1_32' title='bbox 810 333 932 375; x_wconf 82' lang='lat' dir='ltr'>utique,</span> <span class='ocrx_word' id='word_1_33' title='bbox 956 337 991 365; x_wconf 91' lang='lat' dir='ltr'>ut</span> 
     </span>
     <span class='ocr_line' id='line_1_14' title="bbox 249 385 990 430; baseline -0.005 -8"><span class='ocrx_word' id='word_1_34' title='bbox 249 388 301 422; x_wconf 89' lang='lat' dir='ltr'>ille</span> <span class='ocrx_word' id='word_1_35' title='bbox 324 394 433 421; x_wconf 85' lang='lat' dir='ltr'>exacte</span> <span class='ocrx_word' id='word_1_36' title='bbox 457 386 649 428; x_wconf 75' lang='lat' dir='ltr'>satisfaciat,</span> <span class='ocrx_word' id='word_1_37' title='bbox 676 396 743 420; x_wconf 89' lang='lat' dir='ltr'>esse</span> <span class='ocrx_word' id='word_1_38' title='bbox 774 385 813 420; x_wconf 83' lang='lat' dir='ltr'>ab</span> <span class='ocrx_word' id='word_1_39' title='bbox 840 385 990 430; x_wconf 90' lang='lat' dir='ltr'>episcopo</span> 
     </span>
     <span class='ocr_line' id='line_1_15' title="bbox 249 441 517 486; baseline -0.004 -11"><span class='ocrx_word' id='word_1_40' title='bbox 249 441 517 486; x_wconf 88' lang='lat' dir='ltr'>compellendum.</span> 
     </span>
    </p>

    <p class='ocr_par' dir='ltr' id='par_1_9' title="bbox 251 492 994 859">
     <span class='ocr_line' id='line_1_16' title="bbox 338 492 991 535; baseline -0.006 -6"><span class='ocrx_word' id='word_1_41' title='bbox 338 496 427 530; x_wconf 89' lang='lat' dir='ltr'>Circa</span> <span class='ocrx_word' id='word_1_42' title='bbox 456 495 585 528; x_wconf 89' lang='lat' dir='ltr'>tertium</span> <span class='ocrx_word' id='word_1_43' title='bbox 605 522 612 535; x_wconf 86' lang='lat'><em>,</em></span> <span class='ocrx_word' id='word_1_44' title='bbox 646 493 831 528; x_wconf 88' lang='lat' dir='ltr'>huiusmodi</span> <span class='ocrx_word' id='word_1_45' title='bbox 864 492 991 526; x_wconf 77' lang='lat' dir='ltr'>tertiam</span> 
     </span>
     <span class='ocr_line' id='line_1_17' title="bbox 251 545 991 594; baseline -0.008 -11"><span class='ocrx_word' id='word_1_46' title='bbox 251 555 393 594; x_wconf 85' lang='lat' dir='ltr'>partem,</span> <span class='ocrx_word' id='word_1_47' title='bbox 427 559 509 593; x_wconf 87' lang='lat' dir='ltr'>quae</span> <span class='ocrx_word' id='word_1_48' title='bbox 533 548 571 582; x_wconf 80' lang='lat' dir='ltr'>ad</span> <span class='ocrx_word' id='word_1_49' title='bbox 597 548 831 592; x_wconf 85' lang='lat' dir='ltr'>praescriptum</span> <span class='ocrx_word' id='word_1_50' title='bbox 858 545 991 581; x_wconf 92' lang='lat' dir='ltr'>Concilii</span> 
     </span>
     <span class='ocr_line' id='line_1_18' title="bbox 252 599 993 645; baseline -0.005 -9"><span class='ocrx_word' id='word_1_51' title='bbox 252 603 394 637; x_wconf 86' lang='lat' dir='ltr'>eiusdem</span> <span class='ocrx_word' id='word_1_52' title='bbox 408 603 440 636; x_wconf 93' lang='lat' dir='ltr'>in</span> <span class='ocrx_word' id='word_1_53' title='bbox 449 599 688 636; x_wconf 86' lang='lat' dir='ltr'>distributiones</span> <span class='ocrx_word' id='word_1_54' title='bbox 705 600 908 645; x_wconf 86' lang='lat' dir='ltr'>quotidianas</span> <span class='ocrx_word' id='word_1_55' title='bbox 925 600 993 633; x_wconf 85' lang='lat' dir='ltr'>sue-</span> 
     </span>
     <span class='ocr_line' id='line_1_19' title="bbox 251 652 993 698; baseline -0.007 -8"><span class='ocrx_word' id='word_1_56' title='bbox 251 657 293 691; x_wconf 86' lang='lat' dir='ltr'>rit</span> <span class='ocrx_word' id='word_1_57' title='bbox 317 666 480 698; x_wconf 87' lang='lat' dir='ltr'>conversa,</span> <span class='ocrx_word' id='word_1_58' title='bbox 507 655 547 688; x_wconf 86' lang='lat' dir='ltr'>ab</span> <span class='ocrx_word' id='word_1_59' title='bbox 571 655 619 688; x_wconf 92' lang='lat' dir='ltr'>his</span> <span class='ocrx_word' id='word_1_60' title='bbox 637 661 762 689; x_wconf 90' lang='lat' dir='ltr'>tantum</span> <span class='ocrx_word' id='word_1_61' title='bbox 789 653 910 698; x_wconf 84' lang='lat' dir='ltr'>percipi</span> <span class='ocrx_word' id='word_1_62' title='bbox 938 652 993 686; x_wconf 92' lang='lat' dir='ltr'>de-</span> 
     </span>
     <span class='ocr_line' id='line_1_20' title="bbox 252 706 994 754; baseline -0.007 -10"><span class='ocrx_word' id='word_1_63' title='bbox 252 710 339 751; x_wconf 84' lang='lat' dir='ltr'>bere,</span> <span class='ocrx_word' id='word_1_64' title='bbox 359 710 413 754; x_wconf 88' lang='lat' dir='ltr'>qui</span> <span class='ocrx_word' id='word_1_65' title='bbox 441 709 530 743; x_wconf 88' lang='lat' dir='ltr'>statis</span> <span class='ocrx_word' id='word_1_66' title='bbox 553 709 639 742; x_wconf 89' lang='lat' dir='ltr'>horis</span> <span class='ocrx_word' id='word_1_67' title='bbox 656 707 869 749; x_wconf 79' lang='lat' dir='ltr'>interfuerint,</span> <span class='ocrx_word' id='word_1_68' title='bbox 901 706 994 740; x_wconf 89' lang='lat' dir='ltr'>mini-</span> 
     </span>
     <span class='ocr_line' id='line_1_21' title="bbox 253 759 992 807; baseline -0.007 -10"><span class='ocrx_word' id='word_1_69' title='bbox 253 774 369 807; x_wconf 81' lang='lat' dir='ltr'><strong>meque</strong></span> <span class='ocrx_word' id='word_1_70' title='bbox 398 763 437 796; x_wconf 86' lang='lat' dir='ltr'>ad</span> <span class='ocrx_word' id='word_1_71' title='bbox 462 762 553 803; x_wconf 86' lang='lat' dir='ltr'>alios,</span> <span class='ocrx_word' id='word_1_72' title='bbox 577 762 673 795; x_wconf 86' lang='lat' dir='ltr'>etiam</span> <span class='ocrx_word' id='word_1_73' title='bbox 698 773 756 806; x_wconf 90' lang='lat' dir='ltr'>per</span> <span class='ocrx_word' id='word_1_74' title='bbox 783 766 910 804; x_wconf 89' lang='lat' dir='ltr'>tempus</span> <span class='ocrx_word' id='word_1_75' title='bbox 933 759 992 793; x_wconf 83' lang='lat' dir='ltr'>sibi</span> 
     </span>
     <span class='ocr_line' id='line_1_22' title="bbox 253 815 881 859; baseline -0.006 -9"><span class='ocrx_word' id='word_1_76' title='bbox 253 827 454 857; x_wconf 82' lang='lat' dir='ltr'>concessum,</span> <span class='ocrx_word' id='word_1_77' title='bbox 472 815 619 850; x_wconf 82' lang='lat' dir='ltr'>absentes</span> <span class='ocrx_word' id='word_1_78' title='bbox 636 815 762 849; x_wconf 84' lang='lat' dir='ltr'>extendi</span> <span class='ocrx_word' id='word_1_79' title='bbox 779 824 881 859; x_wconf 90' lang='lat' dir='ltr'>posse.</span> 
     </span>
    </p>

    <p class='ocr_par' dir='ltr' id='par_1_10' title="bbox 254 867 996 1025">
     <span class='ocr_line' id='line_1_23' title="bbox 342 867 991 914; baseline -0.008 -9"><span class='ocrx_word' id='word_1_80' title='bbox 342 870 433 905; x_wconf 85' lang='lat' dir='ltr'>Circa</span> <span class='ocrx_word' id='word_1_81' title='bbox 458 874 621 914; x_wconf 87' lang='lat' dir='ltr'>quartum,</span> <span class='ocrx_word' id='word_1_82' title='bbox 649 869 836 913; x_wconf 89' lang='lat' dir='ltr'>episcopum</span> <span class='ocrx_word' id='word_1_83' title='bbox 863 867 896 900; x_wconf 92' lang='lat' dir='ltr'>in</span> <span class='ocrx_word' id='word_1_84' title='bbox 913 867 991 902; x_wconf 88' lang='lat' dir='ltr'>visi-</span> 
     </span>
     <span class='ocr_line' id='line_1_24' title="bbox 254 922 996 968; baseline -0.004 -10"><span class='ocrx_word' id='word_1_85' title='bbox 254 924 374 958; x_wconf 90' lang='lat' dir='ltr'>tatione</span> <span class='ocrx_word' id='word_1_86' title='bbox 398 924 445 958; x_wconf 85' lang='lat' dir='ltr'>uti</span> <span class='ocrx_word' id='word_1_87' title='bbox 460 929 644 968; x_wconf 89' lang='lat' dir='ltr'>suspectum</span> <span class='ocrx_word' id='word_1_88' title='bbox 669 922 812 966; x_wconf 82' lang='lat' dir='ltr'>allegari,</span> <span class='ocrx_word' id='word_1_89' title='bbox 832 932 887 956; x_wconf 88' lang='lat' dir='ltr'>seu</span> <span class='ocrx_word' id='word_1_90' title='bbox 907 932 996 955; x_wconf 91' lang='lat' dir='ltr'>recu-</span> 
     </span>
     <span class='ocr_line' id='line_1_25' title="bbox 254 979 751 1025; baseline -0.004 -13"><span class='ocrx_word' id='word_1_91' title='bbox 254 979 317 1012; x_wconf 85' lang='lat' dir='ltr'>sari</span> <span class='ocrx_word' id='word_1_92' title='bbox 334 988 399 1013; x_wconf 93' lang='lat' dir='ltr'>non</span> <span class='ocrx_word' id='word_1_93' title='bbox 424 988 527 1022; x_wconf 90' lang='lat' dir='ltr'>posse.</span> <span class='ocrx_word' id='word_1_94' title='bbox 740 1018 751 1025; x_wconf 83' lang='lat'>.</span> 
     </span>
    </p>

    <p class='ocr_par' dir='ltr' id='par_1_11' title="bbox 255 1029 1000 1774">
     <span class='ocr_line' id='line_1_26' title="bbox 299 1029 995 1075; baseline -0.004 -10"><span class='ocrx_word' id='word_1_95' title='bbox 299 1031 314 1075; x_wconf 64' lang='lat' dir='ltr'>g</span> <span class='ocrx_word' id='word_1_96' title='bbox 338 1030 368 1065; x_wconf 88' lang='grc'>8.</span> <span class='ocrx_word' id='word_1_97' title='bbox 389 1031 491 1070; x_wconf 86' lang='lat' dir='ltr'>Quare</span> <span class='ocrx_word' id='word_1_98' title='bbox 509 1030 613 1064; x_wconf 88' lang='lat' dir='ltr'>eidem</span> <span class='ocrx_word' id='word_1_99' title='bbox 635 1029 761 1064; x_wconf 90' lang='lat' dir='ltr'>Nonnio</span> <span class='ocrx_word' id='word_1_100' title='bbox 781 1029 949 1070; x_wconf 87' lang='lat' dir='ltr'>moderno,</span> <span class='ocrx_word' id='word_1_101' title='bbox 965 1034 995 1063; x_wconf 91' lang='lat' dir='ltr'>et</span> 
     </span>
     <span class='ocr_line' id='line_1_27' title="bbox 255 1082 993 1130; baseline -0.004 -11"><span class='ocrx_word' id='word_1_102' title='bbox 255 1095 314 1130; x_wconf 90' lang='lat' dir='ltr'>pro</span> <span class='ocrx_word' id='word_1_103' title='bbox 339 1091 482 1129; x_wconf 89' lang='lat' dir='ltr'>tempore</span> <span class='ocrx_word' id='word_1_104' title='bbox 515 1084 662 1119; x_wconf 72' lang='lat' dir='ltr'>existenti</span> <span class='ocrx_word' id='word_1_105' title='bbox 693 1084 845 1128; x_wconf 89' lang='lat' dir='ltr'>episcopo</span> <span class='ocrx_word' id='word_1_106' title='bbox 880 1082 993 1127; x_wconf 87' lang='lat' dir='ltr'>Egita-</span> 
     </span>
     <span class='ocr_line' id='line_1_28' title="bbox 256 1138 997 1185; baseline -0.005 -11"><span class='ocrx_word' id='word_1_107' title='bbox 256 1140 382 1181; x_wconf 87' lang='lat' dir='ltr'>niensi‚</span> <span class='ocrx_word' id='word_1_108' title='bbox 409 1150 466 1185; x_wconf 88' lang='lat' dir='ltr'>per</span> <span class='ocrx_word' id='word_1_109' title='bbox 497 1145 681 1184; x_wconf 79' lang='lat' dir='ltr'>praesentes</span> <span class='ocrx_word' id='word_1_110' title='bbox 709 1138 941 1173; x_wconf 87' lang='lat' dir='ltr'>committimus</span> <span class='ocrx_word' id='word_1_111' title='bbox 966 1143 997 1170; x_wconf 90' lang='lat' dir='ltr'>et</span> 
     </span>
     <span class='ocr_line' id='line_1_29' title="bbox 257 1191 997 1237; baseline -0.007 -9"><span class='ocrx_word' id='word_1_112' title='bbox 257 1194 458 1236; x_wconf 81' lang='lat' dir='ltr'>mandamus,</span> <span class='ocrx_word' id='word_1_113' title='bbox 491 1204 526 1226; x_wconf 91' lang='lat' dir='ltr'>ac</span> <span class='ocrx_word' id='word_1_114' title='bbox 551 1199 768 1237; x_wconf 80' lang='lat' dir='ltr'>opportunam</span> <span class='ocrx_word' id='word_1_115' title='bbox 789 1191 924 1235; x_wconf 88' lang='lat' dir='ltr'>desuper</span> <span class='ocrx_word' id='word_1_116' title='bbox 953 1191 997 1223; x_wconf 81' lang='lat' dir='ltr'>fa-</span> 
     </span>
     <span class='ocr_line' id='line_1_30' title="bbox 257 1243 998 1287; baseline -0.008 -5"><span class='ocrx_word' id='word_1_117' title='bbox 257 1249 410 1282; x_wconf 85' lang='lat' dir='ltr'>cultatem</span> <span class='ocrx_word' id='word_1_118' title='bbox 435 1247 654 1287; x_wconf 89' lang='lat' dir='ltr'>concedimus,</span> <span class='ocrx_word' id='word_1_119' title='bbox 680 1252 716 1280; x_wconf 87' lang='lat' dir='ltr'>ut</span> <span class='ocrx_word' id='word_1_120' title='bbox 740 1246 772 1279; x_wconf 93' lang='lat' dir='ltr'>in</span> <span class='ocrx_word' id='word_1_121' title='bbox 796 1243 946 1279; x_wconf 90' lang='lat' dir='ltr'>omnibus</span> <span class='ocrx_word' id='word_1_122' title='bbox 967 1249 998 1277; x_wconf 91' lang='lat' dir='ltr'>et</span> 
     </span>
     <span class='ocr_line' id='line_1_31' title="bbox 257 1297 998 1344; baseline -0.008 -9"><span class='ocrx_word' id='word_1_123' title='bbox 257 1300 391 1344; x_wconf 86' lang='lat' dir='ltr'>singulis</span> <span class='ocrx_word' id='word_1_124' title='bbox 408 1299 514 1334; x_wconf 90' lang='lat' dir='ltr'>dubiis</span> <span class='ocrx_word' id='word_1_125' title='bbox 531 1298 723 1344; x_wconf 87' lang='lat' dir='ltr'>supradictis</span> <span class='ocrx_word' id='word_1_126' title='bbox 748 1299 834 1332; x_wconf 88' lang='lat' dir='ltr'>iuxta</span> <span class='ocrx_word' id='word_1_127' title='bbox 857 1297 998 1331; x_wconf 88' lang='lat' dir='ltr'>declara-</span> 
     </span>
     <span class='ocr_line' id='line_1_32' title="bbox 258 1349 997 1397; baseline -0.005 -11"><span class='ocrx_word' id='word_1_128' title='bbox 258 1354 360 1388; x_wconf 85' lang='lat' dir='ltr'>tiones</span> <span class='ocrx_word' id='word_1_129' title='bbox 383 1359 509 1387; x_wconf 86' lang='lat' dir='ltr'>nostras</span> <span class='ocrx_word' id='word_1_130' title='bbox 532 1353 698 1397; x_wconf 89' lang='lat' dir='ltr'>procedat,</span> <span class='ocrx_word' id='word_1_131' title='bbox 732 1362 769 1385; x_wconf 92' lang='lat' dir='ltr'>ac</span> <span class='ocrx_word' id='word_1_132' title='bbox 785 1350 825 1385; x_wconf 91' lang='lat' dir='ltr'>ab</span> <span class='ocrx_word' id='word_1_133' title='bbox 850 1350 931 1392; x_wconf 87' lang='lat' dir='ltr'>aliis,</span> <span class='ocrx_word' id='word_1_134' title='bbox 959 1349 997 1382; x_wconf 89' lang='lat' dir='ltr'>ad</span> 
     </span>
     <span class='ocr_line' id='line_1_33' title="bbox 256 1403 994 1451; baseline -0.005 -11"><span class='ocrx_word' id='word_1_135' title='bbox 256 1417 338 1451; x_wconf 84' lang='lat' dir='ltr'>quos</span> <span class='ocrx_word' id='word_1_136' title='bbox 366 1413 490 1450; x_wconf 88' lang='lat' dir='ltr'>spectat</span> <span class='ocrx_word' id='word_1_137' title='bbox 517 1412 549 1439; x_wconf 92' lang='lat' dir='ltr'>et</span> <span class='ocrx_word' id='word_1_138' title='bbox 583 1407 616 1439; x_wconf 91' lang='lat' dir='ltr'>in</span> <span class='ocrx_word' id='word_1_139' title='bbox 647 1405 793 1438; x_wconf 81' lang='lat' dir='ltr'>futurum</span> <span class='ocrx_word' id='word_1_140' title='bbox 828 1403 994 1448; x_wconf 81' lang='lat' dir='ltr'>spectabit,</span> 
     </span>
     <span class='ocr_line' id='line_1_34' title="bbox 256 1457 998 1504; baseline -0.005 -10"><span class='ocrx_word' id='word_1_141' title='bbox 256 1460 388 1504; x_wconf 88' lang='lat' dir='ltr'>procedi</span> <span class='ocrx_word' id='word_1_142' title='bbox 423 1465 514 1493; x_wconf 88' lang='lat' dir='ltr'>curet</span> <span class='ocrx_word' id='word_1_143' title='bbox 536 1465 568 1493; x_wconf 89' lang='lat' dir='ltr'>et</span> <span class='ocrx_word' id='word_1_144' title='bbox 598 1459 692 1492; x_wconf 79' lang='lat' dir='ltr'>saciat</span> <span class='ocrx_word' id='word_1_145' title='bbox 709 1486 717 1499; x_wconf 93' lang='lat'><em>‚</em></span> <span class='ocrx_word' id='word_1_146' title='bbox 745 1457 998 1492; x_wconf 87' lang='lat' dir='ltr'>contradictores</span> 
     </span>
     <span class='ocr_line' id='line_1_35' title="bbox 256 1517 996 1558; baseline -0.007 -10"><span class='ocrx_word' id='word_1_147' title='bbox 256 1524 477 1558; x_wconf 88' lang='lat' dir='ltr'>quoscumque</span> <span class='ocrx_word' id='word_1_148' title='bbox 497 1523 555 1557; x_wconf 88' lang='lat' dir='ltr'>per</span> <span class='ocrx_word' id='word_1_149' title='bbox 579 1522 729 1546; x_wconf 88' lang='lat' dir='ltr'>censuras</span> <span class='ocrx_word' id='word_1_150' title='bbox 747 1517 778 1545; x_wconf 88' lang='lat' dir='ltr'>et</span> <span class='ocrx_word' id='word_1_151' title='bbox 798 1521 917 1555; x_wconf 89' lang='lat' dir='ltr'>poenas</span> <span class='ocrx_word' id='word_1_152' title='bbox 941 1521 996 1543; x_wconf 90' lang='lat' dir='ltr'>ec-</span> 
     </span>
     <span class='ocr_line' id='line_1_36' title="bbox 257 1563 1000 1610; baseline -0.007 -9"><span class='ocrx_word' id='word_1_153' title='bbox 257 1567 451 1601; x_wconf 83' lang='lat' dir='ltr'>clesiasticas</span> <span class='ocrx_word' id='word_1_154' title='bbox 466 1594 474 1609; x_wconf 88' lang='lat'>,</span> <span class='ocrx_word' id='word_1_155' title='bbox 511 1566 638 1610; x_wconf 88' lang='lat' dir='ltr'>aliaque</span> <span class='ocrx_word' id='word_1_156' title='bbox 663 1569 849 1609; x_wconf 87' lang='lat' dir='ltr'>opportuna</span> <span class='ocrx_word' id='word_1_157' title='bbox 872 1563 951 1597; x_wconf 91' lang='lat' dir='ltr'>iuris</span> <span class='ocrx_word' id='word_1_158' title='bbox 969 1568 1000 1597; x_wconf 89' lang='lat' dir='ltr'>et</span> 
     </span>
     <span class='ocr_line' id='line_1_37' title="bbox 257 1617 998 1664; baseline -0.007 -9"><span class='ocrx_word' id='word_1_159' title='bbox 257 1621 330 1655; x_wconf 74' lang='lat' dir='ltr'>facti</span> <span class='ocrx_word' id='word_1_160' title='bbox 362 1620 502 1655; x_wconf 88' lang='lat' dir='ltr'>remedia</span> <span class='ocrx_word' id='word_1_161' title='bbox 522 1647 529 1661; x_wconf 90' lang='lat'>‚</span> <span class='ocrx_word' id='word_1_162' title='bbox 563 1619 777 1664; x_wconf 81' lang='lat' dir='ltr'>appellatione</span> <span class='ocrx_word' id='word_1_163' title='bbox 808 1617 998 1663; x_wconf 75' lang='lat' dir='ltr'>postposita,</span> 
     </span>
     <span class='ocr_line' id='line_1_38' title="bbox 256 1671 997 1719; baseline -0.005 -10"><span class='ocrx_word' id='word_1_164' title='bbox 256 1673 511 1719; x_wconf 86' lang='lat' dir='ltr'>compescend0‚</span> <span class='ocrx_word' id='word_1_165' title='bbox 549 1673 696 1708; x_wconf 89' lang='lat' dir='ltr'>invocato</span> <span class='ocrx_word' id='word_1_166' title='bbox 724 1673 820 1707; x_wconf 87' lang='lat' dir='ltr'>etiam</span> <span class='ocrx_word' id='word_1_167' title='bbox 860 1671 900 1705; x_wconf 88' lang='lat' dir='ltr'>ad</span> <span class='ocrx_word' id='word_1_168' title='bbox 924 1673 997 1712; x_wconf 92' lang='lat' dir='ltr'>hoc,</span> 
     </span>
     <span class='ocr_line' id='line_1_39' title="bbox 255 1727 999 1774; baseline -0.003 -12"><span class='ocrx_word' id='word_1_169' title='bbox 255 1729 282 1763; x_wconf 87' lang='lat' dir='ltr'>si</span> <span class='ocrx_word' id='word_1_170' title='bbox 305 1739 386 1774; x_wconf 92' lang='lat' dir='ltr'>opus</span> <span class='ocrx_word' id='word_1_171' title='bbox 404 1728 512 1770; x_wconf 85' lang='lat' dir='ltr'>suerit,</span> <span class='ocrx_word' id='word_1_172' title='bbox 537 1728 653 1762; x_wconf 87' lang='lat' dir='ltr'>auxilio</span> <span class='ocrx_word' id='word_1_173' title='bbox 674 1727 796 1761; x_wconf 86' lang='lat' dir='ltr'>brachii</span> <span class='ocrx_word' id='word_1_174' title='bbox 815 1727 999 1761; x_wconf 74' lang='lat' dir='ltr'>saecularis,</span> 
     </span>
    </p>

    <p class='ocr_par' dir='ltr' id='par_1_12' title="bbox 257 1781 1002 2577">
     <span class='ocr_line' id='line_1_40' title="bbox 301 1781 999 1827; baseline -0.001 -11"><span class='ocrx_word' id='word_1_175' title='bbox 301 1782 316 1827; x_wconf 65' lang='grc' dir='ltr'><strong>ἓ</strong></span> <span class='ocrx_word' id='word_1_176' title='bbox 340 1782 370 1816; x_wconf 82' lang='lat'>9.</span> <span class='ocrx_word' id='word_1_177' title='bbox 410 1783 479 1816; x_wconf 91' lang='lat' dir='ltr'>Non</span> <span class='ocrx_word' id='word_1_178' title='bbox 504 1781 708 1816; x_wconf 84' lang='lat' dir='ltr'>obstantibus</span> <span class='ocrx_word' id='word_1_179' title='bbox 732 1781 898 1826; x_wconf 84' lang='lat' dir='ltr'>quibusvis</span> <span class='ocrx_word' id='word_1_180' title='bbox 924 1791 999 1815; x_wconf 90' lang='lat' dir='ltr'>con-</span> 
     </span>
     <span class='ocr_line' id='line_1_41' title="bbox 257 1834 998 1878; baseline -0.004 -8"><span class='ocrx_word' id='word_1_181' title='bbox 257 1835 477 1871; x_wconf 89' lang='lat' dir='ltr'>stitutionibus</span> <span class='ocrx_word' id='word_1_182' title='bbox 490 1841 521 1870; x_wconf 91' lang='lat' dir='ltr'>et</span> <span class='ocrx_word' id='word_1_183' title='bbox 533 1835 789 1869; x_wconf 89' lang='lat' dir='ltr'>ordinationibus</span> <span class='ocrx_word' id='word_1_184' title='bbox 804 1834 998 1878; x_wconf 89' lang='lat' dir='ltr'>apostolicis,</span> 
     </span>
     <span class='ocr_line' id='line_1_42' title="bbox 257 1888 1000 1934; baseline -0.005 -9"><span class='ocrx_word' id='word_1_185' title='bbox 257 1902 295 1925; x_wconf 90' lang='lat' dir='ltr'>ac</span> <span class='ocrx_word' id='word_1_186' title='bbox 310 1890 464 1925; x_wconf 87' lang='lat' dir='ltr'>ecclesiae</span> <span class='ocrx_word' id='word_1_187' title='bbox 480 1889 706 1934; x_wconf 83' lang='lat' dir='ltr'>Egitaniensis,</span> <span class='ocrx_word' id='word_1_188' title='bbox 721 1894 752 1923; x_wconf 91' lang='lat' dir='ltr'>et</span> <span class='ocrx_word' id='word_1_189' title='bbox 765 1889 901 1923; x_wconf 88' lang='lat' dir='ltr'>aliarum</span> <span class='ocrx_word' id='word_1_190' title='bbox 918 1888 1000 1923; x_wconf 90' lang='lat' dir='ltr'>eius-</span> 
     </span>
     <span class='ocr_line' id='line_1_43' title="bbox 258 1943 996 1984; baseline -0.004 -5"><span class='ocrx_word' id='word_1_191' title='bbox 258 1945 330 1979; x_wconf 87' lang='lat' dir='ltr'>dem</span> <span class='ocrx_word' id='word_1_192' title='bbox 355 1944 509 1979; x_wconf 91' lang='lat' dir='ltr'>dioecesis</span> <span class='ocrx_word' id='word_1_193' title='bbox 532 1944 756 1984; x_wconf 85' lang='lat' dir='ltr'>ecclesiarum,</span> <span class='ocrx_word' id='word_1_194' title='bbox 784 1943 878 1977; x_wconf 88' lang='lat' dir='ltr'>etiam</span> <span class='ocrx_word' id='word_1_195' title='bbox 906 1943 996 1976; x_wconf 89' lang='lat' dir='ltr'>iura-</span> 
     </span>
     <span class='ocr_line' id='line_1_44' title="bbox 259 1997 1000 2041; baseline -0.003 -9"><span class='ocrx_word' id='word_1_196' title='bbox 259 2005 379 2039; x_wconf 88' lang='lat' dir='ltr'>mento,</span> <span class='ocrx_word' id='word_1_197' title='bbox 392 1998 637 2032; x_wconf 86' lang='lat' dir='ltr'>confirmatione</span> <span class='ocrx_word' id='word_1_198' title='bbox 654 1997 840 2041; x_wconf 85' lang='lat' dir='ltr'>apostolica,</span> <span class='ocrx_word' id='word_1_199' title='bbox 855 1998 904 2031; x_wconf 90' lang='lat' dir='ltr'>vel</span> <span class='ocrx_word' id='word_1_200' title='bbox 921 2007 1000 2041; x_wconf 85' lang='lat' dir='ltr'>qua-</span> 
     </span>
     <span class='ocr_line' id='line_1_45' title="bbox 259 2050 999 2092; baseline 0 -8"><span class='ocrx_word' id='word_1_201' title='bbox 259 2052 307 2084; x_wconf 87' lang='lat' dir='ltr'>vis</span> <span class='ocrx_word' id='word_1_202' title='bbox 321 2051 471 2085; x_wconf 87' lang='lat' dir='ltr'>firmitate</span> <span class='ocrx_word' id='word_1_203' title='bbox 485 2051 546 2084; x_wconf 89' lang='lat' dir='ltr'>alia</span> <span class='ocrx_word' id='word_1_204' title='bbox 559 2050 729 2091; x_wconf 86' lang='lat' dir='ltr'>roboratis,</span> <span class='ocrx_word' id='word_1_205' title='bbox 739 2050 999 2092; x_wconf 89' lang='lat' dir='ltr'>statutis,usibus</span> 
     </span>
     <span class='ocr_line' id='line_1_46' title="bbox 260 2104 999 2148; baseline 0 -10"><span class='ocrx_word' id='word_1_206' title='bbox 260 2111 290 2139; x_wconf 89' lang='lat' dir='ltr'>et</span> <span class='ocrx_word' id='word_1_207' title='bbox 324 2104 613 2139; x_wconf 89' lang='lat' dir='ltr'>consuetudinibus</span> <span class='ocrx_word' id='word_1_208' title='bbox 630 2131 638 2145; x_wconf 95' lang='lat'><em>,</em></span> <span class='ocrx_word' id='word_1_209' title='bbox 662 2104 835 2148; x_wconf 83' lang='lat' dir='ltr'>privilegiis</span> <span class='ocrx_word' id='word_1_210' title='bbox 859 2114 999 2148; x_wconf 87' lang='lat' dir='ltr'>quoque,</span> 
     </span>
     <span class='ocr_line' id='line_1_47' title="bbox 259 2157 1000 2201; baseline -0.003 -9"><span class='ocrx_word' id='word_1_211' title='bbox 259 2158 393 2192; x_wconf 91' lang='lat' dir='ltr'>indultis</span> <span class='ocrx_word' id='word_1_212' title='bbox 419 2164 450 2191; x_wconf 92' lang='lat' dir='ltr'>et</span> <span class='ocrx_word' id='word_1_213' title='bbox 474 2157 587 2191; x_wconf 91' lang='lat' dir='ltr'>litteris</span> <span class='ocrx_word' id='word_1_214' title='bbox 611 2157 795 2201; x_wconf 87' lang='lat' dir='ltr'>apostolicis</span> <span class='ocrx_word' id='word_1_215' title='bbox 820 2157 1000 2201; x_wconf 85' lang='lat' dir='ltr'>quibusvis,</span> 
     </span>
     <span class='ocr_line' id='line_1_48' title="bbox 260 2210 999 2254; baseline -0.003 -9"><span class='ocrx_word' id='word_1_216' title='bbox 260 2211 362 2246; x_wconf 89' lang='lat' dir='ltr'>dictae</span> <span class='ocrx_word' id='word_1_217' title='bbox 390 2210 545 2245; x_wconf 90' lang='lat' dir='ltr'>ecclesiae</span> <span class='ocrx_word' id='word_1_218' title='bbox 572 2210 767 2254; x_wconf 84' lang='lat' dir='ltr'>Egitaniensi</span> <span class='ocrx_word' id='word_1_219' title='bbox 798 2221 834 2243; x_wconf 88' lang='lat' dir='ltr'>ac</span> <span class='ocrx_word' id='word_1_220' title='bbox 863 2210 999 2244; x_wconf 87' lang='lat' dir='ltr'>aliarum</span> 
     </span>
     <span class='ocr_line' id='line_1_49' title="bbox 260 2264 996 2305; baseline -0.004 -6"><span class='ocrx_word' id='word_1_221' title='bbox 260 2265 403 2299; x_wconf 88' lang='lat' dir='ltr'>eiusdem</span> <span class='ocrx_word' id='word_1_222' title='bbox 421 2265 579 2298; x_wconf 88' lang='lat' dir='ltr'>dioecesis</span> <span class='ocrx_word' id='word_1_223' title='bbox 596 2264 803 2299; x_wconf 85' lang='lat' dir='ltr'>ecclesiarum</span> <span class='ocrx_word' id='word_1_224' title='bbox 824 2264 996 2305; x_wconf 79' lang='lat' dir='ltr'>canonicis,</span> 
     </span>
     <span class='ocr_line' id='line_1_50' title="bbox 260 2317 1001 2359; baseline -0.003 -7"><span class='ocrx_word' id='word_1_225' title='bbox 260 2318 474 2359; x_wconf 81' lang='lat' dir='ltr'>beneficiatis,</span> <span class='ocrx_word' id='word_1_226' title='bbox 493 2318 673 2353; x_wconf 87' lang='lat' dir='ltr'>rectoribus</span> <span class='ocrx_word' id='word_1_227' title='bbox 698 2329 733 2352; x_wconf 87' lang='lat' dir='ltr'>ac</span> <span class='ocrx_word' id='word_1_228' title='bbox 757 2317 907 2351; x_wconf 90' lang='lat' dir='ltr'>omnibus</span> <span class='ocrx_word' id='word_1_229' title='bbox 931 2317 1001 2350; x_wconf 87' lang='lat' dir='ltr'>aliis</span> 
     </span>
     <span class='ocr_line' id='line_1_51' title="bbox 261 2371 1001 2416; baseline -0.003 -10"><span class='ocrx_word' id='word_1_230' title='bbox 261 2378 326 2406; x_wconf 90' lang='lat' dir='ltr'>tam</span> <span class='ocrx_word' id='word_1_231' title='bbox 361 2372 594 2413; x_wconf 82' lang='lat' dir='ltr'>ecclesiastica,</span> <span class='ocrx_word' id='word_1_232' title='bbox 626 2383 722 2416; x_wconf 86' lang='lat' dir='ltr'>quam</span> <span class='ocrx_word' id='word_1_233' title='bbox 756 2371 922 2416; x_wconf 89' lang='lat' dir='ltr'>temporali</span> <span class='ocrx_word' id='word_1_234' title='bbox 952 2371 1001 2404; x_wconf 79' lang='lat' dir='ltr'>‹ti-</span> 
     </span>
     <span class='ocr_line' id='line_1_52' title="bbox 262 2424 1000 2470; baseline -0.003 -10"><span class='ocrx_word' id='word_1_235' title='bbox 262 2426 382 2470; x_wconf 85' lang='lat' dir='ltr'>gnitate</span> <span class='ocrx_word' id='word_1_236' title='bbox 410 2432 440 2460; x_wconf 88' lang='lat' dir='ltr'>et</span> <span class='ocrx_word' id='word_1_237' title='bbox 479 2426 668 2460; x_wconf 85' lang='lat' dir='ltr'>auctoritate</span> <span class='ocrx_word' id='word_1_238' title='bbox 699 2424 974 2470; x_wconf 80' lang='lat' dir='ltr'>praefulgentibus</span> <span class='ocrx_word' id='word_1_239' title='bbox 991 2453 1000 2466; x_wconf 84' lang='lat'><em>,</em></span> 
     </span>
     <span class='ocr_line' id='line_1_53' title="bbox 261 2478 1002 2524; baseline -0.001 -12"><span class='ocrx_word' id='word_1_240' title='bbox 261 2479 430 2524; x_wconf 84' lang='lat' dir='ltr'>praesectis</span> <span class='ocrx_word' id='word_1_241' title='bbox 447 2507 454 2521; x_wconf 89' lang='lat'>‚</span> <span class='ocrx_word' id='word_1_242' title='bbox 494 2478 743 2523; x_wconf 79' lang='lat' dir='ltr'>magistratibus,</span> <span class='ocrx_word' id='word_1_243' title='bbox 769 2490 806 2512; x_wconf 89' lang='lat' dir='ltr'>ac</span> <span class='ocrx_word' id='word_1_244' title='bbox 839 2479 907 2512; x_wconf 91' lang='lat' dir='ltr'>aliis</span> <span class='ocrx_word' id='word_1_245' title='bbox 932 2479 1002 2522; x_wconf 87' lang='lat' dir='ltr'>qui-</span> 
     </span>
     <span class='ocr_line' id='line_1_54' title="bbox 261 2532 1002 2577; baseline -0.001 -12"><span class='ocrx_word' id='word_1_246' title='bbox 261 2532 400 2567; x_wconf 83' lang='lat' dir='ltr'>buslibet</span> <span class='ocrx_word' id='word_1_247' title='bbox 423 2533 579 2577; x_wconf 88' lang='lat' dir='ltr'>personis‚</span> <span class='ocrx_word' id='word_1_248' title='bbox 598 2539 627 2567; x_wconf 91' lang='lat' dir='ltr'>et</span> <span class='ocrx_word' id='word_1_249' title='bbox 646 2543 757 2567; x_wconf 85' lang='lat' dir='ltr'>eorum</span> <span class='ocrx_word' id='word_1_250' title='bbox 776 2532 906 2566; x_wconf 79' lang='lat' dir='ltr'>cuilibet</span> <span class='ocrx_word' id='word_1_251' title='bbox 923 2542 1002 2575; x_wconf 84' lang='lat' dir='ltr'>quo-</span> 
     </span>
    </p>
   </div>
   <div class='ocr_carea' id='block_1_9' title="bbox 1025 269 1771 961">
    <p class='ocr_par' dir='ltr' id='par_1_13' title="bbox 1025 269 1771 748">
     <span class='ocr_line' id='line_1_55' title="bbox 1025 269 1770 319; baseline -0.009 -11"><span class='ocrx_word' id='word_1_252' title='bbox 1025 285 1203 319; x_wconf 69' lang='lat' dir='ltr'>eorumque</span> <span class='ocrx_word' id='word_1_253' title='bbox 1230 275 1303 309; x_wconf 89' lang='lat' dir='ltr'>totis</span> <span class='ocrx_word' id='word_1_254' title='bbox 1331 272 1496 308; x_wconf 87' lang='lat' dir='ltr'>tenoribus</span> <span class='ocrx_word' id='word_1_255' title='bbox 1516 269 1673 315; x_wconf 78' lang='lat' dir='ltr'>spectatis,</span> <span class='ocrx_word' id='word_1_256' title='bbox 1701 279 1770 313; x_wconf 88' lang='lat' dir='ltr'>spe-</span> 
     </span>
     <span class='ocr_line' id='line_1_56' title="bbox 1025 323 1771 372; baseline -0.009 -10"><span class='ocrx_word' id='word_1_257' title='bbox 1025 330 1127 368; x_wconf 86' lang='lat' dir='ltr'>cifica,</span> <span class='ocrx_word' id='word_1_258' title='bbox 1151 338 1299 372; x_wconf 84' lang='lat' dir='ltr'>expressa</span> <span class='ocrx_word' id='word_1_259' title='bbox 1324 333 1354 361; x_wconf 93' lang='lat' dir='ltr'>et</span> <span class='ocrx_word' id='word_1_260' title='bbox 1379 325 1543 360; x_wconf 89' lang='lat' dir='ltr'>individua</span> <span class='ocrx_word' id='word_1_261' title='bbox 1564 323 1683 356; x_wconf 87' lang='lat' dir='ltr'>mentio</span> <span class='ocrx_word' id='word_1_262' title='bbox 1715 323 1771 356; x_wconf 88' lang='lat' dir='ltr'>ha-</span> 
     </span>
     <span class='ocr_line' id='line_1_57' title="bbox 1025 376 1771 424; baseline -0.009 -9"><span class='ocrx_word' id='word_1_263' title='bbox 1025 382 1142 423; x_wconf 86' lang='lat' dir='ltr'>benda,</span> <span class='ocrx_word' id='word_1_264' title='bbox 1170 387 1224 414; x_wconf 88' lang='lat' dir='ltr'>aut</span> <span class='ocrx_word' id='word_1_265' title='bbox 1249 381 1357 424; x_wconf 87' lang='lat' dir='ltr'>aliqua</span> <span class='ocrx_word' id='word_1_266' title='bbox 1388 380 1450 413; x_wconf 86' lang='lat' dir='ltr'>alia</span> <span class='ocrx_word' id='word_1_267' title='bbox 1470 377 1626 421; x_wconf 85' lang='lat' dir='ltr'>exquisita</span> <span class='ocrx_word' id='word_1_268' title='bbox 1669 376 1771 409; x_wconf 72' lang='lat' dir='ltr'>forma</span> 
     </span>
     <span class='ocr_line' id='line_1_58' title="bbox 1026 434 1770 473; baseline -0.008 -5"><span class='ocrx_word' id='word_1_269' title='bbox 1026 435 1064 468; x_wconf 84' lang='lat' dir='ltr'>ad</span> <span class='ocrx_word' id='word_1_270' title='bbox 1089 435 1150 469; x_wconf 90' lang='lat' dir='ltr'>hoc</span> <span class='ocrx_word' id='word_1_271' title='bbox 1188 434 1341 468; x_wconf 85' lang='lat' dir='ltr'>servanda</span> <span class='ocrx_word' id='word_1_272' title='bbox 1366 434 1472 473; x_wconf 82' lang='lat' dir='ltr'>foret,</span> <span class='ocrx_word' id='word_1_273' title='bbox 1503 442 1615 466; x_wconf 88' lang='lat' dir='ltr'>eorum</span> <span class='ocrx_word' id='word_1_274' title='bbox 1644 435 1770 463; x_wconf 82' lang='lat' dir='ltr'>tenores</span> 
     </span>
     <span class='ocr_line' id='line_1_59' title="bbox 1026 483 1769 533; baseline -0.009 -10"><span class='ocrx_word' id='word_1_275' title='bbox 1026 488 1249 533; x_wconf 86' lang='lat' dir='ltr'>praesentibus</span> <span class='ocrx_word' id='word_1_276' title='bbox 1267 498 1325 531; x_wconf 88' lang='lat' dir='ltr'>pro</span> <span class='ocrx_word' id='word_1_277' title='bbox 1343 487 1501 531; x_wconf 79' lang='lat' dir='ltr'>expressis</span> <span class='ocrx_word' id='word_1_278' title='bbox 1519 492 1551 519; x_wconf 88' lang='lat' dir='ltr'>et</span> <span class='ocrx_word' id='word_1_279' title='bbox 1570 485 1609 517; x_wconf 91' lang='lat' dir='ltr'>ad</span> <span class='ocrx_word' id='word_1_280' title='bbox 1636 483 1769 519; x_wconf 86' lang='lat' dir='ltr'>verbum</span> 
     </span>
     <span class='ocr_line' id='line_1_60' title="bbox 1027 539 1770 582; baseline -0.009 -5"><span class='ocrx_word' id='word_1_281' title='bbox 1027 542 1153 577; x_wconf 87' lang='lat' dir='ltr'>insertis</span> <span class='ocrx_word' id='word_1_282' title='bbox 1177 542 1352 582; x_wconf 83' lang='lat' dir='ltr'>habentes,</span> <span class='ocrx_word' id='word_1_283' title='bbox 1388 541 1449 574; x_wconf 91' lang='lat' dir='ltr'>illis</span> <span class='ocrx_word' id='word_1_284' title='bbox 1474 541 1550 573; x_wconf 83' lang='lat' dir='ltr'>alias</span> <span class='ocrx_word' id='word_1_285' title='bbox 1579 539 1610 572; x_wconf 90' lang='lat' dir='ltr'>in</span> <span class='ocrx_word' id='word_1_286' title='bbox 1635 549 1694 572; x_wconf 90' lang='lat' dir='ltr'>suo</span> <span class='ocrx_word' id='word_1_287' title='bbox 1719 547 1770 571; x_wconf 91' lang='lat' dir='ltr'>ro-</span> 
     </span>
     <span class='ocr_line' id='line_1_61' title="bbox 1026 593 1770 641; baseline -0.009 -10"><span class='ocrx_word' id='word_1_288' title='bbox 1026 598 1105 631; x_wconf 89' lang='lat' dir='ltr'>bore</span> <span class='ocrx_word' id='word_1_289' title='bbox 1142 595 1389 641; x_wconf 78' lang='lat' dir='ltr'>permansuris,</span> <span class='ocrx_word' id='word_1_290' title='bbox 1430 595 1487 627; x_wconf 85' lang='lat' dir='ltr'>hac</span> <span class='ocrx_word' id='word_1_291' title='bbox 1514 594 1579 627; x_wconf 89' lang='lat' dir='ltr'>vice</span> <span class='ocrx_word' id='word_1_292' title='bbox 1605 593 1770 626; x_wconf 83' lang='lat' dir='ltr'>dumtaxat</span> 
     </span>
     <span class='ocr_line' id='line_1_62' title="bbox 1027 648 1771 696; baseline -0.008 -11"><span class='ocrx_word' id='word_1_293' title='bbox 1027 651 1208 696; x_wconf 86' lang='lat' dir='ltr'>specialiter</span> <span class='ocrx_word' id='word_1_294' title='bbox 1232 656 1262 683; x_wconf 94' lang='lat' dir='ltr'>et</span> <span class='ocrx_word' id='word_1_295' title='bbox 1280 659 1427 693; x_wconf 85' lang='lat' dir='ltr'>expresse</span> <span class='ocrx_word' id='word_1_296' title='bbox 1447 648 1639 691; x_wconf 84' lang='lat' dir='ltr'>derogamus</span> <span class='ocrx_word' id='word_1_297' title='bbox 1657 674 1665 688; x_wconf 90' lang='lat'><em>,</em></span> <span class='ocrx_word' id='word_1_298' title='bbox 1700 656 1771 680; x_wconf 87' lang='lat' dir='ltr'>cae-</span> 
     </span>
     <span class='ocr_line' id='line_1_63' title="bbox 1028 702 1655 748; baseline -0.008 -9"><span class='ocrx_word' id='word_1_299' title='bbox 1028 705 1169 748; x_wconf 89' lang='lat' dir='ltr'>terisque</span> <span class='ocrx_word' id='word_1_300' title='bbox 1193 702 1362 738; x_wconf 88' lang='lat' dir='ltr'>contrariis</span> <span class='ocrx_word' id='word_1_301' title='bbox 1387 702 1655 745; x_wconf 85' lang='lat' dir='ltr'>quibuscumque.</span> 
     </span>
    </p>

    <p class='ocr_par' dir='ltr' id='par_1_14' title="bbox 1027 754 1771 910">
     <span class='ocr_line' id='line_1_64' title="bbox 1071 754 1771 800; baseline -0.01 -7"><span class='ocrx_word' id='word_1_302' title='bbox 1071 759 1186 792; x_wconf 88' lang='lat' dir='ltr'>Datum</span> <span class='ocrx_word' id='word_1_303' title='bbox 1211 758 1332 791; x_wconf 84' lang='lat' dir='ltr'>Romae</span> <span class='ocrx_word' id='word_1_304' title='bbox 1357 755 1441 800; x_wconf 88' lang='lat' dir='ltr'>apud</span> <span class='ocrx_word' id='word_1_305' title='bbox 1466 755 1616 789; x_wconf 85' lang='lat' dir='ltr'>Sanctum</span> <span class='ocrx_word' id='word_1_306' title='bbox 1641 754 1771 787; x_wconf 87' lang='lat' dir='ltr'>Petrum</span> 
     </span>
     <span class='ocr_line' id='line_1_65' title="bbox 1027 807 1769 849; baseline -0.008 -4"><span class='ocrx_word' id='word_1_307' title='bbox 1027 813 1087 846; x_wconf 90' lang='lat' dir='ltr'>sub</span> <span class='ocrx_word' id='word_1_308' title='bbox 1102 810 1220 845; x_wconf 89' lang='lat' dir='ltr'>annulo</span> <span class='ocrx_word' id='word_1_309' title='bbox 1233 810 1419 849; x_wconf 78' lang='lat' dir='ltr'>piscatoris,</span> <span class='ocrx_word' id='word_1_310' title='bbox 1439 808 1488 842; x_wconf 92' lang='lat' dir='ltr'>die</span> <span class='ocrx_word' id='word_1_311' title='bbox 1501 818 1552 842; x_wconf 77' lang='lat' dir='ltr'>xxi</span> <span class='ocrx_word' id='word_1_312' title='bbox 1564 807 1637 841; x_wconf 88' lang='lat' dir='ltr'>maii</span> <span class='ocrx_word' id='word_1_313' title='bbox 1652 816 1769 849; x_wconf 76' lang='lat' dir='ltr'>noctu,</span> 
     </span>
     <span class='ocr_line' id='line_1_66' title="bbox 1028 862 1548 910; baseline -0.012 -10"><span class='ocrx_word' id='word_1_314' title='bbox 1028 865 1233 910; x_wconf 86' lang='lat' dir='ltr'>pontificatus</span> <span class='ocrx_word' id='word_1_315' title='bbox 1257 862 1358 897; x_wconf 88' lang='lat' dir='ltr'>nostri</span> <span class='ocrx_word' id='word_1_316' title='bbox 1386 872 1469 896; x_wconf 89' lang='lat' dir='ltr'>anno</span> <span class='ocrx_word' id='word_1_317' title='bbox 1495 872 1548 895; x_wconf 82' lang='lat' dir='ltr'>xu.</span> 
     </span>
    </p>

    <p class='ocr_par' dir='ltr' id='par_1_15' title="bbox 1064 924 1663 961">
     <span class='ocr_line' id='line_1_67' title="bbox 1064 924 1663 961; baseline -0.005 -6"><span class='ocrx_word' id='word_1_318' title='bbox 1064 927 1123 955; x_wconf 82' lang='lat' dir='ltr'>Dat.</span> <span class='ocrx_word' id='word_1_319' title='bbox 1143 927 1187 954; x_wconf 83' lang='lat' dir='ltr'>die</span> <span class='ocrx_word' id='word_1_320' title='bbox 1205 927 1236 954; x_wconf 77' lang='lat'>21</span> <span class='ocrx_word' id='word_1_321' title='bbox 1255 926 1317 953; x_wconf 86' lang='lat' dir='ltr'>maii</span> <span class='ocrx_word' id='word_1_322' title='bbox 1339 925 1418 960; x_wconf 78' lang='lat'><strong>1603,</strong></span> <span class='ocrx_word' id='word_1_323' title='bbox 1441 924 1535 961; x_wconf 83' lang='lat' dir='ltr'>pontif.</span> <span class='ocrx_word' id='word_1_324' title='bbox 1554 933 1596 951; x_wconf 78' lang='lat' dir='ltr'>an.</span> <span class='ocrx_word' id='word_1_325' title='bbox 1615 930 1663 952; x_wconf 72' lang='grc' dir='ltr'><strong>ιιι.</strong></span> 
     </span>
    </p>
   </div>
   <div class='ocr_carea' id='block_1_10' title="bbox 1323 1078 1473 1115">
    <p class='ocr_par' dir='ltr' id='par_1_16' title="bbox 1323 1078 1473 1115">
     <span class='ocr_line' id='line_1_68' title="bbox 1323 1078 1473 1115; baseline -0.013 -1"><span class='ocrx_word' id='word_1_326' title='bbox 1323 1078 1473 1115; x_wconf 80' lang='lat' dir='ltr'>cccxvt.</span> 
     </span>
    </p>
   </div>
   <div class='ocr_carea' id='block_1_11' title="bbox 1030 1150 1775 1306">
    <p class='ocr_par' dir='ltr' id='par_1_17' title="bbox 1030 1150 1775 1306">
     <span class='ocr_line' id='line_1_69' title="bbox 1030 1150 1774 1188; baseline -0.007 0"><span class='ocrx_word' id='word_1_327' title='bbox 1030 1154 1128 1188; x_wconf 81' lang='lat' dir='ltr'>Aliae</span> <span class='ocrx_word' id='word_1_328' title='bbox 1158 1153 1393 1187; x_wconf 81' lang='lat' dir='ltr'>declarationes</span> <span class='ocrx_word' id='word_1_329' title='bbox 1423 1151 1662 1186; x_wconf 75' lang='lat' dir='ltr'>nonnullorum</span> <span class='ocrx_word' id='word_1_330' title='bbox 1690 1150 1774 1184; x_wconf 82' lang='lat' dir='ltr'>alio-</span> 
     </span>
     <span class='ocr_line' id='line_1_70' title="bbox 1074 1205 1775 1249; baseline -0.006 -8"><span class='ocrx_word' id='word_1_331' title='bbox 1074 1219 1149 1241; x_wconf 81' lang='lat' dir='ltr'>rum</span> <span class='ocrx_word' id='word_1_332' title='bbox 1173 1207 1348 1242; x_wconf 78' lang='lat' dir='ltr'>dubiorum</span> <span class='ocrx_word' id='word_1_333' title='bbox 1372 1208 1412 1240; x_wconf 84' lang='lat' dir='ltr'>ab</span> <span class='ocrx_word' id='word_1_334' title='bbox 1437 1206 1545 1240; x_wconf 85' lang='lat' dir='ltr'>eodem</span> <span class='ocrx_word' id='word_1_335' title='bbox 1567 1205 1775 1249; x_wconf 72' lang='lat' dir='ltr'>Eyitaniense·</span> 
     </span>
     <span class='ocr_line' id='line_1_71' title="bbox 1075 1259 1524 1306; baseline -0.002 -12"><span class='ocrx_word' id='word_1_336' title='bbox 1075 1262 1220 1306; x_wconf 78' lang='lat' dir='ltr'>episcopo</span> <span class='ocrx_word' id='word_1_337' title='bbox 1242 1261 1484 1305; x_wconf 78' lang='lat' dir='ltr'>propositorum</span> <span class='ocrx_word' id='word_1_338' title='bbox 1503 1259 1524 1294; x_wconf 81' lang='lat'>¹.</span> 
     </span>
    </p>
   </div>
   <div class='ocr_carea' id='block_1_12' title="bbox 1157 1340 1648 1430">
    <p class='ocr_par' dir='ltr' id='par_1_18' title="bbox 1157 1340 1648 1430">
     <span class='ocr_line' id='line_1_72' title="bbox 1245 1340 1565 1375; baseline -0.003 -6"><span class='ocrx_word' id='word_1_339' title='bbox 1245 1341 1379 1369; x_wconf 77' lang='lat' dir='ltr'>Clemens</span> <span class='ocrx_word' id='word_1_340' title='bbox 1400 1340 1479 1375; x_wconf 83' lang='lat' dir='ltr'>Papa</span> <span class='ocrx_word' id='word_1_341' title='bbox 1497 1340 1565 1368; x_wconf 82' lang='lat' dir='ltr'>VIII</span> 
     </span>
     <span class='ocr_line' id='line_1_73' title="bbox 1157 1393 1648 1430; baseline -0.004 -7"><span class='ocrx_word' id='word_1_342' title='bbox 1157 1395 1193 1423; x_wconf 85' lang='lat' dir='ltr'>ad</span> <span class='ocrx_word' id='word_1_343' title='bbox 1212 1398 1387 1430; x_wconf 79' lang='lat' dir='ltr'>perpetuam</span> <span class='ocrx_word' id='word_1_344' title='bbox 1403 1394 1447 1422; x_wconf 83' lang='lat' dir='ltr'>rei</span> <span class='ocrx_word' id='word_1_345' title='bbox 1467 1393 1648 1422; x_wconf 79' lang='lat' dir='ltr'>memoriam.</span> 
     </span>
    </p>
   </div>
   <div class='ocr_carea' id='block_1_13' title="bbox 1031 1456 1780 2571">
    <p class='ocr_par' dir='ltr' id='par_1_19' title="bbox 1031 1456 1779 1932">
     <span class='ocr_line' id='line_1_74' title="bbox 1075 1456 1776 1500; baseline -0.003 -9"><span class='ocrx_word' id='word_1_346' title='bbox 1075 1458 1169 1491; x_wconf 88' lang='lat' dir='ltr'>Decet</span> <span class='ocrx_word' id='word_1_347' title='bbox 1182 1457 1363 1491; x_wconf 85' lang='lat' dir='ltr'>Romanum</span> <span class='ocrx_word' id='word_1_348' title='bbox 1373 1456 1562 1490; x_wconf 85' lang='lat' dir='ltr'>Pontificem</span> <span class='ocrx_word' id='word_1_349' title='bbox 1576 1456 1608 1489; x_wconf 93' lang='lat' dir='ltr'>in</span> <span class='ocrx_word' id='word_1_350' title='bbox 1621 1456 1681 1497; x_wconf 82' lang='lat' dir='ltr'>his,</span> <span class='ocrx_word' id='word_1_351' title='bbox 1694 1466 1776 1500; x_wconf 84' lang='lat' dir='ltr'>quae</span> 
     </span>
     <span class='ocr_line' id='line_1_75' title="bbox 1032 1508 1776 1552; baseline -0.003 -9"><span class='ocrx_word' id='word_1_352' title='bbox 1032 1510 1071 1543; x_wconf 92' lang='lat' dir='ltr'>ad</span> <span class='ocrx_word' id='word_1_353' title='bbox 1095 1510 1306 1544; x_wconf 87' lang='lat' dir='ltr'>ecclesiarum</span> <span class='ocrx_word' id='word_1_354' title='bbox 1333 1509 1490 1550; x_wconf 89' lang='lat' dir='ltr'>omnium,</span> <span class='ocrx_word' id='word_1_355' title='bbox 1511 1508 1698 1552; x_wconf 89' lang='lat' dir='ltr'>praesertim</span> <span class='ocrx_word' id='word_1_356' title='bbox 1725 1519 1776 1542; x_wconf 88' lang='lat' dir='ltr'>ca-</span> 
     </span>
     <span class='ocr_line' id='line_1_76' title="bbox 1031 1562 1777 1608; baseline -0.003 -11"><span class='ocrx_word' id='word_1_357' title='bbox 1031 1563 1238 1606; x_wconf 86' lang='lat' dir='ltr'>thedralium,</span> <span class='ocrx_word' id='word_1_358' title='bbox 1261 1564 1420 1608; x_wconf 88' lang='lat' dir='ltr'>optimum</span> <span class='ocrx_word' id='word_1_359' title='bbox 1439 1563 1585 1607; x_wconf 83' lang='lat' dir='ltr'>regimen</span> <span class='ocrx_word' id='word_1_360' title='bbox 1599 1568 1630 1596; x_wconf 89' lang='lat' dir='ltr'>et</span> <span class='ocrx_word' id='word_1_361' title='bbox 1647 1562 1777 1596; x_wconf 88' lang='lat' dir='ltr'>utiliora</span> 
     </span>
     <span class='ocr_line' id='line_1_77' title="bbox 1032 1616 1777 1661; baseline -0.004 -10"><span class='ocrx_word' id='word_1_362' title='bbox 1032 1617 1160 1651; x_wconf 87' lang='lat' dir='ltr'>servitia</span> <span class='ocrx_word' id='word_1_363' title='bbox 1180 1616 1355 1661; x_wconf 86' lang='lat' dir='ltr'>pertinent,</span> <span class='ocrx_word' id='word_1_364' title='bbox 1371 1616 1594 1650; x_wconf 86' lang='lat' dir='ltr'>auctoritatem</span> <span class='ocrx_word' id='word_1_365' title='bbox 1616 1626 1708 1650; x_wconf 88' lang='lat' dir='ltr'>suam</span> <span class='ocrx_word' id='word_1_366' title='bbox 1729 1616 1777 1649; x_wconf 90' lang='lat' dir='ltr'>in-</span> 
     </span>
     <span class='ocr_line' id='line_1_78' title="bbox 1034 1669 1777 1715; baseline -0.004 -10"><span class='ocrx_word' id='word_1_367' title='bbox 1034 1676 1214 1715; x_wconf 88' lang='lat' dir='ltr'>terponere,</span> <span class='ocrx_word' id='word_1_368' title='bbox 1231 1681 1268 1705; x_wconf 89' lang='lat' dir='ltr'>ac</span> <span class='ocrx_word' id='word_1_369' title='bbox 1282 1671 1380 1704; x_wconf 89' lang='lat' dir='ltr'>dubia</span> <span class='ocrx_word' id='word_1_370' title='bbox 1397 1680 1622 1714; x_wconf 86' lang='lat' dir='ltr'>quaecumque</span> <span class='ocrx_word' id='word_1_371' title='bbox 1639 1669 1777 1713; x_wconf 89' lang='lat' dir='ltr'>desuper</span> 
     </span>
     <span class='ocr_line' id='line_1_79' title="bbox 1032 1723 1779 1769; baseline -0.003 -11"><span class='ocrx_word' id='word_1_372' title='bbox 1032 1724 1229 1769; x_wconf 84' lang='lat' dir='ltr'>emergentia</span> <span class='ocrx_word' id='word_1_373' title='bbox 1247 1727 1426 1769; x_wconf 79' lang='lat' dir='ltr'>opportuna</span> <span class='ocrx_word' id='word_1_374' title='bbox 1443 1723 1660 1757; x_wconf 87' lang='lat' dir='ltr'>declaratione</span> <span class='ocrx_word' id='word_1_375' title='bbox 1677 1734 1694 1756; x_wconf 90' lang='lat' dir='ltr'>e</span> <span class='ocrx_word' id='word_1_376' title='bbox 1712 1733 1779 1756; x_wconf 91' lang='lat' dir='ltr'>me-</span> 
     </span>
     <span class='ocr_line' id='line_1_80' title="bbox 1033 1775 1776 1822; baseline -0.005 -9"><span class='ocrx_word' id='word_1_377' title='bbox 1033 1779 1085 1813; x_wconf 94' lang='lat' dir='ltr'>dio</span> <span class='ocrx_word' id='word_1_378' title='bbox 1110 1778 1241 1820; x_wconf 88' lang='lat' dir='ltr'>tollere,</span> <span class='ocrx_word' id='word_1_379' title='bbox 1269 1789 1304 1812; x_wconf 87' lang='lat' dir='ltr'>ac</span> <span class='ocrx_word' id='word_1_380' title='bbox 1329 1778 1407 1811; x_wconf 87' lang='lat' dir='ltr'>alias</span> <span class='ocrx_word' id='word_1_381' title='bbox 1432 1778 1572 1822; x_wconf 90' lang='lat' dir='ltr'>desuper</span> <span class='ocrx_word' id='word_1_382' title='bbox 1595 1775 1776 1821; x_wconf 77' lang='lat' dir='ltr'>providere,</span> 
     </span>
     <span class='ocr_line' id='line_1_81' title="bbox 1032 1830 1777 1877; baseline -0.003 -12"><span class='ocrx_word' id='word_1_383' title='bbox 1032 1838 1127 1877; x_wconf 89' lang='lat' dir='ltr'>prout</span> <span class='ocrx_word' id='word_1_384' title='bbox 1146 1832 1179 1866; x_wconf 90' lang='lat' dir='ltr'>in</span> <span class='ocrx_word' id='word_1_385' title='bbox 1199 1832 1335 1866; x_wconf 89' lang='lat' dir='ltr'>Domino</span> <span class='ocrx_word' id='word_1_386' title='bbox 1355 1831 1529 1865; x_wconf 81' lang='lat' dir='ltr'>salubriter</span> <span class='ocrx_word' id='word_1_387' title='bbox 1544 1830 1703 1875; x_wconf 91' lang='lat' dir='ltr'>conspicit</span> <span class='ocrx_word' id='word_1_388' title='bbox 1723 1840 1777 1864; x_wconf 89' lang='lat' dir='ltr'>ex-</span> 
     </span>
     <span class='ocr_line' id='line_1_82' title="bbox 1032 1886 1156 1932; baseline -0.008 -11"><span class='ocrx_word' id='word_1_389' title='bbox 1032 1886 1156 1932; x_wconf 87' lang='lat' dir='ltr'>pedire.</span> 
     </span>
    </p>

    <p class='ocr_par' dir='ltr' id='par_1_20' title="bbox 1033 1938 1780 2571">
     <span class='ocr_line' id='line_1_83' title="bbox 1079 1938 1779 1983; baseline -0.003 -10"><span class='ocrx_word' id='word_1_390' title='bbox 1079 1942 1095 1983; x_wconf 65' lang='lat' dir='ltr'>g</span> <span class='ocrx_word' id='word_1_391' title='bbox 1109 1941 1140 1974; x_wconf 84' lang='lat'>1.</span> <span class='ocrx_word' id='word_1_392' title='bbox 1155 1940 1248 1981; x_wconf 78' lang='lat' dir='ltr'>Sane,</span> <span class='ocrx_word' id='word_1_393' title='bbox 1264 1951 1350 1981; x_wconf 84' lang='lat' dir='ltr'>cum,</span> <span class='ocrx_word' id='word_1_394' title='bbox 1375 1940 1457 1974; x_wconf 90' lang='lat' dir='ltr'>sicut</span> <span class='ocrx_word' id='word_1_395' title='bbox 1475 1938 1665 1973; x_wconf 85' lang='lat' dir='ltr'>venerabilis</span> <span class='ocrx_word' id='word_1_396' title='bbox 1682 1938 1779 1972; x_wconf 77' lang='lat' dir='ltr'>irater</span> 
     </span>
     <span class='ocr_line' id='line_1_84' title="bbox 1033 1992 1779 2039; baseline -0.004 -11"><span class='ocrx_word' id='word_1_397' title='bbox 1033 1995 1180 2029; x_wconf 90' lang='lat' dir='ltr'>Nonnius</span> <span class='ocrx_word' id='word_1_398' title='bbox 1194 1995 1363 2039; x_wconf 90' lang='lat' dir='ltr'>episcopus</span> <span class='ocrx_word' id='word_1_399' title='bbox 1375 1993 1590 2038; x_wconf 79' lang='lat' dir='ltr'>Egitaniensis</span> <span class='ocrx_word' id='word_1_400' title='bbox 1607 1992 1701 2026; x_wconf 91' lang='lat' dir='ltr'>nobis</span> <span class='ocrx_word' id='word_1_401' title='bbox 1720 2004 1779 2026; x_wconf 87' lang='lat' dir='ltr'>ex-</span> 
     </span>
     <span class='ocr_line' id='line_1_85' title="bbox 1033 2046 1775 2093; baseline -0.004 -11"><span class='ocrx_word' id='word_1_402' title='bbox 1033 2049 1108 2093; x_wconf 88' lang='lat' dir='ltr'>poni</span> <span class='ocrx_word' id='word_1_403' title='bbox 1132 2048 1219 2090; x_wconf 86' lang='lat' dir='ltr'>fecit‚</span> <span class='ocrx_word' id='word_1_404' title='bbox 1248 2059 1265 2081; x_wconf 85' lang='lat' dir='ltr'>a</span> <span class='ocrx_word' id='word_1_405' title='bbox 1289 2047 1453 2081; x_wconf 89' lang='lat' dir='ltr'>nonnullis</span> <span class='ocrx_word' id='word_1_406' title='bbox 1477 2048 1540 2080; x_wconf 87' lang='lat' dir='ltr'>iam</span> <span class='ocrx_word' id='word_1_407' title='bbox 1564 2048 1604 2080; x_wconf 87' lang='lat' dir='ltr'>ab</span> <span class='ocrx_word' id='word_1_408' title='bbox 1629 2046 1702 2080; x_wconf 89' lang='lat' dir='ltr'>binc</span> <span class='ocrx_word' id='word_1_409' title='bbox 1723 2057 1775 2080; x_wconf 90' lang='lat' dir='ltr'>re-</span> 
     </span>
     <span class='ocr_line' id='line_1_86' title="bbox 1035 2100 1778 2145; baseline -0.005 -9"><span class='ocrx_word' id='word_1_410' title='bbox 1035 2104 1164 2136; x_wconf 87' lang='lat' dir='ltr'>troactis</span> <span class='ocrx_word' id='word_1_411' title='bbox 1183 2101 1287 2141; x_wconf 86' lang='lat' dir='ltr'>annis,</span> <span class='ocrx_word' id='word_1_412' title='bbox 1303 2106 1434 2145; x_wconf 87' lang='lat' dir='ltr'>propter</span> <span class='ocrx_word' id='word_1_413' title='bbox 1451 2101 1678 2145; x_wconf 88' lang='lat' dir='ltr'>episcoporum</span> <span class='ocrx_word' id='word_1_414' title='bbox 1699 2100 1778 2144; x_wconf 80' lang='lat' dir='ltr'>Egi-</span> 
     </span>
     <span class='ocr_line' id='line_1_87' title="bbox 1033 2154 1776 2198; baseline -0.004 -9"><span class='ocrx_word' id='word_1_415' title='bbox 1033 2155 1227 2190; x_wconf 90' lang='lat' dir='ltr'>taniensium</span> <span class='ocrx_word' id='word_1_416' title='bbox 1241 2155 1309 2189; x_wconf 90' lang='lat' dir='ltr'>eius</span> <span class='ocrx_word' id='word_1_417' title='bbox 1327 2160 1567 2189; x_wconf 84' lang='lat' dir='ltr'>antecessorum</span> <span class='ocrx_word' id='word_1_418' title='bbox 1585 2154 1625 2187; x_wconf 90' lang='lat' dir='ltr'>ab</span> <span class='ocrx_word' id='word_1_419' title='bbox 1637 2154 1705 2198; x_wconf 87' lang='lat' dir='ltr'>ipsa</span> <span class='ocrx_word' id='word_1_420' title='bbox 1721 2164 1776 2187; x_wconf 86' lang='lat' dir='ltr'>cc-</span> 
     </span>
     <span class='ocr_line' id='line_1_88' title="bbox 1034 2207 1779 2252; baseline -0.005 -9"><span class='ocrx_word' id='word_1_421' title='bbox 1034 2209 1129 2243; x_wconf 88' lang='lat' dir='ltr'>clesia</span> <span class='ocrx_word' id='word_1_422' title='bbox 1146 2215 1177 2243; x_wconf 94' lang='lat' dir='ltr'>et</span> <span class='ocrx_word' id='word_1_423' title='bbox 1197 2208 1336 2243; x_wconf 89' lang='lat' dir='ltr'>dioecesi</span> <span class='ocrx_word' id='word_1_424' title='bbox 1358 2208 1486 2252; x_wconf 79' lang='lat' dir='ltr'>longam</span> <span class='ocrx_word' id='word_1_425' title='bbox 1506 2213 1537 2241; x_wconf 89' lang='lat' dir='ltr'>et</span> <span class='ocrx_word' id='word_1_426' title='bbox 1560 2207 1779 2241; x_wconf 87' lang='lat' dir='ltr'>continuatam</span> 
     </span>
     <span class='ocr_line' id='line_1_89' title="bbox 1035 2258 1780 2305; baseline -0.007 -8"><span class='ocrx_word' id='word_1_427' title='bbox 1035 2263 1224 2305; x_wconf 83' lang='lat' dir='ltr'>absentiam,</span> <span class='ocrx_word' id='word_1_428' title='bbox 1252 2262 1344 2296; x_wconf 89' lang='lat' dir='ltr'>multi</span> <span class='ocrx_word' id='word_1_429' title='bbox 1370 2268 1435 2295; x_wconf 88' lang='lat' dir='ltr'>tam</span> <span class='ocrx_word' id='word_1_430' title='bbox 1461 2262 1492 2294; x_wconf 92' lang='lat' dir='ltr'>in</span> <span class='ocrx_word' id='word_1_431' title='bbox 1519 2261 1586 2305; x_wconf 88' lang='lat' dir='ltr'>ipsa</span> <span class='ocrx_word' id='word_1_432' title='bbox 1606 2258 1780 2294; x_wconf 87' lang='lat' dir='ltr'>cathedrali</span> 
     </span>
     <span class='ocr_line' id='line_1_90' title="bbox 1034 2313 1780 2361; baseline -0.007 -11"><span class='ocrx_word' id='word_1_433' title='bbox 1034 2317 1166 2350; x_wconf 87' lang='lat' dir='ltr'>ecclesia</span> <span class='ocrx_word' id='word_1_434' title='bbox 1182 2344 1189 2357; x_wconf 90' lang='lat'>,</span> <span class='ocrx_word' id='word_1_435' title='bbox 1215 2326 1311 2361; x_wconf 86' lang='lat' dir='ltr'>quam</span> <span class='ocrx_word' id='word_1_436' title='bbox 1342 2316 1373 2348; x_wconf 94' lang='lat' dir='ltr'>in</span> <span class='ocrx_word' id='word_1_437' title='bbox 1397 2315 1466 2349; x_wconf 88' lang='lat' dir='ltr'>eius</span> <span class='ocrx_word' id='word_1_438' title='bbox 1490 2313 1630 2349; x_wconf 88' lang='lat' dir='ltr'>dioecesi</span> <span class='ocrx_word' id='word_1_439' title='bbox 1655 2322 1780 2346; x_wconf 89' lang='lat' dir='ltr'>errores</span> 
     </span>
     <span class='ocr_line' id='line_1_91' title="bbox 1034 2364 1780 2413; baseline -0.008 -10"><span class='ocrx_word' id='word_1_440' title='bbox 1034 2376 1064 2403; x_wconf 91' lang='lat' dir='ltr'>et</span> <span class='ocrx_word' id='word_1_441' title='bbox 1088 2371 1206 2403; x_wconf 84' lang='lat' dir='ltr'>abusus</span> <span class='ocrx_word' id='word_1_442' title='bbox 1231 2370 1428 2413; x_wconf 87' lang='lat' dir='ltr'>irrepserint,</span> <span class='ocrx_word' id='word_1_443' title='bbox 1462 2379 1496 2401; x_wconf 86' lang='lat' dir='ltr'>ac</span> <span class='ocrx_word' id='word_1_444' title='bbox 1530 2379 1567 2401; x_wconf 91' lang='lat' dir='ltr'>ex</span> <span class='ocrx_word' id='word_1_445' title='bbox 1591 2364 1780 2400; x_wconf 86' lang='lat' dir='ltr'>eorumdem</span> 
     </span>
     <span class='ocr_line' id='line_1_92' title="bbox 1035 2417 1780 2467; baseline -0.009 -10"><span class='ocrx_word' id='word_1_446' title='bbox 1035 2424 1251 2467; x_wconf 85' lang='lat' dir='ltr'>praelatorum</span> <span class='ocrx_word' id='word_1_447' title='bbox 1277 2423 1384 2456; x_wconf 85' lang='lat' dir='ltr'>minus</span> <span class='ocrx_word' id='word_1_448' title='bbox 1409 2421 1552 2465; x_wconf 73' lang='lat' dir='ltr'>diligenti</span> <span class='ocrx_word' id='word_1_449' title='bbox 1578 2430 1654 2453; x_wconf 85' lang='lat' dir='ltr'>cura</span> <span class='ocrx_word' id='word_1_450' title='bbox 1681 2417 1780 2462; x_wconf 89' lang='lat' dir='ltr'>pluri-</span> 
     </span>
     <span class='ocr_line' id='line_1_93' title="bbox 1035 2472 1779 2520; baseline -0.005 -10"><span class='ocrx_word' id='word_1_451' title='bbox 1035 2488 1105 2510; x_wconf 89' lang='lat' dir='ltr'>mae</span> <span class='ocrx_word' id='word_1_452' title='bbox 1139 2476 1317 2511; x_wconf 84' lang='lat' dir='ltr'>laudabiles</span> <span class='ocrx_word' id='word_1_453' title='bbox 1349 2487 1384 2509; x_wconf 83' lang='lat' dir='ltr'>ac</span> <span class='ocrx_word' id='word_1_454' title='bbox 1424 2476 1493 2520; x_wconf 84' lang='lat' dir='ltr'>piae</span> <span class='ocrx_word' id='word_1_455' title='bbox 1526 2472 1779 2508; x_wconf 84' lang='lat' dir='ltr'>consuetudines</span> 
     </span>
     <span class='ocr_line' id='line_1_94' title="bbox 1036 2525 1778 2571; baseline -0.009 -7"><span class='ocrx_word' id='word_1_456' title='bbox 1036 2530 1194 2571; x_wconf 83' lang='lat' dir='ltr'>abierint,</span> <span class='ocrx_word' id='word_1_457' title='bbox 1228 2541 1264 2563; x_wconf 90' lang='lat' dir='ltr'>ac</span> <span class='ocrx_word' id='word_1_458' title='bbox 1294 2530 1394 2563; x_wconf 83' lang='lat' dir='ltr'>multa</span> <span class='ocrx_word' id='word_1_459' title='bbox 1428 2528 1567 2571; x_wconf 82' lang='lat' dir='ltr'>denique</span> <span class='ocrx_word' id='word_1_460' title='bbox 1592 2525 1753 2560; x_wconf 83' lang='lat' dir='ltr'>evellenda</span> <span class='ocrx_word' id='word_1_461' title='bbox 1770 2552 1778 2566; x_wconf 89' lang='lat'><em>‚</em></span> 
     </span>
    </p>
   </div>
   <div class='ocr_carea' id='block_1_14' title="bbox 263 2578 1781 2627">
    <p class='ocr_par' dir='ltr' id='par_1_21' title="bbox 263 2578 1781 2627">
     <span class='ocr_line' id='line_1_95' title="bbox 263 2578 1781 2627; baseline -0.005 -7"><span class='ocrx_word' id='word_1_462' title='bbox 263 2587 438 2620; x_wconf 91' lang='lat' dir='ltr'>modolibet</span> <span class='ocrx_word' id='word_1_463' title='bbox 461 2586 630 2627; x_wconf 81' lang='lat' dir='ltr'>concessis,</span> <span class='ocrx_word' id='word_1_464' title='bbox 670 2586 866 2619; x_wconf 83' lang='lat' dir='ltr'>confirmatis</span> <span class='ocrx_word' id='word_1_465' title='bbox 890 2590 920 2618; x_wconf 81' lang='lat' dir='ltr'>et</span> <span class='ocrx_word' id='word_1_466' title='bbox 956 2585 1001 2618; x_wconf 87' lang='lat' dir='ltr'>in·</span> <span class='ocrx_word' id='word_1_467' title='bbox 1036 2584 1192 2619; x_wconf 90' lang='lat' dir='ltr'>nonnulla</span> <span class='ocrx_word' id='word_1_468' title='bbox 1213 2595 1287 2618; x_wconf 85' lang='lat' dir='ltr'>vero</span> <span class='ocrx_word' id='word_1_469' title='bbox 1314 2581 1509 2616; x_wconf 80' lang='lat' dir='ltr'>moderanda</span> <span class='ocrx_word' id='word_1_470' title='bbox 1526 2587 1557 2614; x_wconf 84' lang='lat' dir='ltr'>ct</span> <span class='ocrx_word' id='word_1_471' title='bbox 1578 2578 1781 2614; x_wconf 80' lang='lat' dir='ltr'>reformanda</span> 
     </span>
    </p>
   </div>
   <div class='ocr_carea' id='block_1_15' title="bbox 263 2637 1002 2680">
    <p class='ocr_par' dir='ltr' id='par_1_22' title="bbox 263 2637 1002 2680">
     <span class='ocr_line' id='line_1_96' title="bbox 263 2637 1002 2680; baseline -0.004 -6"><span class='ocrx_word' id='word_1_472' title='bbox 263 2640 394 2674; x_wconf 82' lang='lat' dir='ltr'>novatis.</span> <span class='ocrx_word' id='word_1_473' title='bbox 416 2639 539 2679; x_wconf 88' lang='lat' dir='ltr'>Quibus</span> <span class='ocrx_word' id='word_1_474' title='bbox 562 2638 859 2680; x_wconf 80' lang='lat' dir='ltr'>omnibus‚etiamsi</span> <span class='ocrx_word' id='word_1_475' title='bbox 884 2639 921 2672; x_wconf 79' lang='lat' dir='ltr'>‹le</span> <span class='ocrx_word' id='word_1_476' title='bbox 942 2637 1002 2672; x_wconf 89' lang='lat' dir='ltr'>illis</span> 
     </span>
    </p>
   </div>
   <div class='ocr_carea' id='block_1_16' title="bbox 1075 2643 1585 2681">
    <p class='ocr_par' dir='ltr' id='par_1_23' title="bbox 1075 2643 1585 2681">
     <span class='ocr_line' id='line_1_97' title="bbox 1075 2643 1585 2681; baseline -0.01 -7"><span class='ocrx_word' id='word_1_477' title='bbox 1075 2648 1084 2673; x_wconf 87' lang='lat' dir='ltr'>l</span> <span class='ocrx_word' id='word_1_478' title='bbox 1109 2646 1144 2674; x_wconf 84' lang='lat' dir='ltr'>Ex</span> <span class='ocrx_word' id='word_1_479' title='bbox 1162 2647 1268 2681; x_wconf 78' lang='lat' dir='ltr'>Regest.</span> <span class='ocrx_word' id='word_1_480' title='bbox 1287 2646 1313 2672; x_wconf 92' lang='lat' dir='ltr'>in</span> <span class='ocrx_word' id='word_1_481' title='bbox 1329 2646 1432 2672; x_wconf 84' lang='lat' dir='ltr'>Secret.</span> <span class='ocrx_word' id='word_1_482' title='bbox 1451 2643 1585 2670; x_wconf 73' lang='lat' dir='ltr'>brevium.</span> 
     </span>
    </p>
   </div>
   <div class='ocr_carea' id='block_1_17' title="bbox 1691 210 1964 246">
    <p class='ocr_par' dir='ltr' id='par_1_24' title="bbox 1691 210 1964 246">
     <span class='ocr_line' id='line_1_98' title="bbox 1691 210 1964 246; baseline 0.004 -2"><span class='ocrx_word' id='word_1_483' title='bbox 1691 210 1734 244; x_wconf 81' lang='lat'>13</span> <span class='ocrx_word' id='word_1_484' title='bbox 1780 219 1829 246; x_wconf 76' lang='lat' dir='ltr'>An.</span> <span class='ocrx_word' id='word_1_485' title='bbox 1845 218 1874 245; x_wconf 86' lang='lat' dir='ltr'>c.</span> <span class='ocrx_word' id='word_1_486' title='bbox 1895 217 1964 245; x_wconf 82' lang='lat'><strong>1603</strong></span> 
     </span>
    </p>
   </div>
   <div class='ocr_carea' id='block_1_18' title="bbox 1817 1469 1961 1490">
    <p class='ocr_par' dir='ltr' id='par_1_25' title="bbox 1817 1469 1961 1490">
     <span class='ocr_line' id='line_1_99' title="bbox 1817 1469 1961 1490; baseline -0.007 0"><span class='ocrx_word' id='word_1_487' title='bbox 1817 1469 1961 1490; x_wconf 77' lang='lat' dir='ltr'>Prooemium.</span> 
     </span>
    </p>
   </div>
   <div class='ocr_carea' id='block_1_19' title="bbox 1794 1950 1979 2057">
    <p class='ocr_par' dir='ltr' id='par_1_26' title="bbox 1794 1950 1979 2057">
     <span class='ocr_line' id='line_1_100' title="bbox 1836 1950 1978 1977; baseline -0.007 -6"><span class='ocrx_word' id='word_1_488' title='bbox 1836 1950 1978 1977; x_wconf 66' lang='lat' dir='ltr'>Egitanlensln</span> 
     </span>
     <span class='ocr_line' id='line_1_101' title="bbox 1795 1978 1979 2004; baseline -0.011 -5"><span class='ocrx_word' id='word_1_489' title='bbox 1795 1978 1908 2004; x_wconf 73' lang='lat' dir='ltr'>episcopus</span> <span class='ocrx_word' id='word_1_490' title='bbox 1945 1983 1979 1997; x_wconf 67' lang='lat' dir='ltr'>nt·-</span> 
     </span>
     <span class='ocr_line' id='line_1_102' title="bbox 1794 2004 1978 2031; baseline -0.011 -6"><span class='ocrx_word' id='word_1_491' title='bbox 1794 2005 1881 2031; x_wconf 72' lang='lat' dir='ltr'>queutia</span> <span class='ocrx_word' id='word_1_492' title='bbox 1890 2005 1932 2025; x_wconf 74' lang='lat' dir='ltr'>aba</span> <span class='ocrx_word' id='word_1_493' title='bbox 1941 2004 1978 2024; x_wconf 78' lang='lat' dir='ltr'>‹lu-</span> 
     </span>
     <span class='ocr_line' id='line_1_103' title="bbox 1795 2033 1952 2057; baseline -0.006 -5"><span class='ocrx_word' id='word_1_494' title='bbox 1795 2033 1830 2052; x_wconf 74' lang='lat' dir='ltr'>bia</span> <span class='ocrx_word' id='word_1_495' title='bbox 1846 2034 1952 2057; x_wconf 70' lang='lat' dir='ltr'>proponit.</span> 
     </span>
    </p>
   </div>
  </div>
 </body>
</html>
