2227 3241
263 315 311 340 Au.
333 312 361 339 c.
382 313 448 340 ieie
492 302 557 335 65¹¹*

289 798 408 820 Exonhtim.

290 1118 384 1137 (itanu-n<
401 1116 445 1136 Ylll

263 1144 447 1169 praescripsitom-

262 1170 323 1190 nibus
343 1169 448 1195 regutari-

263 1197 301 1217 bus
312 1199 331 1216 et
348 1196 448 1216 institutus

263 1224 350 1244 t‘urinam
361 1223 400 1242 sibi
413 1229 447 1246 aa·

264 1249 363 1275 negandi
394 1250 448 1269 alias

263 1283 301 1296 ιιιιιι
305 1276 448 1296 fraternitam<

262 1305 283 1323 nt
304 1302 448 1328 congregauo-

263 1335 308 1351 nes.
322 1335 368 1349 eun)
381 1330 447 1349 indut-

263 1358 379 1381 gentiarutn
414 1361 448 1375 cu-

262 1383 412 1406 municauono,
427 1385 446 1402 ut

264 1415 283 1428 in
306 1414 344 1428 sua
367 1408 446 1429 Consti-

263 1435 343 1455 tutione
359 1437 432 1456 citata.

505 360 683 403 capitulum
723 358 877 391 basilicae
910 357 1137 391 lateranensis
1162 357 1199 389 de

507 413 597 453 Urbe,
622 419 649 444 et
674 412 756 444 alios
776 421 989 455 quoscumque
1010 409 1199 443 huiusmodi

502 465 686 509 facultatem
703 463 964 497 communicandi
976 462 1209 506 indutqemias-

505 518 651 556 habentes
662 518 680 551 ¹.

698 625 806 651 Paulus
827 624 904 657 Papa
925 623 956 657 V,

578 678 613 705 ad
634 681 808 711 perpetuam
829 677 872 704 rei
895 676 1076 704 memoriam.

519 785 604 823 Quae
641 783 812 816 salubriter
844 794 860 816 a
896 782 1199 826 praedecessoribus

461 837 578 871 nostris
609 837 759 870 Romanis
788 836 998 870 Pontificibus
1027 836 1199 870 constituta

460 899 549 931 sunt,
571 897 605 925 ut
623 892 661 925 ab
682 891 831 925 omnibus
852 890 1039 935 praesertim
1063 890 1093 923 in
1116 890 1199 923 alma

460 946 544 979 Urbe
561 948 669 979 nostra
688 945 913 979 inviolabiliter
928 945 1147 979 observentur.
1163 955 1199 978 ex

461 999 557 1033 oflicii
584 999 683 1033 nostri
710 999 817 1032 debito
843 998 1012 1042 providere
1039 1004 1196 1039 tenemur,

461 1058 558 1096 prout
579 1053 608 1085 in
630 1052 765 1085 Domino
787 1052 1002 1096 conspicimus
1019 1051 1178 1095 expedire.

507 1107 522 1148 ξ
539 1105 566 1138 1.
581 1105 661 1139 Olim
681 1105 839 1149 siquidem
855 1105 954 1138 felicis
969 1103 1202 1138 recordationis

462 1159 606 1192 Clemens
631 1159 715 1202 Papa
743 1158 807 1192 Vlll
842 1159 1069 1202 praedeeessor
1093 1163 1202 1191 noster

464 1212 588 1255 (volens
614 1212 785 1245 nonnullas
809 1223 921 1256 pravas
954 1211 1202 1245 consuetudines

465 1265 574 1298 tollere
589 1292 597 1304 ,
619 1275 699 1308 quae
722 1265 915 1308 irrepserant
939 1264 969 1297 in
993 1275 1052 1297 usu
1071 1264 1202 1297 faculta—

465 1324 528 1351 tum
551 1329 568 1351 a
586 1318 665 1351 Sede
684 1318 865 1362 Apostolica
883 1328 1106 1352 concessarum
1126 1328 1203 1350 non-

463 1371 558 1404 nullis
576 1371 778 1414 regularibus
790 1371 975 1412 Ordinibus,
991 1371 1202 1413 religionibus

463 1432 491 1457 et
510 1424 672 1465 institutis,
692 1435 728 1457 ac
746 1425 840 1457 etiam
860 1424 1114 1460 christifidelium
1134 1434 1202 1457 sae-

462 1478 618 1511 cularium
646 1477 1052 1511 airliiconfraternitatibus
1073 1484 1103 1511 et.
1123 1488 1200 1511 con-

462 1531 701 1574 gregationibus
723 1530 919 1564 diversarum
942 1531 1120 1572 nationum,
1142 1541 1200 1564 no-

462 1585 585 1618 minum
608 1591 637 1618 et
656 1585 885 1625 institutorum,
904 1591 965 1618 tam
985 1585 1015 1618 in
1037 1586 1200 1629 praedicta

462 1638 545 1671 alma
570 1638 654 1671 Urbe
679 1641 809 1677 nostra,
830 1649 925 1682 quam
950 1639 980 1671 in
1002 1639 1072 1671 aliis
1093 1638 1200 1672 civita-

463 1691 545 1725 tibus
571 1698 597 1725 et
626 1691 702 1724 locis
728 1691 891 1725 christiani
919 1691 1004 1724 orbis
1026 1691 1197 1733 institutis,

463 1745 605 1788 erigendi
632 1751 659 1779 et
696 1745 903 1785 instituendi,
932 1756 989 1778 nec
1015 1755 1078 1778 non
1105 1745 1198 1778 etiam

463 1799 522 1832 sibi
548 1799 742 1841 aggregandi
769 1799 1048 1832 confraternitates
1073 1804 1100 1832 et
1124 1809 1200 1832 con-

464 1851 687 1895 gregationes,
721 1852 829 1895 eisque
863 1851 1048 1895 privilegia,
1090 1851 1198 1884 indul-

464 1905 606 1948 gentias,
636 1905 821 1945 facultates,
853 1905 994 1949 aliasque
1020 1905 1201 1948 spirituales

464 1959 580 2001 gratias
599 1965 629 1992 et
648 1959 770 1993 indulta
787 1959 844 1992 sibi
864 1969 1014 1992 concessa
1028 1958 1201 2003 respective

464 2012 738 2056 communicandi)
753 2018 909 2056 perpetuo
928 2012 1059 2046 valitura
1081 2012 1202 2045 Consti—

466 2066 598 2107 tutione,
616 2076 697 2109 quae
715 2066 836 2110 incipit,
853 2066 1080 2109 Quaecumque
1092 2076 1111 2097 a
1124 2065 1203 2099 Sede

464 2120 668 2163 Apostolicrt,
692 2120 855 2153 facultates
875 2119 1060 2153 huiusmodi
1086 2120 1199 2153 mode-

464 2174 577 2214 rando,
607 2173 834 2215 indulgentias,
859 2173 1000 2216 aliasque
1021 2173 1203 2216 spirituales

465 2227 582 2269 gratias
596 2226 892 2267 communicamlas,
907 2231 937 2258 et
956 2226 1125 2258 formulam
1141 2236 1204 2259 eas-

465 2280 538 2313 dem
572 2279 850 2313 confraternitates
877 2285 908 2312 et
939 2279 1203 2322 congregationes

466 2333 627 2375 erigendi,
657 2332 861 2373 instituendi,
886 2333 1090 2375 aggregandi,
1112 2338 1139 2365 et
1156 2343 1204 2365 re-

466 2386 605 2431 spective
631 2386 890 2420 communicandi
916 2385 1144 2429 praescripsit,
1174 2391 1204 2418 et

467 2439 528 2472 alia
546 2439 728 2479 constituit,
750 2438 846 2472 voluit
868 2444 899 2471 et
919 2438 1087 2477 ordinarit,
1109 2444 1205 2482 prout

470 2492 499 2524 in
527 2492 637 2526 litteris
672 2492 702 2525 in
736 2491 920 2525 huiusmodi
949 2492 1049 2524 forma
1074 2491 1200 2532 Brevis,

500 2584 509 2607 t
525 2581 602 2608 Circa
612 2581 805 2617 praescriptam
816 2580 929 2607 formam
941 2580 1156 2608 communicandi
1167 2580 1205 2606 in-

468 2624 629 2660 dulgentias,
641 2625 700 2652 ride
711 2634 792 2661 supra
802 2625 914 2652 Constit.
923 2631 986 2652 (2ch
995 2624 1139 2651 Clementis
1148 2624 1204 2651 vttt

469 2677 536 2704 quae
552 2669 654 2705 incipit,
672 2671 871 2705 Quaecumque
885 2669 921 2704 (in
938 2669 964 2695 h.
977 2677 1003 2695 ιι.
1016 2669 1082 2696 edit.
1093 2675 1204 2703 coemit,

469 2722 547 2748 quam
565 2714 623 2741 vide
644 2723 723 2749 supra
739 2723 799 2749 pag.
819 2713 868 2741 138
885 2713 963 2741 huius
981 2713 1142 2741 votuininist.

1038 308 1219 333 BULLARIUM
1237 307 1390 332 ROMANUM

1986 306 2034 332 An.
2054 305 2084 333 C.
2101 305 2170 333 ¹⁶10

1214 371 1217 380 ‹
1233 356 1291 389 sub
1309 356 1418 389 datum
1433 355 1552 389 Romae
1570 355 1655 399 apud
1673 361 1816 388 sanctum
1838 355 1966 388 Petrum
2191 351 2195 358 ‘

1233 409 1291 442 sub
1313 409 1433 443 annulo
1451 408 1621 443 Piscatoris
1642 408 1693 442 die
1710 418 1753 442 vn
1769 408 1968 453 septembris¹

1214 438 1340 504 inncw,
1361 462 1565 507 pontificatus
1588 462 1635 496 sui
1655 472 1738 496 anno
1758 472 1814 496 xiii
1833 461 1970 506 desuper

1233 515 1387 560 expeditis
1404 516 1530 560 plenius
1547 515 1737 549 continetur.

1277 568 1340 611 52.
1360 569 1436 603 Cum
1463 575 1580 611 autem,
1604 569 1685 602 sicut
1705 568 1899 613 accepimus,
1923 568 1973 602 di--
1996 611 1998 616 ,
2024 579 2131 609 vcanonici
2148 580 2170 607 a

1232 622 1303 656 lecti
1330 622 1385 656 fini
1407 623 1582 668 capitutum
1604 628 1635 656 et
1652 622 1797 656 canonici
1818 621 1969 655 basilicae
1981 605 2170 653 &attissa

1232 676 1453 710 Lateranensis
1482 677 1521 710 de
1553 677 1663 710 eadem
1689 675 1796 716 Urbe,
1831 675 1970 709 diversas
1983 657 2172 706 ῗιῖἷιὲθοῖἷιῗῗιιῖιῗ

1232 728 1352 773 ubique
1372 729 1562 763 constitutas
1583 729 1752 770 ecclesias,
1783 730 1829 762 vet
1862 727 1970 773 capel·
1984 713 2099 764 attilii?
2108 715 2170 764 ἒῖιῗῖ
2193 715 2198 722 ’

1232 782 1288 821 las,
1315 793 1368 816 seu
1396 782 1523 823 altaria,
1545 783 1591 817 vel
1619 782 1759 816 oratoria
1784 781 1888 815 eidem
1912 781 1970 815 ba·
1985 765 2109 787 ‘mmm'

1233 836 1347 871 silicae
1365 836 1565 877 submittere,
1594 836 1765 877 subiicere,
1785 841 1968 875 annectere,

1235 889 1466 934 incorporare,
1495 901 1531 924 ac
1557 889 1587 922 in
1613 889 1764 923 basilicae
1788 888 1972 933 praedictae

1235 943 1416 976 membrum
1451 943 1616 988 recipere,
1652 948 1748 987 atque
1773 942 1802 976 in
1828 941 1969 976 submis-

1234 995 1334 1036 sione,
1363 996 1573 1038 subieetione,
1597 996 1792 1037 annexione,
1817 995 1973 1039 incorpo-

1234 1050 1358 1083 ratione
1379 1056 1409 1084 et
1430 1051 1612 1094 receptione
1633 1049 1816 1084 huiusmodi
1837 1049 1969 1090 eisdem,

1235 1114 1294 1137 nee
1311 1114 1374 1137 non
1392 1103 1461 1137 aliis
1478 1103 1624 1137 similiter
1642 1104 1793 1145 ecclesiis,
1822 1103 1951 1148 capellis
1966 1130 1974 1144 ,

1235 1156 1400 1198 altaribus,
1413 1167 1468 1190 seu
1486 1157 1646 1198 oratoriis,
1664 1163 1694 1190 et
1710 1157 1770 1201 piis
1789 1157 1868 1190 locis
1888 1157 1974 1190 aedi-

1237 1209 1336 1243 ficatis
1362 1216 1391 1243 et
1416 1210 1605 1244 constructis
1631 1210 1660 1243 in
1682 1210 1751 1244 solo
1767 1209 1974 1244 Lateranensi

1235 1264 1337 1297 varias
1362 1263 1593 1307 indulgentias,
1623 1265 1803 1305 facultates,
1832 1263 1975 1307 aliasque

1235 1317 1417 1361 spirituales
1441 1317 1577 1361 gratias,
1607 1317 1728 1351 indulta
1747 1323 1777 1351 et
1793 1317 1971 1362 privilegia,

1236 1372 1412 1406 concedere
1437 1372 1582 1412 soleant,
1606 1371 1709 1405 dictae
1733 1369 1974 1405 Constitutionis

1236 1426 1354 1467 forma,
1379 1436 1416 1459 eo
1441 1425 1529 1470 quod
1555 1425 1585 1458 in
1612 1426 1647 1458 ea
1673 1435 1705 1458 se
1730 1435 1794 1458 non
1819 1434 1970 1468 compre-

1235 1479 1330 1512 hendi
1356 1479 1578 1523 praetendant,
1603 1478 1734 1511 minime
1758 1479 1903 1518 servat&

1279 1534 1294 1574 ξ
1316 1531 1345 1565 3.
1374 1533 1548 1577 Propterea
1573 1542 1647 1573 nos,
1671 1531 1813 1565 volentes
1832 1536 1867 1564 ut
1887 1530 1970 1564 Con·
1987 1563 2038 1584 mex
2078 1562 2173 1584 aeciam

1234 1586 1356 1619 stitutio
1373 1585 1537 1630 praedicta
1557 1591 1619 1619 tam
1641 1585 1681 1618 ab
1703 1584 1821 1618 eisdem
1842 1584 2173 1638 L31‘31'a·,‘¹,}5‡⁰ffl„⁰,2¹‡,³‡,¹,¹1

1235 1638 1341 1672 nensis
1366 1638 1518 1672 ecclesiae
1552 1638 1692 1681 capitulo
1723 1643 1754 1670 et
1785 1636 1970 1678 canonicis,
1988 1643 2097 1664 seetatia
2108 1647 2173 1668 ‹iune-

1235 1702 1330 1735 quam
1357 1692 1396 1725 ab
1422 1691 1492 1725 aliis
1512 1690 1843 1735 quitmscumque.ius
1867 1696 1898 1724 et
1923 1690 1970 1724 fa·
1988 1667 2190 1722 iffiissssnuffls'ssss‘i,

1235 1745 1385 1778 cultatem
1419 1743 1680 1777 communicandi
1707 1743 1891 1777 huiusmodi
1919 1743 1970 1776 in«
1988 1723 2173 1797 ιῖῗσὸῗὲξέωὲῗέιῖ

1235 1798 1414 1841 dulgentias
1438 1797 1650 1837 habentibus,
1677 1803 1712 1830 ut
1734 1807 1792 1841 par
1817 1802 1883 1837 est,
1907 1796 1974 1830 sine
1989 1782 2041 1802 μοι
2097 1792 2101 1796 ’

1236 1850 1419 1884 discrimine
1441 1850 1471 1883 in
1489 1856 1652 1894 posterum
1674 1850 1875 1891 observetur,
1896 1849 1976 1884 Con-

1236 1904 1433 1938 stitutionem
1467 1910 1497 1938 et
1528 1904 1647 1937 litteras
1681 1903 1862 1948 praedictas
1897 1903 1976 1937 dicti

1235 1958 1405 1992 Clementis
1430 1957 1686 2002 praedecessoris
1711 1967 1784 1990 cum
1805 1956 1869 1990 suis
1887 1957 1975 1990 clau·
2017 1965 2022 1969 ·

1236 2011 1313 2045 sulis
1331 2018 1362 2045 et
1379 2011 1514 2046 decretis
1532 2012 1571 2045 ad
1590 2011 1741 2045 basilicae
1755 2010 1977 2045 Lateranensis

1237 2070 1267 2098 et
1299 2065 1434 2098 aliarum
1468 2064 1672 2098 basilicarum
1706 2069 1736 2098 et
1768 2064 1975 2098 ecelesiarum

1237 2128 1518 2162 quarumcumque
1544 2117 1684 2162 capitula
1701 2145 1708 2157 ‚
1734 2117 1923 2158 canonicos,
1947 2122 1978 2151 et

1238 2172 1364 2215 quasvis
1381 2170 1478 2204 alias²
1495 2181 1659 2215 personas,
1676 2170 1794 2205 similes
1812 2171 1976 2204 facultates

1238 2225 1411 2266 babentes,
1440 2225 1565 2269 illisque
1591 2230 1737 2265 utentes,
1766 2224 1805 2257 ad
1826 2223 1975 2257 effectum

1238 2278 1394 2319 videlicet,
1417 2283 1452 2311 ut
1472 2278 1539 2322 ipsa
1560 2278 1700 2322 capitula
1721 2283 1752 2311 et
1773 2277 1919 2310 canonici
1940 2287 1976 2310 ac

1239 2342 1393 2375 personae
1410 2332 1513 2365 nullas
1532 2331 1562 2364 in
1580 2337 1744 2375 posterum
1762 2330 1977 2374 indulgentias

1238 2385 1470 2418 communicari
1488 2385 1620 2429 possint,
1632 2384 1691 2417 nisi
1706 2384 1888 2428 praedictae
1901 2383 1966 2417 Con

1238 2438 1411 2472 stitutionis
1436 2439 1538 2472 forma
1563 2439 1686 2472 servata
1704 2466 1710 2478 ,
1732 2443 1762 2472 et
1782 2448 1834 2472 eas
1850 2437 1973 2471 solum-

1240 2492 1346 2533 modo,
1371 2502 1452 2536 quae
1473 2502 1491 2525 a
1510 2491 1604 2525 nobis
1624 2491 1685 2524 illis
1705 2490 1973 2535 praescribentur,

1238 2544 1428 2578 auctoritate
1457 2544 1653 2589 apostolica,
1681 2548 1791 2577 tenore
1820 2552 1973 2587 praesen-

1239 2598 1316 2632 tium
1347 2598 1568 2639 extendimus,
1597 2603 1627 2631 et
1654 2597 1693 2630 ab
1719 2596 1815 2641 ipsis,
1842 2596 1976 2640 perinde

2001 1536 2039 1557 Hic
2048 1535 2111 1562 igitur
2121 1534 2173 1556 Pon·

1278 2672 1285 2696 1
1311 2670 1379 2697 Loco
1396 2669 1439 2696 cit.
1451 2670 1478 2696 in
1494 2670 1554 2696 nota
1566 2676 1655 2704 praec.
1668 2671 1709 2695 est
1719 2667 1874 2696 decembris
1883 2667 1974 2701 (mr).

1274 2713 1290 2740 ‘2
1311 2713 1380 2741 Edit.
1398 2713 1476 2741 lltain.
1495 2712 1575 2740 habet
1589 2713 1656 2740 aliis
1671 2712 1711 2746 (a.
1724 2712 1773 2745 r).
