2227 3241
54 221 102 248 An.
113 219 142 247 C.
164 217 232 246 1607

60 285 170 308 Collectori
180 289 227 310 spo-

47 313 120 334 liorum
135 317 228 337 exequu-

47 340 77 360 tio
86 338 228 360 committitur.

73 709 182 732 contraria
190 708 229 730 tol-

906 216 1020 240 PAULL'S
1041 217 1060 239 V
1081 217 1127 239 Pr.

286 265 348 311 §7-
373 265 529 306 Quocirca
557 266 662 300 eidem
691 265 849 299 moderno
875 269 905 298 et
925 274 984 308 pro

243 325 390 364 tempore
421 319 567 353 existenti
600 318 764 352 collectori
789 317 931 361 generali
955 323 985 350 et

242 373 348 416 legato
368 383 424 406 seu
442 372 616 415 vicelegato
630 382 687 416 per
699 377 884 416 praesentes
898 381 985 404 com-

243 426 399 460 mittimus
424 433 454 459 et
482 426 684 466 mandamus,
708 430 876 469 quatenus,
904 424 981 457 hos-

242 479 333 523 pitali
365 479 533 523 praedicto
567 479 598 511 in
631 477 815 522 praemissis
846 477 985 511 efficacis

243 532 436 566 defensionis
461 532 623 577 praesidio
649 532 815 572 assistens,
842 531 874 564 in
901 530 985 564 illius

242 586 487 619 subventionem
517 586 601 620 dicta
619 586 838 620 emolumenta
859 584 983 627 erogari

243 646 334 674 curet
354 645 385 673 et
405 640 510 673 saciat.

288 693 304 737 ᾗ
323 692 354 726 8.
378 693 447 727 Non
462 692 664 726 obstantibus
681 692 845 737 quibusvis
857 697 985 736 aposto-

245 746 324 787 licis,
341 746 422 780 acin
442 746 694 785 universalibus,
718 745 985 790 provincialibus-

245 809 307 844 que
325 805 355 832 et
372 799 580 844 synodalibus
605 799 749 833 conciliis
762 799 866 839 editis,
887 809 984 841 gene-

244 853 364 886 ralibus
396 853 444 886 vel
469 853 680 897 specialibus,
701 852 986 886 constitutionibus

245 912 275 940 et
292 907 562 947 ordinationibus5
580 917 616 940 ac
629 905 754 939 statutis
771 912 802 939 et
815 912 986 939 consuetu-

245 959 384 1001 dinibus,
410 959 504 993 etiam
529 959 722 1000 iuramento,
740 958 986 992 confirmatione

245 1012 432 1057 apostolica,
448 1013 496 1046 vel
519 1012 630 1056 quavis
650 1012 802 1045 firmitate
817 1012 876 1045 aliu
891 1012 987 1045 robo-

245 1066 333 1107 ratis,
360 1066 535 1111 privilegiis
556 1076 707 1110 quoque,
730 1065 860 1099 indultis
888 1072 918 1099 et
938 1065 987 1098 lit-

245 1113 321 1153 teris
345 1119 529 1164 apostolicis
550 1119 580 1152 in
611 1119 808 1153 contrarium
830 1119 986 1163 praemis-

244 1182 354 1205 sorum
382 1172 630 1217 quomodolibet
657 1172 839 1213 concessis,
863 1171 984 1205 confir-

246 1227 351 1267 matis,
380 1227 566 1271 approbatis
596 1232 627 1260 et
655 1226 831 1262 innovatis:
861 1236 986 1259 necnon

245 1280 398 1314 omnibus
418 1281 490 1322 illis,
508 1291 590 1324 quae
605 1280 708 1314 dictus
728 1279 876 1314 Clemens
897 1290 988 1324 prae-

246 1334 396 1368 decessor
416 1334 447 1367 in
468 1334 533 1368 suis
558 1334 672 1367 litteris
696 1333 869 1378 praedictis
889 1333 989 1366 voluit

245 1397 310 1420 non
335 1388 474 1427 obstare,
498 1386 696 1431 caeterisque
725 1386 894 1420 contrariis
919 1386 988 1430 qui-

245 1439 458 1484 buscumque.

290 1493 405 1527 Datum
431 1494 551 1527 Romae
572 1494 657 1538 apud
683 1500 829 1527 sanctum
858 1494 986 1527 Petrum

246 1545 305 1580 sub
341 1547 461 1581 annulo
497 1547 666 1580 piscatoris
696 1547 746 1580 die
774 1557 804 1580 v1
834 1547 987 1581 februarii

245 1610 367 1642 Mncvn,
391 1600 596 1645 pontificatus
617 1600 718 1634 nostri
739 1611 824 1634 anno
850 1610 882 1634 υ.

282 1663 340 1691 Dat.
363 1663 407 1691 die
426 1664 443 1691 6
463 1663 594 1691 februarii
616 1664 695 1693 1607.
708 1663 804 1699 pontif.
822 1671 892 1691 anuo
909 1670 935 1690 ιι,

564 1852 666 1886 LXVI.

250 1977 341 2018 Quod
358 1982 492 2010 rectores
511 1976 719 2010 ecclesiarum
743 1976 987 2021 paroclm'alimn

292 2030 470 2064 Indiarum
492 2030 753 2065 Occiclenlalium
766 2043 775 2071 ,·
803 2031 841 2063 ab
866 2031 908 2063 iis
932 2031 991 2074 qui

292 2084 329 2117 in
353 2083 493 2117 ecclesiis
525 2088 553 2117 et
578 2084 725 2117 domibus
755 2083 893 2118 Ordinis
915 2084 987 2127 sra—

294 2142 381 2170 trum
413 2138 636 2171 Eremitarum
669 2138 776 2170 sancti
807 2137 991 2181 Aussuslini

293 2191 509 2235 sepeliuntur,
526 2192 679 2224 maiorem
697 2201 761 2223 non
778 2191 912 2234 emissan!
931 2191 990 2224 ele-

293 2254 492 2288 emosynam,
517 2254 618 2287 quam
635 2253 717 2284 eam,
746 2254 831 2287 quae
859 2254 878 2276 α
911 2243 991 2277 Con-

293 2297 370 2330 cilio
409 2297 601 2330 Tridentino
637 2297 873 2340 praescribitur
907 2301 935 2328 rt
972 2307 990 2328 a

294 2351 356 2383 Pio
386 2350 412 2384 V
433 2350 649 2395 eoeple'calur¹.
942 2348 945 2351 ⁴

286 2448 297 2475 1
316 2447 382 2476 Vide
392 2447 493 2476 similes
504 2447 537 2475 de
554 2447 603 2475 hac
614 2456 643 2475 re
654 2447 866 2475 Constitutiones
876 2454 992 2475 cccxxxv

251 2496 278 2520 et
291 2499 415 2520 cccxxxw
439 2492 584 2520 Clementis
601 2492 657 2520 Vlll
680 2493 707 2519 in
731 2492 851 2520 favorem
879 2493 992 2520 fratrum

251 2537 337 2564 sancti
356 2537 492 2565 Francisci
508 2537 540 2564 de
552 2537 728 2565 observantia
743 2538 821 2573 latas,
834 2545 916 2573 supra
931 2545 991 2573 pag.

252 2581 286 2608 60
297 2584 323 2608 et
337 2581 368 2608 61
387 2581 465 2609 huius
482 2581 558 2617 tomi,
576 2585 603 2610 et
618 2581 698 2609 aliam
722 2581 796 2609 Pauli
811 2580 842 2616 V,
859 2590 920 2617 pag.
944 2581 995 2608 196

256 2626 290 2660 (n.
304 2626 354 2660 r).

1663 200 1722 235 381
1775 210 1825 236 An.
1840 209 1869 236 c.
1891 209 1958 237 1607

1255 263 1366 291 Paulus
1386 262 1466 297 Papa
1485 262 1523 294 V,

1139 319 1174 345 ad
1194 319 1370 351 perpetuam
1390 317 1436 344 rei
1456 315 1637 343 memoriam.

1064 423 1078 467 g
1100 423 1129 457 1.
1153 423 1339 468 Expositum
1372 423 1465 457 nobis
1486 411 1591 466 nuper
1620 422 1678 455 suit
1703 431 1762 465 pro
1810 430 1913 451 nectores
1929 435 1962 450 ec-

1777 457 1889 478 etesiarum
1900 462 1962 483 paro-

1018 483 1109 522 parte
1129 477 1322 511 dilectorum
1343 477 1485 510 filiorum
1511 475 1672 510 Francisci
1698 476 1758 509 Pe·
1776 484 1876 504 obianum
1893 484 1964 504 india-

1738 529 1744 535 ,
1776 516 1821 531 rum
1841 511 1963 531 occidenta-

1018 531 1113 572 reira,
1142 531 1317 564 assistentis
1337 531 1495 574 generalis
1516 530 1614 564 totius
1633 529 1762 563 Ordinis
1776 537 1826 558 lium
1835 537 1963 557 maiorem-

1777 563 1877 590 xigebaut
1908 563 1962 583 olco-

1019 585 1154 618 fratrum
1189 585 1402 618 Eremitarum
1435 584 1533 618 sancti
1567 583 1964 643 Augustini,tcffiiisii-ga¹1:¹02:thgj*g

1018 649 1144 673 necnon
1158 639 1364 683 provincialis
1380 638 1564 682 provinciae
1582 637 1762 670 lilexicanae
1778 644 1863 665 fratrum
1887 644 1965 664 eremi-

1019 690 1163 724 eiusdem
1184 690 1312 730 Ordinis
1332 700 1433 723 novae
1454 689 1626 733 Hispaniae
1648 688 1680 721 in
1705 689 1758 721 ln-
1777 670 1965 726 ‘gffi'slifl152232322

1020 743 1091 784 diis,
1115 744 1202 787 quod
1228 748 1370 777 rectores
1397 742 1634 786 parochialium
1661 741 1762 775 eccle·
1778 725 1965 788 iii'iii'ibiiissssi‘ss

1019 797 1138 830 siarum
1162 796 1326 830 indiarum
1359 795 1630 835 Occidentalium‚
1655 805 1695 828 ne
1720 794 1764 827 ita
1778 778 1965 831 Sssb'ssnreffiiffr'iffl*

1020 851 1191 884 commode
1212 849 1459 889 christifideles,
1484 849 1538 892 qui
1570 848 1601 881 in
1626 848 1764 882 Domino

1021 903 1226 942 moriuntur,
1256 903 1287 935 in
1319 902 1462 935 ecclesiis
1494 901 1623 935 Ordinis
1655 901 1765 934 huius-

1022 957 1121 997 modi,
1151 955 1209 990 ac¹
1239 956 1270 989 in
1291 955 1433 999 propriis
1454 965 1567 988 eorum
1595 954 1765 998 parochia-

1022 1010 1105 1045 libus
1130 1009 1259 1054 sepeliri
1280 1010 1416 1050 valeant,
1446 1009 1484 1042 de
1505 1008 1639 1042 consilio
1658 1009 1764 1041 forsan

1021 1075 1153 1098 suorum
1179 1063 1396 1107 superiorum,
1418 1063 1554 1096 abusum
1578 1062 1765 1095 introduxe-

1023 1124 1098 1152 runt
1115 1123 1149 1151 ut
1167 1117 1288 1151 scilicet
1306 1117 1434 1159 exigant
1456 1117 1611 1149 maiorem
1631 1116 1768 1149 eleemo-

1021 1182 1131 1216 synam
1154 1172 1193 1204 ab
1214 1171 1263 1211 iis,
1288 1171 1341 1215 qui
1365 1171 1394 1203 in
1418 1170 1560 1203 ecclesiis
1578 1169 1654 1203 dicti
1675 1168 1768 1203 Ordi-

1021 1227 1070 1259 nis
1090 1226 1303 1270 sepeliuntur,
1328 1225 1371 1258 ita
1391 1231 1425 1258 ut
1446 1225 1567 1264 fideles,
1589 1224 1642 1268 qui
1666 1224 1695 1256 in
1718 1234 1769 1256 ec·

1022 1280 1128 1313 clesiis
1155 1279 1283 1313 Ordinis
1311 1278 1498 1311 huiusmodi
1523 1277 1652 1322 sepeliri
1679 1277 1765 1310 desi-

1023 1333 1147 1373 derant,
1182 1342 1293 1376 parem
1318 1331 1357 1364 ad
1390 1331 1497 1364 minus
1526 1330 1768 1375 parochialibus

1023 1386 1165 1420 ecclesiis
1180 1386 1416 1429 eleemosynam
1431 1385 1614 1428 relinquere
1629 1384 1768 1417 debeant

1023 1440 1145 1473 ratione
1159 1449 1272 1472 eorum
1293 1438 1489 1481 sepulturae,
1509 1448 1604 1482 quam
1625 1437 1767 1471 ecclesiis

1022 1492 1150 1526 Ordinis
1171 1491 1357 1525 huiusmodi
1382 1491 1581 1534 relinquunt.

1067 1547 1082 1590 ἓ
1111 1545 1141 1579 9..
1173 1545 1221 1586 Et,
1245 1544 1333 1589 quod
1359 1544 1449 1588 peius
1481 1550 1539 1584 est,
1568 1544 1593 1577 si
1615 1544 1687 1588 quis
1708 1554 1767 1588 pro
1894 1585 1899 1591 .

1023 1600 1150 1633 animae
1169 1609 1245 1632 suae
1263 1598 1431 1641 refrigerio
1464 1598 1636 1631 nonnullas
1657 1598 1767 1631 missas
1782 1579 1968 1642 ἶῖῗτῗΓῗᾸῗὲεῗῗιῗῖᾗ

1023 1664 1041 1687 a
1070 1653 1222 1687 fratribus
1247 1652 1375 1686 Ordinis
1403 1652 1588 1685 huiusmodi
1616 1652 1768 1685 dicendas
1783 1637 1968 1704 &KQ-rffiss'affi‘2'1'1'5.

1024 1706 1202 1751 reliquerit,
1226 1706 1442 1750 praetendunt
1464 1705 1598 1749 parochi
1627 1706 1767 1739 eleemo-
1783 1690 1861 1705 πως
1906 1691 1967 1705 mn*

1024 1770 1134 1804 synam
1161 1759 1284 1792 ratione
1306 1759 1477 1793 missarum
1503 1758 1689 1792 huiusmodi
1720 1769 1768 1792 re-

1024 1813 1133 1847 lictam
1159 1813 1242 1846 inter
1268 1812 1353 1856 ipsos
1385 1818 1415 1845 et
1446 1813 1559 1846 fratres
1584 1811 1768 1856 praedictos

1025 1877 1093 1900 esse
1117 1866 1341 1908 dividendam,
1363 1876 1426 1910 quo
1452 1865 1487 1899 fit
1511 1872 1545 1899 ut
1570 1876 1635 1899 non
1652 1875 1768 1909 parum

1026 1921 1058 1954 in
1083 1920 1263 1963 deligendis
1283 1920 1459 1964 sepulturis
1476 1920 1507 1953 in
1529 1920 1674 1953 ecclesiis
1692 1919 1769 1952 dicti

1024 1973 1152 2008 Ordinis
1182 1979 1356 2017 graventur
1386 1974 1578 2015 saeculares,
1610 1984 1683 2007 cum
1712 1973 1770 2006 du-

1025 2029 1113 2073 plum
1134 2038 1193 2073 pro
1215 2028 1381 2072 sepultura
1406 2029 1529 2062 solvere
1550 2033 1719 2071 cogantur.

1070 2084 1086 2125 g
1107 2082 1137 2116 3
1161 2082 1237 2116 Cum
1264 2088 1384 2123 autem,
1407 2082 1490 2116 sicut
1510 2082 1623 2115 eadem
1645 2081 1769 2125 exposi-
1785 2113 1858 2133 mmm]
1878 2119 1890 2132 a
1912 2113 1969 2132 ra·-

1027 2135 1068 2170 tio
1100 2135 1336 2178 subiungebat,
1365 2135 1513 2179 plerique
1543 2134 1768 2168 christifideles
1784 2118 1970 2192 ;‘{;¹'1???51'5.?;‘„⁵132

1027 2189 1057 2222 in
1079 2188 1237 2223 dictarum
1263 2189 1436 2222 domorum
1459 2188 1602 2222 ecclesiis
1623 2187 1663 2221 ob
1684 2187 1769 2220 diffi-
1784 2194 1869 2219 pluant-

1026 2243 1178 2277 cultatem
1209 2249 1273 2276 tam
1304 2253 1437 2286 magnas
1462 2252 1615 2287 expensas
1640 2241 1765 2285 persol-

1026 2296 1121 2330 vendi
1145 2296 1273 2340 sepeliri
1294 2307 1326 2330 se
1347 2296 1450 2330 facere
1467 2306 1532 2329 non
1550 2294 1683 2339 possint,
1705 2304 1769 2338 quo

1027 2349 1062 2383 fit
1092 2355 1126 2383 ut
1158 2350 1312 2384 ecclesiae
1344 2349 1531 2383 huiusmodi
1566 2354 1769 2382 mortuorum

1026 2403 1202 2448 sepulturis
1234 2409 1265 2437 et
1293 2408 1530 2447 consequenter
1558 2401 1770 2446 eleemosynis

1028 2456 1060 2490 in
1084 2457 1152 2490 dies
1177 2456 1246 2489 ficri
1268 2456 1429 2490 consuetis
1450 2454 1685 2499 propemodum
1707 2453 1772 2497 pri-

1028 2515 1151 2551 ventur,
1166 2509 1286 2544 idcirco
1299 2520 1358 2554 pro
1370 2514 1461 2554 parte
1473 2508 1662 2542 eorumdem
1677 2507 1771 2540 Fran-

1810 1550 1927 1577 Exigebam
1938 1551 1967 1571 in·

1784 1714 1849 1737 quuut
1878 1713 1969 1732 testato-

1783 1744 1824 1759 ree.

1812 2086 1934 2107 Huiusmodi
1946 2091 1968 2106 ι-

1067 2627 1076 2653 1
1102 2625 1242 2655 videretur
1259 2625 1400 2661 legendum
1414 2626 1511 2660 potius
1527 2632 1611 2659 (litam
1634 2631 1668 2658 qn.
1687 2630 1709 2650 τ.
1729 2643 1732 2649 .
