2227 3241
274 316 323 343 An.
341 316 369 344 C.
390 316 460 345 1605

294 537 369 562 Magna
380 538 458 557 oratio-

273 570 304 584 nis
321 566 390 584 uitus.

506 307 569 341 198

472 371 557 406 sunt,
578 370 721 397 caeteras
741 373 871 407 quoque
888 363 1039 397 ecclesias
1058 364 1140 398 bene
1158 365 1213 398 ad-

473 419 677 459 ministrare,
706 428 742 451 ac
768 417 896 451 tandem
923 418 1103 452 desiderata
1127 419 1212 452 bona

474 471 626 515 consequi
648 476 678 504 et
698 477 784 504 recte
802 471 911 505 omnia
930 472 1086 516 perficere
1106 473 1211 506 valea-

475 535 556 558 mus.
584 525 697 567 Magna
726 531 772 558 est
803 525 887 558 enim
918 525 964 559 vis
989 527 1158 560 concordis
1183 533 1213 560 et

473 578 707 622 perseverantis
732 578 898 620 orationis,
921 579 1112 623 praesertim
1139 590 1212 613 cum

474 636 504 664 et
529 630 561 671 ii,
582 630 637 674 qui
662 631 797 664 caeteris
817 638 981 675 praesunt,
1003 632 1077 675 igne
1102 633 1210 676 perfe-

474 689 542 717 ctae
556 683 720 718 charitatis
733 684 864 726 incensi,
874 687 960 730 apud
976 686 1075 719 Deum
1088 696 1146 730 pro
1157 696 1214 730 po-

473 737 550 781 pulo
560 737 774 779 intercedunt,
790 744 831 779 et,
851 739 905 783 qui
923 739 1099 783 superioris
1114 740 1215 782 impe-

473 791 522 824 rio
535 796 660 834 parent,
670 791 839 825 unanimes
851 792 881 825 in
895 792 1010 837 spiritu
1025 792 1215 825 humilitatis

474 850 505 877 et
521 844 630 878 animo
643 844 782 878 contrito
794 855 853 889 pro
866 856 925 879 suo
939 846 1019 879 duce
1033 856 1069 880 ac
1090 852 1214 879 rectore

475 898 702 942 deprecantur,
725 898 872 943 nihilque
893 899 974 933 adeo
995 905 1052 941 est,
1069 900 1156 943 quod
1177 899 1214 932 fi-

475 951 562 984 deles
580 951 618 995 (si
639 955 870 986 convertantur
888 953 928 986 ad
947 953 1046 987 Deum
1066 953 1099 986 in
1116 954 1213 987 corde

474 1004 639 1047 perfecto,
664 1010 694 1038 et
718 1010 924 1049 prosternant
948 1017 1061 1050 preces
1085 1017 1158 1040 suas
1183 1006 1216 1039 in

475 1062 649 1102 conspectu
658 1058 740 1101 eius)
755 1059 982 1093 communibus
994 1059 1073 1093 votis
1086 1060 1216 1094 tandem

475 1121 541 1144 non
559 1111 737 1152 obtineant,
762 1118 793 1145 et
819 1112 880 1145 iam
908 1112 1114 1156 impetratum
1141 1114 1214 1147 diu-

476 1164 537 1197 tius
557 1175 624 1198 non
643 1171 844 1199 conservent.
865 1166 916 1200 Sic
933 1166 1009 1200 olim
1028 1167 1110 1200 Deus
1130 1167 1217 1201 Salo-

476 1218 564 1251 moni
579 1218 610 1251 in
629 1218 698 1262 ipso
712 1220 803 1262 regni
817 1220 865 1253 sui
885 1220 1015 1254 exordio
1027 1221 1216 1265 sapientiam

475 1282 533 1314 per
557 1271 736 1305 orationem
762 1273 937 1316 postulanti
962 1274 1002 1307 ad
1027 1274 1214 1307 discernen-

476 1325 552 1357 dum
574 1325 730 1358 iudicium
755 1326 843 1359 dedit
866 1336 922 1359 cor
939 1327 1066 1370 sapiens
1084 1327 1219 1360 etintel-

476 1378 587 1420 ligens.
609 1378 659 1412 Sic
680 1379 808 1412 beatum
835 1380 963 1413 Petrum
988 1381 1217 1425 Apostolorum

476 1431 657 1475 Principem
685 1438 715 1465 et
738 1432 853 1466 Christi
880 1433 911 1466 in
938 1434 1031 1467 terris
1056 1434 1217 1468 Vicarium

477 1486 595 1527 oratio,
619 1496 703 1530 quae
728 1486 767 1519 ab
793 1486 934 1520 Ecclesia
959 1487 1027 1521 sine
1053 1488 1215 1522 intermis-

478 1538 567 1571 sione
585 1549 644 1582 pro
665 1549 703 1572 eo
720 1539 828 1580 fiebat,
850 1540 969 1583 eripuit
987 1541 1026 1574 de
1043 1551 1140 1574 manu
1160 1542 1220 1575 lle-

478 1591 564 1625 rodis
578 1592 707 1625 etomni
720 1593 942 1635 expectatione
960 1594 1063 1636 plebis
1083 1595 1218 1628 ludaeo-

478 1655 570 1685 rum·‚
604 1650 635 1678 et
666 1645 807 1679 Christus
838 1646 1010 1688 Dominus,
1037 1647 1112 1680 1111111
1145 1659 1218 1681 611111

478 1698 665 1731 hominibus
686 1705 952 1740 conversaretur,
977 1701 1138 1744 Apostolis
1155 1702 1220 1734 suis

480 1751 576 1785 dixit:
603 1751 769 1796 Quicquid
783 1753 946 1795 petieritis
963 1754 1096 1786 Patrem
1115 1755 1152 1787 in
1169 1766 1222 1788 no-

479 1805 568 1838 mine
592 1816 679 1845 meO,
708 1805 798 1838 dabit
824 1807 928 1839 vobis:
958 1807 1013 1848 Et,
1041 1809 1070 1839 si
1094 1808 1157 1840 cluo
1183 1819 1221 1841 exc

479 1858 566 1890 vobis
577 1859 796 1891 consenserint
816 1869 912 1902 super
927 1863 1059 1899 terram,
1076 1860 1113 1893 cle
1131 1862 1222 1894 omni

479 1922 531 1952 re,
560 1922 800 1955 quamcumque
825 1913 1002 1955 petierint,
1029 1914 1083 1955 fiet
1108 1915 1178 1947 illis
1202 1926 1223 1947 11

480 1964 581 1997 Patre
601 1975 680 2005 meo,
700 1965 760 2008 qui
779 1965 815 1997 rin
836 1965 931 1998 coelis
951 1973 1006 1998 est.
1030 1967 1102 2000 Iure
1123 1967 1222 2010 igitur

481 2017 605 2061 optimo
629 2028 699 2058 nos,
724 2018 778 2061 qui
803 2018 882 2051 nihil
909 2018 995 2052 aliud
1022 2019 1053 2052 in
1078 2021 1219 2054 admini-

481 2071 635 2105 stratione
645 2071 833 2105 universalis
844 2072 1003 2106 Ecclesiae
1017 2083 1120 2117 nuper
1130 2075 1223 2108 nobis

482 2125 653 2158 commissa
672 2131 816 2169 spectare
834 2126 998 2166 debemus,
1012 2137 1108 2170 quam
1123 2127 1223 2171 ipsius

481 2178 642 2212 Ecclesiae
664 2178 845 2212 Catholicae
863 2179 1009 2221 salutem,
1031 2180 1223 2214 christiano-

482 2242 554 2265 rum
579 2232 763 2276 principum
788 2243 922 2276 pacem,
948 2233 1108 2277 totiusquc
1134 2234 1223 2268 orbis

483 2285 649 2320 christiani
663 2286 942 2330 tranquillitatem,
957 2293 991 2320 ut
1004 2287 1036 2319 in
1050 2287 1111 2320 hoc
1125 2298 1223 2321 onere

482 2339 584 2373 arduo
614 2345 710 2383 atque
735 2339 925 2382 gravissimo
954 2340 1160 2389 sustinendo,
1185 2341 1223 2374 iis

483 2403 566 2437 quae
586 2393 746 2437 cupimus,
767 2399 798 2426 et
815 2393 932 2437 quibus
950 2393 1088 2427 maxime
1101 2394 1224 2437 indige-

484 2457 565 2488 mus,
590 2446 759 2491 praesidiis
776 2457 794 2480 a
812 2447 889 2487 Deo,
911 2447 964 2490 qui
986 2448 1223 2491 postulantibus

484 2510 501 2533 a
521 2510 555 2533 se
574 2499 764 2543 sapientiam
784 2500 838 2533 dat
862 2499 1011 2533 omnibus
1032 2500 1220 2542 affluenter,

484 2559 519 2586 ut
529 2553 734 2594 confidimus,
745 2552 945 2594 adiuvemur,
960 2553 1021 2586 hoc
1033 2553 1133 2587 nostri
1144 2564 1224 2597 pon-

486 2607 623 2641 tificatus
640 2607 743 2648 initio,
764 2607 854 2651 pium
872 2612 904 2641 et
919 2607 1115 2641 laudabilem
1136 2618 1221 2641 non-

485 2660 649 2694 nullorum
667 2661 888 2694 Romanorum
909 2660 1102 2694 Pontificum
1123 2671 1220 2705 prae—

486 2713 690 2748 decessorum
709 2720 893 2748 nostrorum
916 2725 1038 2748 morem
1056 2714 1117 2749 hac
1138 2715 1169 2748 in
1189 2724 1224 2747 re

1047 314 1230 341 BULLARIUM
1254 315 1407 341 ROMANUM

1246 365 1384 409 sequuti,
1399 365 1439 397 ad
1454 373 1660 397 communem
1673 363 1769 397 totius
1777 363 1889 408 populi
1902 364 1986 397 chri-

1246 418 1339 451 stiani
1357 417 1631 461 deprecationem,
1645 417 1772 450 indictis
1785 420 1821 450 ea
1835 417 1874 450 de
1891 420 1987 451 causa

1246 481 1304 514 per
1331 470 1526 503 catholicum
1555 470 1666 503 orbem
1697 469 1987 514 supplicationibus

1248 529 1279 556 et
1303 523 1497 556 salutaribus
1521 522 1731 565 indulgentiis
1753 523 1984 566 promulgatis,

1247 577 1352 621 primo
1363 587 1493 620 quoque
1507 581 1651 621 tempore
1661 576 1909 619 confugiendum
1921 586 1988 610 esse

1248 631 1457 663 decrevimus.
1483 630 1568 664 Haec
1588 630 1674 663 enim
1694 640 1759 663 una
1779 635 1826 663 est
1844 634 1875 663 et
1894 639 1986 663 com-

1249 684 1355 716 munis
1376 678 1430 716 illa
1451 683 1562 727 populi
1584 682 1748 716 christiani
1769 682 1885 724 oratio,
1906 692 1989 727 quae

1249 737 1464 771 concordibus
1484 736 1630 770 omnium
1652 736 1796 770 fidelium
1817 736 1990 770 voluntati-

1248 791 1326 831 bus,
1354 801 1412 834 per
1442 800 1536 823 verae
1564 790 1783 834 poenitentiae
1807 790 1988 824 remedium

1249 855 1321 877 cum
1340 844 1460 878 ieiunio
1482 849 1513 877 et
1537 843 1741 888 eleemosyna
1766 844 1987 885 coniunctum,

1250 897 1396 941 inprimis
1422 897 1592 931 hominum
1621 902 1745 931 mentes
1765 908 1782 931 a
1804 897 1888 931 vitiis
1907 907 1988 942 pur-

1250 957 1313 993 gat,
1337 957 1406 984 tum
1427 951 1572 984 sublevat
1591 951 1631 985 ad
1649 951 1811 991 coelestia,
1835 956 1866 984 et
1883 951 1924 984 ad
1940 961 1991 985 sa-

1251 1005 1350 1038 lutem
1371 1015 1407 1038 ac
1424 1005 1521 1038 vitam
1542 1010 1706 1039 aeternam
1728 1004 1849 1047 dirigit,
1866 1004 1992 1038 deside-

1251 1064 1319 1092 rata
1329 1058 1445 1093 deinde
1458 1059 1543 1092 dona
1551 1070 1587 1092 ex
1598 1059 1662 1092 Deo
1674 1058 1835 1092 bonorum
1845 1058 1992 1092 omnium

1251 1112 1337 1146 fonte
1357 1112 1499 1153 deducit,
1516 1112 1602 1156 ipsos
1623 1112 1763 1156 denique
1783 1111 1932 1146 homines
1951 1113 1992 1146 ad

1251 1166 1305 1199 illa
1322 1166 1549 1210 consequenda
1560 1176 1693 1209 capaces
1707 1171 1737 1198 ct
1753 1166 1867 1208 dignos
1880 1165 1988 1199 efficit.

1251 1220 1452 1263 Quamquam
1477 1229 1536 1252 nos
1556 1219 1596 1252 ad
1616 1219 1700 1252 hanc
1724 1219 1991 1252 deliberationem
2032 1231 2190 1256 Αιιωηιινῑ-

1253 1272 1259 1277 .
1547 1272 1552 1277 .
1886 1271 1892 1277 .
2007 1264 2040 1279 res
2075 1258 2189 1279 Tui-carum

1252 1272 1427 1305 ineundam
1453 1282 1519 1305 non
1545 1272 1617 1305 ideo
1647 1272 1752 1305 solum
1778 1272 1987 1312 adducimur,
2006 1284 2191 1311 populoChristia-

1252 1326 1339 1369 quod
1360 1325 1514 1359 ecclesiae
1534 1325 1763 1367 gubernaculis
1784 1335 1915 1358 manum
1936 1324 1992 1358 ad·
2006 1313 2194 1367 lissllgl'sslsslfm,

1253 1379 1371 1413 moturi
1392 1379 1569 1423 praecipuo
1583 1379 1723 1423 quodam
1738 1378 1834 1412 divini
1852 1378 1993 1412 numinis

1253 1432 1371 1465 auxilio
1397 1432 1599 1476 praemuniri
1625 1432 1802 1476 cupiamus,
1826 1432 1883 1466 sed
1907 1432 1994 1475 quod

1253 1485 1471 1519 existimemus
1481 1486 1542 1519 hoc
1552 1491 1699 1529 tempore
1710 1485 1848 1529 idipsum
1859 1485 1900 1518 ad
1912 1495 1996 1518 eom-

1254 1549 1386 1572 munem
1419 1538 1574 1572 dominici
1603 1538 1708 1581 gregis
1740 1538 1994 1571 incolumitatem

1253 1593 1425 1637 pertinere,
1450 1592 1602 1636 quodque
1627 1592 1810 1626 Catholicae
1834 1592 1994 1625 Ecclesiae

1254 1651 1284 1679 et
1303 1645 1500 1679 Christianae
1514 1645 1723 1689 Reipublicae
1742 1646 1773 1678 in
1794 1645 1995 1679 difficultati-

1254 1700 1313 1733 bus
1331 1699 1523 1733 constitutae
1542 1699 1717 1732 admodum
1737 1699 1876 1733 salutare
1900 1704 1996 1742 atque

1255 1759 1475 1797 opportunum
1502 1754 1569 1786 sore
1590 1753 1781 1786 iudicemus.
1802 1751 1998 1785 Immanissi—

1255 1817 1326 1839 mus
1344 1806 1429 1839 enim
1444 1807 1621 1839 Turcarum
1639 1812 1802 1849 tyrannus,
1823 1810 1998 1849 perpetuus

1256 1860 1422 1893 christiani
1442 1859 1583 1893 nominis
1600 1859 1711 1900 1105115,
1736 1859 1847 1893 insana
1867 1858 1920 1891 illa
1940 1858 1997 1892 do-

1256 1913 1400 1947 minandi
1430 1913 1585 1953 libidine,
1614 1923 1677 1956 qua
1706 1912 1794 1946 orbis
1824 1911 1997 1956 imperium

1258 1973 1377 2000 temere
1391 1967 1454 2000 iam
1472 1966 1531 1999 sibi
1550 1966 1732 2010 despondit,
1750 1971 1947 2007 excaecatus,
1961 1976 1998 1998 ac

1256 2030 1384 2053 summo
1403 2019 1598 2053 christianae
1611 2019 1777 2062 religionis
1791 2019 1866 2052 odio
1886 2018 1996 2053 ineen-

1257 2084 1320 2115 sus,
1339 2074 1524 2106 innumeras
1538 2073 1645 2106 clades
1659 2083 1723 2106 non
1738 2073 1835 2106 modo
1850 2071 1995 2105 finitimis

1256 2127 1384 2170 populis
1405 2126 1618 2170 erumpendo,
1642 2126 1696 2159 scd
1718 2125 1849 2159 remotis
1866 2135 1997 2169 quoque

1257 2180 1405 2223 gentibus
1423 2179 1533 2213 omnia
1546 2180 1727 2213 invadendo
1742 2179 1865 2213 iamdiu
1877 2178 1995 2212 attulit:
2024 2200 2034 2203 ‹

1257 2233 1479 2277 superioribus
1505 2243 1581 2266 vero
1599 2233 1691 2266 annis
1711 2243 1805 2266 saevo
1826 2232 1996 2266 diuturno-

1257 2298 1319 2330 que
1343 2287 1430 2320 bello
1462 2287 1494 2319 in
1519 2287 1715 2329 Ilungariam
1742 2286 1896 2326 excitato,
1924 2285 1999 2318 licet

1257 2339 1381 2383 aliquot
1398 2339 1441 2372 ibi
1462 2339 1606 2382 egregias
1624 2339 1764 2372 civitates
1785 2344 1815 2371 et
1832 2339 1904 2371 loca
1920 2337 1997 2371 insi-

1257 2394 1342 2436 gnia,
1366 2403 1448 2437 quae
1462 2399 1688 2437 occupaverat,
1712 2402 1860 2436 quaeque
1885 2396 1998 2435 postea

1258 2457 1294 2480 ex
1307 2446 1392 2480 illius
1405 2446 1554 2479 manibus
1568 2451 1676 2489 erepta
1690 2451 1718 2478 61
1734 2450 1923 2488 recuperata
1935 2444 1999 2477 sue-

1257 2504 1342 2540 runt,
1362 2499 1516 2540 amiserit,
1546 2499 1717 2542 plerasque
1742 2504 1850 2532 tamen
1876 2503 1942 2530 tum
1964 2497 1996 2529 in

1258 2553 1326 2597 ipsa
1346 2552 1522 2597 Hungaria,
1543 2558 1610 2585 tum
1629 2552 1659 2584 in
1679 2551 1758 2585 locis
1772 2551 1818 2584 illi
1840 2551 1997 2593 contiguis

1258 2606 1474 2640 nobilissimas
1489 2605 1626 2639 ditiones
1640 2611 1671 2638 et
1691 2604 1922 2638 munitissimas
1941 2614 1994 2637 ar-

1258 2671 1310 2694 ces
1324 2660 1356 2693 in
1369 2670 1459 2693 suam
1469 2664 1661 2703 potestatem
1676 2658 1811 2701 redegit3
1827 2657 1997 2705 novissime

1258 2719 1364 2747 autem
1386 2714 1447 2747 hoc
1467 2723 1551 2746 anno
1570 2712 1671 2756 (quod
1692 2712 1759 2745 51116
1779 2711 1864 2754 gravi
1886 2711 1997 2744 dolore

1997 315 2046 342 An.
2062 314 2090 343 C.
2111 310 2180 344 1605
