2227 3241
41 287 90 316 ΑἸι.
111 285 140 313 C.
158 284 225 313 ¹605

53 973 167 997 Rosci-vata
175 980 222 996 con·

41 1007 92 1029 ‘ma
121 1001 221 1028 pensione

55 1033 78 1050 ro
91 1028 221 1050 inservienti-

55 1060 79 1076 ιε
105 1055 221 1080 ecclesiae,

42 1082 74 1104 vel
113 1082 221 1111 cappellae

39 1109 165 1132 nonasterii.

91 1564 221 1594 auditaeque

42 1592 88 1612 me
112 1594 222 1617 nonnullae

43 1620 96 1642 ntiae
106 1621 220 1644 clausulae.

893 284 1011 308 PAULUS
1033 286 1050 308 V
1071 286 1121 309 PP.

1662 274 1726 308 5235
1772 284 1822 311 An.
1841 284 1871 312 e.
1889 283 1957 311 1605

237 332 321 366 tibus
337 332 466 376 penitus
479 338 509 366 et
527 332 660 366 omnino
681 331 828 375 exclusis)
847 341 905 375 pro
920 334 977 364 sua
1013 332 1103 373 tium,
1119 333 1174 366 sed
1191 333 1371 366 nominatio
1385 343 1598 377 personarum
1619 332 1753 366 idonea-

236 385 392 430 cuiusque
417 389 486 420 rata
512 386 700 430 quemlihet,
716 391 752 419 ut
776 395 884 430 supra,
902 391 974 418 tan-
1014 396 1086 418 rum
1108 386 1148 419 ad
1174 387 1336 430 prioratus
1361 387 1588 421 conventuales
1624 393 1655 420 et
1680 397 1755 420 vere

235 445 341 482 gente,
365 439 489 483 integre
508 440 666 484 (nihilque
692 439 829 473 deducto
854 449 913 483 pro
934 439 979 471 sa-

237 492 327 526 cibus
352 499 383 527 et
407 493 572 534 candelis,
599 503 682 537 quae
709 498 771 526 tam
804 492 835 525 in
865 491 975 532 altari,

236 556 334 590 quam
356 553 442 580 extra
468 547 567 580 altare
588 557 605 580 a
627 546 720 580 dictis
749 546 891 590 capitulo
913 542 979 579 eius

236 599 363 633 numeri
384 605 415 633 et
440 600 604 644 ponderis,
628 604 726 643 prout
746 599 777 632 in
798 598 976 632 solemnio-

235 653 324 687 ribus
341 653 445 687 missis
463 653 561 697 ipsius
582 653 735 687 ecclesiae
755 653 980 686 Lateranensis

237 713 426 742 consuetum
448 714 526 749 erat,
548 708 664 752 exponi
685 708 854 751 deberent>
873 707 979 741 distri—

235 761 365 795 buenda
386 762 559 806 quotannis
580 761 806 803 retinerentur,
827 767 858 795 et
878 771 980 794 asser-

236 820 397 856 varentur:
421 826 459 849 ex
481 815 613 858 integris
628 826 702 849 vero
714 815 870 849 fructibus
888 825 980 859 prae·

236 868 313 903 dicti
333 869 519 903 monasterii
541 870 648 914 aliqua
665 869 782 914 portio,
806 869 867 902 loci
889 868 980 902 Ordi-

235 924 327 957 nario
340 924 501 965 benevisa,
518 925 744 973 deduceretur,
762 935 864 968 eaque
882 935 980 968 penes

237 987 443 1019 oeconomos,
463 978 502 1011 ad
522 978 551 1012 id
567 979 769 1023 deputandos
783 983 976 1018 remaneret,

238 1042 319 1075 quae
340 1032 436 1066 etiam
462 1032 615 1066 inservire
641 1032 772 1066 deberet
786 1042 845 1076 pro
860 1043 976 1065 manu-

237 1085 381 1119 tensione
400 1085 583 1130 aliquorum
615 1086 854 1127 sacerdotuum,
883 1096 978 1129 regu-

236 1139 352 1173 larium
374 1150 430 1174 seu
447 1140 659 1173 saecularium
673 1168 680 1181 ,
704 1151 738 1173 ac
760 1140 898 1173 aliorum
921 1140 979 1172 mi-

235 1193 430 1235 nistrorum,
465 1193 519 1238 qui
548 1193 703 1228 ecclesiae
731 1194 778 1227 vel
805 1194 978 1238 cappellae,

236 1257 319 1291 quae
340 1247 371 1280 in
397 1249 467 1281 loco
483 1276 490 1289 ,
518 1248 573 1281 uhi
599 1248 719 1282 dictum
745 1248 977 1281 monasterium

235 1301 361 1343 existit,
389 1303 437 1336 vel
463 1303 538 1335 alibi
571 1308 834 1344 construeretur,
864 1302 979 1335 divinis

235 1354 437 1397 inservirent,
462 1363 492 1390 et
513 1356 550 1390 iis
571 1357 685 1390 osliciis
705 1363 736 1390 et
755 1356 908 1390 oneribus
928 1367 978 1389 sa-

199 1437 204 1441 ,
237 1408 429 1449 tissacerent‚
446 1420 529 1453 quae
547 1410 578 1442 in
597 1410 773 1454 praedicto,
782 1410 978 1443 monasterio

236 1464 367 1496 eatenus
388 1463 520 1496 fundata
534 1468 565 1496 et
582 1463 738 1496 celebrari
767 1463 861 1496 solita
882 1463 989 1504 fuisse,

235 1515 470 1560 reperirentur:
494 1516 570 1549 dicti
595 1527 671 1550 vero
696 1517 896 1561 capitulum,
921 1528 975 1550 ca-

236 1569 357 1610 nonici,
374 1579 501 1603 necnon
514 1569 696 1603 beneficiati
722 1576 752 1603 et
770 1570 877 1604 cleriei
892 1581 980 1614 prae-

237 1622 334 1656 missa
355 1623 464 1656 omnia
489 1634 525 1657 ex
544 1624 714 1667 largitione
734 1626 815 1668 pura
841 1630 871 1658 et
891 1626 980 1658 mera

236 1677 339 1719 gratia
360 1688 396 1710 ae
423 1677 614 1711 liberalitate
644 1678 719 1711 dicti
740 1678 868 1711 Henrici
895 1678 979 1721 regis

236 1731 396 1775 recepisse
421 1738 452 1765 et
471 1732 616 1776 recipere
637 1732 882 1773 confiterentur,
903 1743 975 1766 om-

235 1795 357 1829 nesque
381 1785 581 1829 supradictas
606 1786 818 1827 conditiones,
843 1797 978 1820 concor-

237 1838 306 1872 dias
327 1845 358 1872 et
378 1845 472 1883 pacta
487 1840 543 1884 (ita
564 1846 682 1881 tamen,
700 1841 787 1884 quod
808 1841 976 1881 Henricus,

236 1892 348 1926 eteius
362 1903 562 1927 successores
575 1894 771 1927 Francorum
788 1905 879 1937 reges
893 1905 981 1938 prae-

237 1945 326 1987 dicti,
350 1947 562 1981 reservationi
583 1958 639 1981 seu
657 1947 855 1991 impositioni
880 1948 979 1981 alicu-

238 1999 287 2033 ius
313 2000 477 2044 pensionis
506 2011 632 2035 annuae
664 2013 760 2046 super
789 2002 882 2035 dictis
907 2008 979 2035 octo

235 2053 451 2097 portionibus,
468 2066 525 2099 per
543 2056 673 2089 eosdem
706 2062 778 2089 octo
808 2057 980 2090 canonicos

236 2117 296 2152 pro
337 2114 482 2153 tempore
517 2110 702 2144 nominatos
737 2110 976 2154 percipiendis,

235 2162 326 2196 nullo
347 2173 489 2207 unquam
512 2169 656 2208 tempore
677 2165 908 2207 consentirent>
929 2176 979 2198 ac-

237 2221 378 2260 ceptare,
402 2223 433 2250 et
459 2217 630 2250 observare
659 2218 814 2251 deberent
839 2224 869 2251 et
891 2224 979 2252 tene-

236 2275 360 2310 rentur,
377 2271 529 2314 quodque
544 2282 600 2314 per
613 2271 797 2304 huiusmodi
817 2271 980 2313 unionem,

237 2323 450 2357 annexionem
477 2330 507 2357 et
532 2324 828 2369 incorporationem
855 2326 978 2358 nullum

238 2375 286 2410 ius
301 2385 486 2412 censeretur
499 2378 692 2422 acquisitum
708 2378 811 2412 eidem
826 2380 979 2414 ecclesiae

237 2429 455 2473 Lateranensi,
479 2432 544 2465 sive
565 2431 632 2465 eius
650 2432 929 2477 archipresbytero
944 2445 980 2466 uc

239 2484 397 2528 capitulo,
429 2496 525 2530 super
549 2486 722 2520 collatione
747 2492 778 2519 et
795 2487 979 2530 provisione

238 2537 441 2581 prioratuum
481 2546 535 2573 aut
571 2540 708 2573 aliorum
747 2540 977 2574 beneficiorum

239 2601 295 2625 seu
315 2591 510 2634 officiorum,
536 2598 598 2627 tam
627 2599 860 2637 perpetuorum
882 2605 978 2638 quam

240 2644 279 2678 ad
299 2649 412 2679 nutum
433 2646 665 2688 amovibilium‚
683 2647 796 2681 adicto
818 2653 979 2682 monaste-

240 2696 287 2731 rio
309 2697 571 2743 dependentium,
595 2701 658 2734 sire
675 2701 714 2735 ad
737 2701 814 2735 illud
836 2708 979 2745 spectan-

1014 439 1162 472 electivos
1188 440 1227 472 ab
1253 440 1321 484 ipso
1351 441 1546 474 monasterio
1573 441 1757 484 dependen-

1014 497 1060 524 tes
1088 493 1127 525 ad
1148 493 1350 536 praedictum
1391 494 1566 528 Henrieum
1592 494 1657 528 sive
1689 493 1757 527 eius

1013 556 1214 579 successores
1232 547 1428 581 Francorum
1446 559 1537 591 reges
1556 548 1754 589 huiusmodi,

1014 606 1109 643 prout
1134 605 1238 641 antea,
1263 608 1473 645 competeret,
1490 607 1531 643 et,
1549 602 1608 635 nisi
1630 603 1758 646 priora-

1014 659 1063 686 tus
1081 664 1098 686 a
1113 652 1199 687 dicto
1221 656 1416 688 monasterio
1431 656 1618 699 dependens
1632 661 1758 690 extunc

1014 707 1119 750 primo
1140 713 1310 742 vacaturus
1330 709 1564 742 concederetur
1591 710 1758 753 praedicto

1014 760 1152 794 Antonio
1168 761 1198 794 in
1217 772 1461 806 recompensam
1483 773 1542 807 pro
1563 763 1759 797 extinctione

1014 814 1118 848 dictae
1132 815 1307 859 pensionis,
1324 816 1428 850 dictus
1441 817 1596 851 Henricus
1610 829 1665 851 rex
1682 829 1758 852 con-

1014 869 1157 911 sentiret,
1182 876 1216 903 ut
1235 881 1343 914 supra,
1372 871 1484 904 unioni
1503 872 1578 905 dicti
1596 872 1758 916 prioratus

1014 923 1177 957 sacristiae
1190 924 1334 958 eiusdem
1349 925 1503 959 ecclesiae
1521 926 1755 968 Lateranensis;

1013 977 1038 1010 si
1071 988 1145 1011 vero
1178 978 1208 1010 in
1239 978 1425 1011 huiusmodi
1458 979 1622 1023 pensionis
1654 980 1757 1013 extin-

1014 1030 1120 1065 ctione
1141 1032 1303 1075 prioratus
1324 1032 1431 1076 primo
1455 1039 1628 1067 vacaturus
1648 1033 1758 1068 huius—

1014 1085 1101 1118 modi
1123 1086 1227 1119 eidem
1250 1086 1390 1119 Antonio
1409 1087 1652 1128 concederetur,
1669 1098 1759 1131 prae-

1014 1139 1117 1173 dictus
1143 1140 1300 1174 Henricus
1324 1151 1379 1174 rex
1406 1141 1535 1182 unioni,
1563 1142 1754 1183 annexioni,

1014 1193 1268 1238 incorporationi
1287 1194 1418 1228 alterius
1431 1194 1595 1238 prioratus
1615 1196 1757 1229 secundo

1014 1246 1084 1280 loco
1099 1248 1251 1289 vacaturi,
1266 1259 1325 1292 pro
1339 1249 1566 1292 comparandis
1583 1259 1757 1283 ornamen-

1015 1301 1052 1334 tis
1078 1308 1108 1334 et
1132 1303 1412 1346 suppellectilibus
1447 1303 1674 1337 ecclesiasticis
1698 1315 1758 1348 pro

1013 1355 1098 1389 dicta
1125 1357 1259 1390 ecclesia
1292 1356 1496 1391 Lateranensi
1523 1364 1552 1391 et
1576 1358 1759 1402 specialiter

1013 1420 1071 1452 pro
1085 1410 1188 1450 altari,
1209 1416 1241 1443 ut
1254 1411 1444 1454 praefertur,
1462 1411 1672 1454 designando,
1687 1422 1760 1445 con-

1013 1463 1156 1504 sentiret,
1180 1470 1276 1507 prout
1303 1463 1334 1496 in
1360 1465 1578 1498 transactione
1599 1475 1635 1498 ac
1656 1465 1758 1509 diplo-

1014 1522 1119 1557 mate,
1151 1528 1277 1550 necnon
1307 1518 1520 1551 conventione
1546 1518 1757 1559 huiusmodi,

1013 1581 1049 1603 ac
1063 1571 1194 1614 publico
1216 1572 1355 1615 desuper
1374 1573 1520 1606 consecto
1542 1573 1758 1607 instrumento

1012 1624 1139 1668 plenius
1158 1625 1276 1658 dicitur
1296 1625 1466 1659 contineri.

1058 1678 1072 1722 g
1091 1678 1120 1711 Ξ.
1144 1678 1248 1718 Quare
1269 1690 1328 1723 pro
1350 1685 1441 1723 parte
1458 1680 1588 1714 Henrici
1607 1681 1702 1724 regis,
1722 1691 1758 1715 ac
1835 1707 1959 1728 Huiusmodi

1013 1731 1155 1776 capituli,
1173 1733 1418 1775 canonicorum,
1437 1745 1473 1767 ac
1490 1734 1757 1768 beneficiatorum
1773 1734 1959 1788 {fgggssffiffiufiffff

1013 1796 1073 1819 nec
1093 1797 1158 1819 non
1180 1786 1372 1820 clericorum
1389 1815 1396 1828 ,
1421 1793 1451 1821 et
1478 1788 1609 1821 Antonii
1630 1788 1759 1832 praedi-

1014 1846 1138 1873 ctorum
1159 1841 1251 1874 nobis
1273 1841 1332 1875 suit
1348 1841 1514 1875 humiliter
1531 1842 1759 1886 supplicatum,

1014 1900 1173 1938 quatenus
1188 1895 1438 1929 transactionem
1453 1901 1484 1929 et
1496 1896 1755 1938 conventionem,

1014 1947 1140 1992 aliaque
1164 1949 1341 1992 praemissa
1355 1960 1414 1993 pro
1433 1949 1562 1982 illarum
1588 1950 1761 1984 subsisten-

1014 2001 1057 2035 tia
1079 2002 1214 2036 firmiori
1235 2010 1346 2037 nostro
1368 2010 1398 2037 et
1419 2004 1523 2038 dictae
1540 2004 1630 2038 Sedis
1651 2010 1760 2048 patro-

1014 2055 1098 2089 cinio
1114 2057 1328 2098 communire,
1347 2068 1382 2090 ac
1396 2057 1473 2090 alias
1488 2057 1626 2101 desuper
1639 2068 1760 2102 oppor-

1015 2115 1090 2143 tune
1114 2110 1285 2154 providere
1306 2111 1344 2144 de
1366 2111 1564 2154 benignitate
1582 2111 1759 2156 apostolica

1014 2163 1235 2206 dignaremur.

1059 2219 1075 2260 ξ
1096 2217 1125 2250 3.
1141 2218 1214 2258 Nos,
1232 2218 1262 2250 in
1278 2228 1416 2261 quorum
1433 2218 1582 2252 manibus
1600 2218 1757 2262 praedicti
1799 2238 1875 2259 pann„
1891 2240 1957 2259 fam„

1014 2271 1202 2314 capitulum,
1224 2271 1372 2304 canonici
1391 2271 1622 2305 et‘lieneticiati
1643 2282 1679 2304 ac
1699 2272 1758 2304 cle·
1772 2264 1844 2286 ΨΜ·

1015 2324 1072 2358 rici
1086 2324 1282 2368 supradictis
1296 2335 1409 2359 eorum
1423 2325 1704 2369 praetensionibus
1718 2325 1756 2358 ad

1014 2378 1162 2412 effectum
1178 2378 1283 2412 dictae
1295 2379 1519 2413 transactionis
1530 2385 1559 2412 ct
1570 2378 1757 2412 conventio-

1013 2432 1062 2465 nis
1076 2438 1190 2476 sponte
1206 2438 1232 2465 et
1249 2433 1350 2466 libere
1366 2439 1541 2472 cesserunt,
1560 2433 1680 2477 quique
1695 2443 1758 2466 ces—

1013 2485 1136 2519 sionem
1152 2486 1338 2519 huiusmodi
1351 2487 1500 2519 duximus
1511 2486 1756 2527 admittendam,

1013 2539 1168 2583 praedicti
1191 2540 1318 2574 llenrici
1340 2541 1425 2583 regis
1445 2540 1641 2583 singularem
1657 2540 1757 2572 animi

1014 2593 1160 2627 benevoli
1183 2605 1258 2636 erga
1280 2594 1434 2628 ccclesiae
1463 2594 1686 2627 lateranensis
1706 2604 1757 2627 ca-

1014 2647 1162 2691 pitulum,
1177 2648 1350 2682 canonicos
1365 2654 1395 2681 et
1409 2647 1618 2681 beneficiatos
1629 2657 1756 2681 necnon

1014 2702 1147 2736 clericos
1166 2702 1347 2746 praedictos
1367 2702 1619 2746 propensionem
1638 2712 1673 2735 ac
1695 2702 1753 2736 de-
