2227 3241
67 210 117 236 An.
135 209 162 236 C.
187 210 252 237 1607

917 210 1035 234 PAULUS
1053 210 1072 234 V
1089 211 1139 234 ΡΡ.

269 257 416 301 quolibet
439 268 525 291 anno
551 257 582 290 in
604 257 738 300 singulis
756 257 832 291 dicti
850 257 941 300 regni
963 268 1013 290 ec-

270 310 386 352 clesiis,
404 317 562 355 quatenus
583 311 678 345 etiam
695 317 778 345 esset
798 311 829 344 in
850 321 920 352 usu,
937 321 1013 355 apo-

270 364 381 397 stolica
412 365 605 399 auctoritate
638 370 796 409 perpetuo
823 364 1011 409 approbarit

270 422 301 450 et
318 417 586 459 confirmavit‚-ac
604 418 666 451 illis
685 418 849 462 plenariae
871 423 899 451 et
919 417 1015 452 inrio-

270 471 351 505 labis
371 472 532 506 firmitatis
556 472 658 505 robur
683 472 809 513 adiecit,
837 482 1013 516 omnesque

271 525 459 568 etsingulos
478 532 541 559 tam
561 526 637 559 iuris
650 536 745 570 quam
766 526 837 559 sacti
856 526 1010 567 desectus,

270 579 295 611 si
327 579 381 623 qui
408 580 515 614 forsan
544 580 793 614 intervenissent
814 581 844 614 in
874 581 1010 622 eisdem,

271 633 450 676 supplevit;
485 639 514 667 et
545 634 758 668 nihilominus
791 640 866 668 tune
895 641 925 668 et
955 645 1014 679 pro

271 690 417 730 tempore
443 687 651 722 existentibus
676 688 825 732 syndicis,
849 689 1012 732 guberna-

273 739 398 774 toribus
434 747 465 774 et
496 741 816 775 administratoribus
846 742 1015 787 hospitalis

271 794 374 827 sancti
394 794 533 838 Remigii
554 795 754 836 huiusmodi,
775 802 810 829 ut
830 796 869 830 de
887 801 1015 830 caetero

272 847 437 891 perpetuis
465 848 580 882 suturis
613 849 815 894 temporibus
843 850 961 894 (petita
987 857 1014 883 et

272 901 403 935 obtenta
424 902 455 935 in
475 903 599 946 primis,
624 904 714 936 annis
733 904 876 945 singulis
892 915 909 937 a
930 905 1016 938 1000-

273 954 542 989 1111110111111111115
563 956 593 989 111
615 957 742 1000 scriptis
760 957 901 999 licentia,
919 969 1014 1001 quam

274 1008 331 1052 ipsi
353 1008 513 1043 Ordinarii
540 1010 673 1043 omnino
698 1011 797 1054 gratis
823 1011 899 1044 dare
921 1012 1017 1045 debe-

274 1062 357 1104 rent)
378 1063 597 1108 eleemosynas
618 1070 645 1097 et
670 1074 894 1108 quaecumque
915 1065 1018 1098 cbari-

274 1115 345 1148 tatis
362 1116 514 1157 subsidia,
531 1128 750 1162 perpersonas
768 1118 922 1151 honestae
936 1119 1017 1152 vitae

274 1169 313 1202 ad
346 1169 375 1202 id
403 1170 442 1203 ab
468 1171 544 1215 ipsis
569 1172 718 1216 syndicis,
747 1172 1018 1215 gubernatorilms

275 1228 306 1256 et
326 1224 644 1258 administratoribus
664 1237 724 1270 pro
747 1233 890 1270 tempore
918 1227 1018 1270 ‹lepu-

277 1277 387 1319 tatas¹,
413 1278 452 1311 ad
484 1289 577 1312 usum
608 1279 684 1313 dicti
717 1280 885 1324 hospitalis
917 1280 1016 1313 sancti

276 1330 411 1373 Remigii
430 1332 579 1377 illiusque
594 1344 786 1377 pauperum,
816 1334 845 1366 in
868 1334 1017 1367 universo

276 1395 376 1427 regno
393 1386 559 1430 praedicto
585 1398 621 1420 ae
641 1388 775 1430 singulis
796 1388 863 1421 eius
888 1389 1018 1432 provin—

275 1437 342 1479 ciis,
371 1439 563 1481 civitatibus,
594 1441 704 1480 terris,
733 1442 853 1483 burgis,
882 1442 962 1474 villis
989 1448 1018 1476 et

275 1491 354 1525 10015
373 1492 518 1538 perquiri
540 1499 568 1527 et
583 1494 687 1537 colligi
707 1495 821 1535 faeere,
840 1495 972 1538 illasque
987 1501 1015 1528 et

277 1546 330 1579 illa
350 1547 494 1591 recipere
516 1553 546 1580 et
569 1548 675 1581 levare
691 1548 792 1581 libere
813 1554 840 1580 et
863 1548 949 1581 licite
967 1559 1017 1581 va-

276 1599 377 1632 lerent
403 1600 459 1643 (ita
480 1606 586 1633 tamen
608 1607 640 1633 ut
663 1601 849 1634 huiusmodi
871 1601 1013 1634 eleemo—

275 1663 370 1696 synae
392 1653 423 1686 in
449 1654 524 1688 dieti
551 1654 717 1698 hospitalis
743 1665 848 1693 usum,
873 1665 908 1688 ac
935 1655 1018 1687 illius

275 1717 453 1751 pauperum
472 1709 676 1742 necessitates
693 1709 905 1742 sublevandas
926 1709 1019 1742 dum-

276 1763 657 1805 taxatconverterentur),
667 1763 857 1796 auctoritate
868 1769 895 1795 et
909 1769 1018 1796 tenore

275 1814 470 1858 praedictis,
501 1815 595 1849 etiam
622 1822 780 1860 perpetuo
806 1816 963 1849 concessit
989 1822 1016 1849 et

277 1867 425 1901 indulsit:
451 1869 628 1903 decernens
645 1870 805 1914 syndieos,
823 1869 1018 1911 gubernato-

277 1931 327 1954 res
345 1927 376 1955 et
395 1923 676 1957 administratores
701 1923 894 1968 praedictos,
924 1934 960 1957 ae
979 1924 1018 1956 ab

278 1974 322 2007 eis
336 1975 375 2008 ad
389 1976 606 2020 receptionem
628 1977 897 2010 eleemosinarum
912 1977 1020 2010 huius-

278 2029 366 2062 modi
402 2030 571 2074 deputatas
606 2041 760 2074 personas
785 2041 843 2075 per
873 2031 1019 2064 locorum

278 2081 470 2118 Ordinarios
495 2095 549 2118 seu
576 2095 688 2118 eorum
715 2085 851 2118 vicarios
877 2086 907 2118 in
926 2085 1020 2129 spiri-

279 2137 417 2171 tualibus
442 2139 607 2181 generales
629 2144 683 2172 aut
703 2139 867 2179 officiales,
896 2149 1021 2172 necnon

280 2190 418 2225 fabricae
444 2192 593 2226 basilicae
615 2193 773 2237 Principis
792 2194 1020 2237 Apostolorum

280 2245 319 2278 de
345 2245 440 2285 Urbe,
470 2251 501 2279 et,
524 2247 688 2280 Cruciatae
706 2247 851 2287 Sanctae,
871 2258 907 2280 ac.
932 2247 1023 2280 Ordi-

280 2299 328 2332 nis
353 2300 464 2333 beatae
485 2301 600 2334 Mariae
621 2301 866 2345 Redemptionis
883 2301 1024 2345 Captivo-

281 2363 351 2386 rum
383 2354 575 2398 deputatos,
605 2355 651 2388 vel
686 2365 909 2398 quoscumque
944 2354 1023 2387 alios

282 2408 393 2451 quavis
419 2409 608 2442 auctoritate
635 2410 815 2451 fungentes,
845 2408 1020 2447 molestari,

281 2461 464 2504 perturbari
490 2462 538 2495 vel
562 2461 734 2506 inquietari
756 2471 819 2494 non
839 2472 944 2505 posse;
965 2461 1023 2494 510-

282 2525 345 2558 que
369 2526 426 2559 per
450 2526 672 2560 quoscumque
693 2515 815 2548 iudices
842 2514 1024 2548 ordinarios

320 2588 331 2613 1
355 2586 475 2614 Erronee
496 2590 521 2614 et
538 2591 632 2614 contra
656 2587 786 2622 syntaxim
807 2587 872 2614 edit.
891 2585 968 2612 Main.
987 2586 1022 2612 le-

283 2630 321 2665 git
336 2631 478 2666 deputatis
496 2633 531 2666 (n.
553 2632 602 2666 1.).

1046 258 1093 290 vel
1120 258 1283 300 delegatos
1313 264 1369 291 aut
1401 257 1663 299 commissarios,
1692 258 1788 290 etiam

1049 322 1217 344 causarum
1235 312 1347 345 Palatii
1369 312 1542 357 Apostolici
1570 311 1734 345 auditores
1754 322 1790 345 ac

1047 365 1076 399 S.
1098 366 1133 398 R.
1155 366 1188 398 E.
1214 366 1403 406 cardinales,
1422 366 1517 400 etiam
1541 367 1579 400 de
1593 366 1691 399 latere
1709 366 1792 409 lega-

1048 424 1095 452 tos
1117 419 1254 458 (sublata
1274 420 1318 453 eis
1337 426 1367 453 01
1388 431 1501 454 00111111
1525 420 1658 453 cuilibet
1678 420 1790 464 quavis

1048 470 1141 502 aliter
1156 470 1318 504 iudicandi
1340 477 1370 504 et
1390 471 1621 516 interpretandi
1641 472 1792 505 facultate

1048 529 1077 557 et
1092 524 1309 568 auctoritate),
1323 525 1458 558 iudicari
1474 533 1503 558 et
1518 526 1646 558 deliniri
1661 525 1789 565 debere;

1048 588 1084 611 ac
1104 577 1231 611 irritum
1254 584 1284 611 et
1300 578 1406 619 inane,
1428 579 1453 611 si
1475 589 1565 612 secus
1585 589 1682 623 super
1706 578 1755 611 1115
1776 588 1793 610 11

1049 642 1225 676 quoquam,
1243 632 1353 676 quavis
1367 633 1570 673 auctoritate,
1591 633 1731 666 scienter
1745 632 1793 665 rel

1049 685 1247 728 ignoranter,
1277 686 1477 729 contingeret
1501 686 1668 720 attentari:
1696 691 1794 730 prout

1050 737 1081 770 in
1096 737 1194 782 ipsius
1208 738 1378 772 Clementis
1392 739 1456 772 VIII
1471 739 1596 779 litteris,
1608 739 1667 772 sub
1681 739 1792 772 datum

1049 792 1143 825 nonis
1158 791 1232 824 maii
1250 792 1458 836 pontificatus
1471 792 1519 825 sui
1539 802 1623 825 anno
1638 802 1705 833 vui,
1726 791 1793 836 ple-

1050 846 1122 879 nius
1143 845 1357 879 continetur¹.
1642 851 1643 854 ’

1096 902 1111 942 ξ
1132 900 1161 933 Ξὶ.
1186 900 1261 934 Cum
1277 905 1395 940 autem,
1417 910 1498 944 quae
1516 900 1644 944 saepius
1665 906 1793 944 aposto-

1051 954 1129 987 lieae
1151 954 1407 988 confirmationis
1433 954 1551 987 robore
1579 954 1790 994 muniuntur,

1051 1008 1238 1041 validiorem
1259 1008 1426 1041 obtineant
1448 1007 1644 1048 firmitatem,
1662 1018 1698 1041 ae
1718 1018 1793 1051 pro-

1051 1068 1161 1105 pterea
1181 1062 1275 1106 (sicut
1296 1061 1388 1094 nobis
1405 1072 1509 1105 nuper
1523 1061 1627 1095 dietus
1640 1061 1796 1094 Ilenricus

1053 1125 1117 1155 rex,
1143 1122 1206 1148 tam
1228 1126 1286 1149 suo
1314 1125 1409 1159 quam
1437 1115 1630 1148 dilectorum
1654 1114 1795 1148 11110111111

1053 1170 1284 1203 modernorum
1300 1169 1519 1213 syndicorum,
1541 1169 1795 1212 gubernatorum

1052 1223 1391 1256 etadministratorum
1407 1222 1483 1256 dicti
1502 1222 1670 1266 hospitalis
1690 1221 1796 1255 nomi-

1052 1277 1146 1310 nibus
1167 1277 1282 1321 exponi
1305 1277 1390 1319 lecit)
1413 1276 1471 1321 ipsi
1494 1277 1626 1321 cupiant
1645 1276 1798 1321 praemis-

1051 1331 1093 1364 sis
1110 1337 1238 1364 nostrae
1260 1341 1391 1375 1111011110
1412 1331 1610 1375 apostolicae
1628 1330 1796 1364 confirma-

1053 1385 1146 1418 tionis
1171 1383 1273 1418 robur
1297 1385 1471 1424 aecedere;
1496 1384 1673 1428 nobisque⁵Z
1694 1384 1798 1417 nomi-

1052 1438 1147 1471 nibus
1167 1438 1362 1482 supradictis
1388 1437 1556 1471 1111111111101
1581 1438 1796 1481 supplicatum

1052 1493 1121 1530 fuit,
1138 1498 1169 1525 ut
1187 1493 1216 1524 in
1232 1492 1417 1535 praemissis
1432 1497 1612 1536 opportune
1628 1492 1797 1535 providere

1052 1546 1090 1579 de
1109 1546 1305 1588 benignitate
1323 1546 1499 1589 apostolica
1522 1545 1749 1588 dignaremur;

1097 1602 1113 1643 g
1135 1599 1164 1633 53.
1190 1600 1252 1633 Nos
1279 1599 1376 1641 igitur
1401 1598 1479 1643 pro³
1501 1599 1644 1632 eiusdem
1666 1599 1794 1632 Henriei

1053 1653 1137 1696 regis
1166 1653 1328 1687 desiderio
1356 1653 1495 1696 benigne
1526 1657 1722 1692 annuentes,
1760 1663 1796 1686 ae

1053 1707 1128 1740 dieti
1151 1707 1317 1750 hospitalis
1336 1706 1527 1747 commodis,
1548 1711 1704 1750 quantum
1723 1716 1796 1739 cum

1053 1761 1189 1794 Domino
1210 1770 1394 1804 possumus,
1419 1760 1600 1800 consulere,
1630 1759 1797 1804 dictosque

1055 1815 1139 1847 illius
1160 1814 1319 1859 syndicos,
1344 1814 1579 1856 gubernatores
1604 1819 1633 1846 et
1654 1813 1795 1846 admini-

1687 199 1752 233 403
1797 210 1847 236 An.
1868 208 1898 236 c.
1921 208 1988 235 1607

1828 911 1941 933 Praedicta
1953 912 1995 938 prt-

1810 939 1887 965 riti-gia
1920 939 1993 959 consu·-

1810 966 1861 986 mari
1877 966 1930 991 petit
1941 965 1994 986 Hon-

1810 994 1866 1013 rit-u·
1882 992 1907 1013 tv
1924 997 1966 1013 rex,

1811 1606 1938 1654 ¹Confirmat
1946 1606 1999 1628 Pau-

1819 1639 1849 1654 us.

1054 1874 1217 1908 stratores,
1239 1868 1293 1911 qui
1315 1873 1348 1901 ut
1367 1867 1561 1912 accepimus,
1579 1878 1614 1900 ex
1635 1866 1812 1911 primariis·

1055 1922 1177 1956 civibus
1199 1921 1333 1955 civitatis
1352 1928 1381 1954 et
1401 1921 1592 1965 parlamenti
1612 1920 1800 1954 Parisiensis

1055 1977 1204 2016 existunt,
1228 1975 1611 2019 specialibus„savoi‘ibus
1632 1980 1663 2008 et
1691 1974 1800 2017 gratiis

1056 2030 1207 2074 prosequi
1226 2030 1378 2069 volentes,
1404 2034 1435 2063 et
1456 2039 1567 2062 eorum
1590 2029 1769 2073 quemlibet
1783 2039 1800 2061 a

1057 2084 1221 2128 quibusvis
1243 2082 1597 2125 excommunicationis,
1617 2082 1800 2126 suspensio-

1057 2139 1104 2171 nis
1130 2144 1159 2171 et
1192 2137 1375 2177 interdicti,
1407 2137 1543 2181 aliisque
1576 2136 1800 2170 ecclesiasticis

1057 2193 1222 2232 sententis,
1241 2191 1383 2225 censuris
1397 2197 1427 2225 et
1440 2191 1564 2236 poenis,
1584 2202 1601 2223 a
1616 2190 1684 2223 iure
1699 2190 1745 2222 vel
1761 2189 1799 2222 ab

1058 2247 1199 2287 bomine,
1217 2246 1327 2290 quavis
1346 2246 1514 2279 occasione
1533 2245 1578 2278 rel
1599 2246 1693 2277 rausa
1714 2243 1796 2281 latis,

1057 2301 1080 2333 si
1103 2301 1219 2344 quibus
1240 2299 1485 2344 quomodolibet
1501 2298 1671 2331 innodatus
1686 2296 1800 2337 existit,

1058 2355 1096 2388 atl
1119 2354 1266 2388 effectum
1291 2353 1510 2398 praesentium
1538 2352 1703 2385 dumtaxat
1723 2360 1799 2383 con-

1096 2453 1104 2478 1
1129 2450 1193 2478 Vide
1214 2450 1325 2477 Constit.
1350 2457 1431 2485 supra
1447 2448 1556 2475 citatam
1573 2446 1608 2480 (n.
1627 2445 1678 2479 T.').

1093 2496 1109 2522 ⁰2
1129 2495 1222 2530 ,11111115
1242 2495 1378 2530 legeretur
1394 2494 1475 2520 nobis
1490 2496 1535 2520 aut
1552 2495 1643 2528 postea
1654 2491 1799 2526 legendum

1058 2540 1249 2575 supplicatum
1265 2539 1356 2573 suerit
1369 2539 1410 2572 (11.
1431 2538 1480 2572 1.).

1095 2584 1109 2610 3
1130 2585 1176 2611 Vix
1196 2584 1320 2611 dubitare
1341 2590 1448 2618 possum
1465 2582 1527 2617 quin
1544 2581 1688 2617 legendum
1704 2581 1737 2608 sit
1750 2582 1800 2616 pio

1059 2629 1184 2657 eiusdem
1208 2629 1324 2656 1101111οί
1340 2628 1413 2663 reglis
1434 2626 1578 2654 desiderio
1593 2626 1631 2660 (n.
1649 2626 1696 2661 1.).
