2227 3241
206 276 251 300 An.
270 274 299 301 C.
319 274 385 302 1609

262 1934 382 1955 Declaratio

200 1962 255 1988 qnod
266 1962 319 1983 haec
335 1967 383 1982 con-

199 1989 280 2009 stitutio
313 1991 383 2009 exten-

199 2016 261 2035 datur
276 2016 301 2036 ad
317 2016 383 2035 indul·

199 2044 220 2062 ta
244 2042 270 2063 de
298 2044 383 2062 caetero

199 2069 344 2090 concedenda.

432 264 494 299 588

968 274 1062 298 Bl'LLA
1068 274 1146 298 ntUM
1171 274 1251 298 ROMA
1257 275 1322 299 NUM

403 323 480 363 hac,
511 328 572 355 tam
600 322 684 365 apud
712 322 857 355 eam-dem
886 322 1019 362 Sedem,
1044 332 1139 366 quam
1157 336 1159 342 ·
1176 322 1315 362 debeat3
1348 332 1525 366 omnesque
1559 323 1683 357 litterae
1718 323 1910 368 apostolicae

403 382 489 409 extra
506 376 682 409 Romanam
700 375 826 409 Curiam
845 375 999 415 vacantia,
1016 375 1140 408 etiamsi

402 429 440 461 ad
473 428 607 461 alisuius
636 428 767 461 alterins
799 428 970 461 cardinalis
997 428 1140 461 collatio-

401 492 474 514 nem
500 482 546 514 vel
580 481 673 514 aliam
705 481 946 525 dispositionem
980 481 1140 525 pertinere

402 534 566 575 deberent,
584 534 708 567 etiamsi
726 540 799 568 tunc
818 541 941 569 cessent
962 535 1041 568 aliae
1063 545 1138 579 apo-

401 587 533 621 stolicae
567 587 799 621 reservationes
830 588 984 622 hactenus
1009 588 1136 629 editae,

400 641 611 675 nihilominus
625 642 834 686 imposterum
851 643 1051 687 dispositioni
1066 643 1140 677 San-

401 694 526 729 ctitatis¹
545 706 620 730 suae
638 702 798 730 reservata
816 703 1016 740 censeantur,
1038 698 1080 732 ita
1104 706 1140 733 ut

401 748 432 781 in
453 749 690 793 provisionibus
707 750 817 783 talium
838 750 1069 785 beneficiorum
1088 763 1138 786 su-

399 812 458 845 per
478 803 735 847 expeditionibus
755 804 932 838 litterarum
959 805 1043 838 illins
1064 816 1139 839 car-

401 855 537 897 dinalis,
561 857 654 890 cuius
679 863 752 891 tunc
780 859 945 892 familiaris
971 859 1139 893 defunctus

401 909 521 950 extitit,
549 910 574 943 si
601 910 666 954 ipse
688 911 859 945 cardinalis
889 918 964 945 tunc
988 923 1139 956 praesens

400 962 432 994 in
451 963 561 996 eadem
577 963 669 998 Curia
687 965 793 1005 suerit,
815 975 988 999 consensus
1006 966 1138 999 omnino

400 1016 520 1060 requiri
542 1017 665 1058 debeat,
689 1028 753 1051 non
776 1025 883 1052 autem
904 1019 1061 1053 beneficia
1081 1019 1139 1052 hu-

400 1069 538 1104 iusmodi
564 1072 672 1116 (etiam
699 1073 811 1106 eodem
834 1074 996 1107 cardinale
1015 1074 1054 1106 ab
1071 1074 1139 1117 ipsa

399 1123 492 1157 Curia
509 1125 638 1159 absente
652 1137 708 1159 seu
725 1127 968 1170 praedefuncto,
986 1127 1033 1160 vel
1051 1128 1137 1170 alias,

400 1177 547 1212 conferre
579 1179 759 1223 impedito)
788 1181 826 1213 ad
852 1181 1056 1214 collationem
1082 1191 1138 1214 seu

400 1231 544 1274 quamvis
569 1232 663 1264 aliam
698 1233 939 1277 dispositionem
968 1234 1138 1267 cardinalis

399 1284 552 1317 ordinarii
571 1286 732 1319 collatoris
751 1287 815 1319 ullo
834 1287 931 1320 modo
947 1287 1138 1331 pertineant,

399 1347 503 1381 neque
529 1338 670 1372 eiusdem
694 1340 865 1373 cardinalis
890 1341 1045 1374 ordinarii
1067 1341 1138 1374 col-

399 1390 519 1433 latoris,
544 1392 637 1425 etiam
665 1393 697 1426 in
722 1393 805 1426 dicta
827 1393 920 1427 Curia
942 1400 1017 1427 tunc
1047 1405 1138 1438 prae-

397 1445 512 1485 sentis,
540 1454 715 1479 consensus
740 1447 972 1490 quoquomodo
994 1447 1137 1491 requira-

397 1503 459 1530 tur.
480 1498 680 1543 Eaedemque
701 1500 945 1534 constitutiones
963 1507 992 1534 et
1011 1502 1137 1544 regulas

396 1550 619 1594 Cancellariae‚
648 1554 743 1586 etiarn
774 1554 1012 1595 declaratorias,
1040 1565 1138 1599 super

396 1604 562 1638 beneficiis
582 1606 788 1640 familiarium
807 1608 1047 1651 praedictorum
1068 1619 1136 1641 car-

396 1658 552 1692 dinalium
574 1660 675 1694 editas
700 1666 731 1694 et
755 1661 913 1701 edendas,
943 1667 1006 1694 tam
1029 1662 1135 1705 quoad

396 1712 575 1746 cardinales
601 1713 724 1747 indulta
749 1714 934 1748 huiusmodi
960 1714 1132 1755 habentes,

396 1775 492 1809 quam
514 1776 578 1798 non
599 1766 763 1808 habentes,
786 1774 881 1812 atque
906 1768 986 1801 adeo
1012 1768 1135 1802 indulta

396 1817 485 1861 ipsa,
520 1819 559 1852 ad
590 1819 745 1853 terminos
777 1821 954 1864 praesentis
980 1822 1134 1854 constitu-

397 1871 492 1905 tionis
514 1873 640 1906 reduxit
665 1879 694 1906 ct
719 1874 904 1907 moderatus
930 1874 998 1907 suit.

443 1927 459 1967 ἓ
477 1925 507 1958 ⁶2.
531 1926 664 1970 Insuper
681 1927 788 1960 statuit
806 1933 836 1961 et
853 1928 1024 1968 ordinavit,
1049 1927 1136 1971 quod

399 1978 431 2011 in
452 1979 710 2024 quibuscumque
728 1981 933 2014 facultatibus
947 1987 977 2014 et
991 1981 1132 2021 indultis,

399 2043 480 2076 quae
494 2033 644 2077 deinceps
664 2034 797 2076 singulis
818 2035 1033 2068 cardinalibus
1050 2046 1138 2079 prae-

399 2086 481 2127 fatis,
504 2087 727 2130 praesentibus
747 2093 777 2121 et
803 2088 927 2129 futuris,
951 2099 1048 2132 super
1071 2089 1134 2122 liu-

399 2140 538 2174 iusmodi
569 2141 802 2175 beneficiorum
826 2170 833 2184 ,
868 2148 904 2176 ut
932 2144 1133 2187 praefertur,

398 2195 578 2228 vacantium
605 2201 636 2229 et
659 2202 884 2230 vacaturorum
911 2197 1133 2241 dispositione,

398 2253 452 2281 aut
472 2249 511 2282 de
532 2258 690 2282 consensu
710 2249 852 2293 ipsorum
872 2250 1082 2283 cardinalium
1105 2250 1136 2283 in

398 2302 636 2345 provisionibus
675 2304 862 2336 eorumdem
902 2304 1135 2337 beneficiorum

398 2355 615 2399 requirendo,
651 2367 709 2399 per
739 2356 946 2390 Sanctitatem
984 2367 1073 2390 suam
1107 2362 1138 2390 et

398 2418 619 2453 quoscumque
628 2409 707 2443 alios
718 2410 880 2443 Romanos
890 2410 1060 2444 Pontifices
1071 2421 1138 2444 suc-

399 2472 540 2496 cessores
554 2474 628 2497 suos
645 2463 830 2507 dictamque
850 2463 963 2496 Sedem
983 2474 1042 2508 pro
1058 2469 1137 2497 tem-

398 2525 476 2560 pore
498 2517 726 2559 concedentur,
741 2517 856 2562 eadent
874 2527 1026 2560 praesens
1054 2527 1132 2550 con-

397 2568 542 2603 εῑίωῑίο9
567 2569 606 2603 ad
641 2579 782 2612 unguem
809 2569 942 2603 omnino
973 2569 1135 2603 observari

436 2641 445 2666 t
470 2640 539 2668 Edit.
561 2641 642 2668 Main.
665 2641 729 2676 legit
749 2640 908 2670 sanctitati
923 2641 962 2675 (n.
980 2642 1027 2674 τ,).

434 2685 450 2712 2
463 2686 699 2715 E‹t.1ttain.t=abot
715 2688 852 2715 cadem...
869 2687 1056 2716 con-<litatum
1069 2687 1137 2721 (ΒΧ)

1175 375 1312 419 desuper
1344 376 1420 419 (tam
1452 386 1509 420 per
1532 376 1760 410 Cancellariam
1783 377 1910 421 praefa-

1174 434 1235 461 tam
1253 456 1260 469 ,
1291 439 1387 472 quam
1413 428 1579 462 Cameram
1608 429 1822 479 Apostolicam
1839 457 1846 470 ,
1873 441 1910 464 ac

1173 481 1267 515 etiam
1287 482 1335 515 via
1357 484 1490 523 secreta,
1507 483 1566 516 sub
1586 483 1705 516 annulo
1725 482 1906 525 piscatoris,

1172 536 1292 579 absque
1313 535 1558 570 limitationihus
1583 542 1614 570 et
1635 536 1910 570 moderationibus

1155 571 1366 633 'praedictis,
1395 600 1431 623 ac
1456 589 1555 631 alias,
1584 595 1713 634 praeter
1741 596 1773 625 et
1798 596 1910 625 contra

1172 644 1307 677 sormam
1322 649 1417 688 atque
1436 649 1580 677 tenorem
1598 644 1776 688 praesentis
1793 645 1911 679 consti-

1174 697 1303 731 tutionis
1323 697 1518 737 huiusmodi‚
1537 697 1631 730 etiam
1651 703 1752 739 motu,
1768 692 1911 740 scientia,

1173 757 1204 785 et
1227 752 1392 796 potestatis
1417 751 1618 796 plenitudine
1643 752 1785 796 paribus,
1814 752 1910 786 etiam

1173 816 1244 839 cum
1262 805 1479 849 praesentium
1502 805 1631 850 speciali
1645 810 1676 839 et
1693 808 1839 850 expressa
1857 806 1911 839 de-

1173 858 1349 901 rogatione,
1363 869 1422 903 pro
1437 864 1582 903 tempore
1600 859 1778 903 expeditae)
1793 859 1910 892 nullius

1173 912 1235 945 sint
1255 912 1382 945 roboris
1413 912 1458 945 vel
1489 912 1667 954 momenti,
1691 922 1750 945 nec
1770 912 1908 956 cuipiam

1172 965 1398 1008 suffragentur.

1217 1020 1233 1061 ξ
1255 1018 1284 1052 3,
1305 1019 1485 1053 Decernens
1509 1019 1554 1053 sic
1579 1019 1610 1052 in
1636 1019 1683 1060 iis,
1713 1019 1910 1063 caeterisque

1173 1073 1323 1106 omnihus
1348 1073 1531 1117 praemissis
1546 1101 1553 1114 ,
1586 1083 1645 1117 per
1669 1083 1908 1117 quoscumque,

1927 275 1974 302 An.
1992 273 2022 302 C.
2042 273 2109 302 1609

1965 1016 2062 1037 Clausala
2076 1022 2109 1038 su-

1926 1043 1986 1068 ΙιΙιιιᾱ,
2003 1047 2043 1064 etc.

1173 1126 1268 1159 etiam
1296 1136 1464 1161 causarum
1491 1125 1601 1160 Palatii
1627 1125 1802 1170 Apostolici
1822 1125 1912 1159 audi·
1933 1144 1936 1147 -

1174 1185 1269 1220 tores,
1293 1190 1329 1213 ac
1349 1180 1444 1213 etiam
1467 1180 1552 1224 ipsos
1572 1179 1751 1213 cardinales
1775 1179 1913 1223 (sublata

1173 1233 1217 1267 eis
1232 1235 1343 1277 quavis
1360 1234 1451 1268 aliter
1469 1233 1630 1267 iudicandi
1648 1239 1743 1277 atque
1761 1233 1913 1278 interpre-

1174 1288 1259 1321 tandi
1289 1288 1437 1321 facultate
1469 1293 1499 1321 et
1530 1288 1744 1332 auctoritate>
1776 1287 1911 1322 iudicari

1172 1346 1223 1373 aut
1255 1341 1383 1374 definiri
1414 1341 1551 1381 debere,
1575 1351 1699 1374 necnon
1732 1340 1858 1374 irritum
1881 1346 1912 1374 et

1173 1394 1276 1434 inane,
1294 1394 1451 1438 quidquid
1466 1405 1557 1427 secus
1571 1405 1668 1438 super
1681 1395 1730 1428 his
1747 1405 1804 1439 per
1817 1404 1913 1439 quos-

1172 1457 1332 1491 cumque,
1365 1447 1459 1480 etiam
1493 1453 1658 1491 praetextu
1686 1447 1907 1488 indultorum,

1172 1501 1355 1533 facultatum
1378 1506 1408 1534 et
1432 1501 1675 1535 concessionum
1703 1500 1907 1541 huiusmodi,

1171 1554 1308 1588 scienter
1327 1555 1376 1588 vel
1400 1555 1595 1597 ignoranter,
1620 1555 1789 1597 contigerit
1808 1560 1910 1588 atten-

1172 1608 1240 1641 tari.

1215 1662 1231 1702 g
1252 1660 1282 1693 li.
1307 1661 1431 1694 Statuto
1452 1667 1483 1694 et
1500 1661 1715 1701 ordinatione,
1736 1661 1865 1695 decreto
1879 1666 1910 1694 et

1171 1715 1386 1748 declaratione
1399 1715 1481 1749 Suae
1495 1715 1675 1749 Sanctitatis
1689 1716 1720 1748 in
1735 1716 1908 1749 crastinum

1171 1768 1238 1801 eius
1262 1769 1491 1812 assumptionis
1516 1769 1555 1802 ad
1576 1768 1692 1802 summi
1713 1769 1910 1813 apostolatus

1170 1821 1292 1865 apicem
1315 1822 1417 1862 editis,
1439 1823 1526 1866 quod
1543 1823 1723 1856 cardinales
1744 1822 1776 1855 in
1797 1822 1911 1856 consti-

1172 1875 1349 1909 tutionibus
1369 1881 1399 1908 et
1416 1876 1534 1918 regulis
1554 1886 1612 1919 per
1632 1886 1702 1909 eam
1727 1880 1801 1920 post
1820 1875 1909 1920 prio-

1171 1940 1240 1961 rum
1256 1940 1386 1962 suarum
1405 1929 1668 1963 constitutionum
1684 1929 1908 1971 etregularum

1171 1983 1344 2016 editionem
1370 1988 1400 2016 et,
1420 1982 1671 2026 publicationem
1699 1982 1910 2026 imposterum

1171 2036 1323 2070 faciendis
1347 2046 1412 2069 non
1437 2036 1644 2069 includantur
1662 2035 1736 2079 (nisi
1756 2035 1829 2069 illae
1850 2045 1907 2068 eo-

1171 2091 1316 2124 rumdem
1337 2089 1549 2123 cardinalium
1564 2090 1703 2123 savorem
1714 2093 1910 2123 concernant

1171 2145 1218 2177 vel
1237 2144 1322 2188 ipsae
1343 2144 1486 2177 edendae
1507 2143 1752 2177 constitutiones
1773 2143 1812 2177 de
1833 2142 1907 2189 illo-

1172 2208 1243 2231 rum
1263 2208 1319 2231 seu
1346 2197 1475 2230 maioris
1504 2197 1603 2241 partis
1630 2206 1742 2230 eorum
1773 2195 1909 2229 consilio

1171 2251 1276 2284 editae
1297 2251 1506 2293 suerint.),nec
1518 2261 1583 2284 non
1605 2249 1776 2294 praedictis
1790 2255 1821 2282 et
1841 2248 1911 2293 qui-

1171 2305 1370 2348 buscumque
1388 2304 1458 2341 aliis
1475 2304 1605 2346 regulis,
1627 2301 1910 2336 constitutionibus

1172 2363 1202 2391 et
1219 2357 1477 2391 ordinationibus
1498 2355 1692 2400 apostolicis,
1714 2354 1910 2398 caeterisque

1172 2411 1340 2445 contrariis
1358 2410 1618 2455 quibuscumque
1634 2418 1837 2454 nequaquam
1853 2407 1910 2441 ob-

1171 2465 1337 2499 stantibus.
1618 2474 1619 2477 ’

1324 2517 1437 2551 Placet
1460 2522 1551 2550 motu
1571 2516 1705 2561 proprio
1726 2514 1911 2559 publicetur

1369 2576 1398 2604 et
1423 2571 1626 2604 describatur
1647 2570 1678 2604 C.

1937 1655 2051 1686 Dei-ogatio
2061 1660 2110 1676 con·

1924 1685 2043 1704 tranei-um.
