2227 3241
266 301 315 329 An,
334 302 362 328 u,
383 301 451 329 1604
497 291 561 325 lUS
1045 298 1218 323 arithinum
1245 299 1392 323 nonturiu
1991 299 2040 326 An.
2055 299 2083 327 C.
2103 292 2172 328 ‘1606
2224 290 2227 320 j

264 363 450 409 ,}'⁰⁰¹¹,³³,‘'¹³⁸‘'¹¹·
513 350 527 393 ‘g'
547 349 577 382 3.
602 349 703 392 Atque
718 347 748 380 in
766 347 882 380 virtute
899 352 1026 380 sanetae
1044 347 1180 380 obedien
1192 367 1199 371 -
1237 347 1329 381 candi
1348 353 1378 380 et
1396 346 1627 390 interpretandi
1650 347 1797 380 facultate
1815 352 1845 380 et
1864 353 1974 381 aucto-

274 395 320 410 lsslS
331 398 335 409 t
347 396 363 409 tt·
376 395 398 409 OS
406 396 450 410 {UD-

264 417 347 437 ium-ies
367 416 447 442 lainga.
467 403 538 443 tiae,
556 412 592 435 ac
609 401 666 434 sub
682 400 1022 434 excommunicationis
1038 400 1119 434 latae
1132 411 1201 433 sen·
1238 401 1344 443 ritate)
1367 400 1502 433 iudicari
1524 405 1554 433 et
1579 399 1706 433 definiri
1724 400 1853 442 debere,
1876 410 1912 434 ac
1933 401 1975 434 ir-
2199 410 2201 413 ¹
2226 417 2227 432 l

288 1423 406 1453 Blestiones
418 1425 448 1446 tli-

264 1452 308 1470 etas
323 1454 400 1474 irritat.

295 2492 403 2512 Clausulas
415 2498 451 2519 ³¹1¹·

268 2521 333 2544 [nunt.

466 456 582 489 tentiae
607 456 727 498 poena,
751 454 901 487 omnibus
926 454 1001 487 dicti
1022 454 1149 488 Ordinis
1173 460 1203 487 ct

464 509 725 551 Congrcgationis
746 508 896 541 fratribus
917 507 1202 552 superioribusque

464 568 494 595 et
516 561 678 605 praelatis,
699 571 906 605 quocumque
927 561 1017 594 titulo
1037 571 1203 605 nuncupa-

465 615 523 654 tis,
551 615 646 647 ctiam
672 614 773 658 priori
795 614 958 657 generali,
981 614 1202 658 praesentibus

464 674 494 701 et
514 668 638 709 suturis,
656 668 872 712 praecipimus
886 668 1092 712 districteque
1111 678 1201 701 inan-

464 721 587 762 danius,
611 731 651 754 ne
672 721 857 765 quempiam
877 722 943 755 ullo
966 727 1110 765 tempore
1130 732 1202 765 pre-

464 775 566 815 cibus,
588 775 702 809 litteris
726 776 773 809 vel
795 776 956 810 favoribus
981 776 1122 817 adducti,
1154 777 1201 809 vel

463 829 541 862 alias
561 830 601 862 ad
627 830 828 871 instantiam,
856 841 912 864 seu
938 830 1199 874 requisitionem,

464 884 511 916 vel
526 883 832 927 contemplationem
845 884 1097 928 principum,vel
1113 894 1203 927 prae-

463 936 614 978 latorum,
625 943 678 970 aut
690 937 826 971 aliorum
839 947 1129 981 quorumcumque,
1139 943 1201 970 tam

463 990 791 1035 saecularium,quam
806 992 1107 1031 ecclesiasticorum,
1118 997 1203 1025 extra

464 1042 586 1076 dictum
606 1044 764 1086 gremium
783 1044 999 1085 existentium,
1021 1044 1115 1078 etiam
1135 1055 1203 1077 car-

464 1097 637 1139 dinalium,
661 1097 883 1142 imperatoris,
906 1108 1037 1141 regum,
1062 1098 1200 1138 dueum,

464 1150 504 1183 ad
524 1150 662 1184 cuiusvis
687 1151 812 1193 generis
837 1151 1048 1195 praelaturas,
1072 1151 1200 1194 gradus,

463 1202 603 1237 honores
618 1231 626 1245 ,
661 1203 853 1246 dignitates,
886 1204 1199 1245 administrationes,

463 1256 652 1291 functiones·
672 1263 703 1291 et
729 1258 834 1292 officia
859 1258 1043 1303 praedictae
1063 1258 1202 1299 Congre-

463 1310 600 1352 gationis
628 1321 831 1355 promovere,
858 1312 906 1345 vel
932 1322 1052 1356 poenas
1080 1311 1203 1355 aliquas

463 1363 629 1398 remittere
645 1365 785 1398 audeant
803 1365 852 1398 vel
872 1370 1090 1409 praesumant.

508 1418 524 1459 ξ
545 1417 576 1450 ll.
600 1418 812 1452 Decernentes
832 1418 1005 1452 electiones
1023 1424 1053 1452 et
1072 1428 1204 1462 promo-

465 1469 567 1503 tiones
587 1471 628 1503 ad
646 1471 853 1513 monasteria,
876 1482 933 1505 seu
957 1472 1131 1515 prioratus,
1155 1473 1201 1505 vel

464 1523 567 1557 officia
603 1525 679 1558 dicti
710 1525 838 1559 Ordinis
874 1531 906 1559 et
937 1525 1203 1569 Congregationis

464 1582 574 1610 contra
594 1578 811 1621 praesentium
837 1578 1091 1623 dispositionem,
1115 1580 1203 1623 quod

464 1631 555 1671 absit,
588 1633 860 1677 quandocumque
888 1633 1060 1675 faciendas,
1089 1639 1119 1667 et
1143 1644 1202 1677 pro

465 1689 610 1728 tempore
631 1685 789 1726 obtentas,
813 1686 917 1719 nullas
936 1697 1069 1730 prorsus
1090 1686 1202 1719 invali-

465 1737 586 1781 dasque
612 1738 681 1772 fore
709 1744 741 1772 ct
769 1749 858 1781 esse,
890 1740 1052 1783 nullisque
1083 1740 1203 1773 viribus

463 1790 656 1832 subsistere,
673 1802 709 1825 ac
722 1802 834 1826 omnes
848 1798 879 1826 et
892 1793 1046 1835 singulos,
1064 1793 1095 1825 in
1113 1804 1203 1837 prae-

465 1843 570 1877 missis
588 1844 822 1889 delinquentes,
838 1846 928 1879 nulla
945 1846 1007 1879 alia
1027 1847 1204 1880 monitione

464 1897 688 1940 praecedente,
708 1903 739 1932 et
756 1899 877 1943 absque
896 1909 1050 1943 processu
1067 1900 1204 1943 desuper

464 1949 626 1995 habendo,
653 1952 828 1986 sententias
854 1958 884 1986 et
906 1963 1027 1996 poenas
1043 1953 1202 1997 praeniis—

465 2014 514 2037 sas
535 2003 800 2040 irremissibiliter
820 2016 857 2040 eo
883 2006 952 2050 ipso
974 2006 1151 2048 incurrere,
1175 2011 1206 2040 et

465 2058 506 2091 ad
530 2057 600 2092 illas
625 2059 801 2093 sententias
822 2065 853 2093 et
876 2070 998 2104 poenas
1015 2060 1206 2104 praemissas

466 2111 694 2147 damnabiliter
707 2113 881 2147 incurrisse
905 2113 1047 2157 legitime
1067 2115 1206 2158 proban-

466 2166 592 2208 dum,et
605 2167 737 2200 omnino
750 2167 1106 2210 convincendum,solas
1115 2179 1134 2212 p
1141 2178 1207 2202 rae-

468 2219 637 2253 missarum
662 2230 874 2264 personarum
896 2221 1073 2262 instantias,
1096 2231 1206 2265 preces

468 2278 498 2307 et
514 2274 647 2316 favores,
665 2274 761 2308 etiarn
779 2280 931 2308 oretenus
948 2280 1124 2319 porrectas,
1141 2275 1205 2319 ple-

467 2338 553 2369 nam,
573 2327 741 2362 indubiam
759 2335 789 2362 et
806 2328 1017 2362 sufficientem
1036 2329 1067 2362 in
1086 2328 1206 2362 iudicio

468 2387 498 2414 et
518 2387 607 2416 extra
630 2381 727 2416 fidem
748 2383 865 2422 facere,
892 2393 951 2416 nec
972 2383 1011 2416 ad
1032 2383 1063 2416 id
1083 2383 1203 2426 proba-

469 2435 565 2469 tionis
582 2435 713 2469 alterius
733 2436 967 2469 adminiculum
988 2435 1128 2480 requiri,

513 2490 529 2530 g
550 2487 580 2521 5.
601 2488 638 2522 Et
658 2488 702 2522 ita
721 2499 780 2533 per
797 2499 1021 2533 quoscumque
1039 2489 1160 2523 iudices
1178 2495 1208 2523 et

468 2542 717 2584 commissarios,
739 2543 849 2587 quavis
866 2542 1057 2577 auctoritate
1074 2544 1208 2585 fungen-

470 2601 534 2636 tes,
563 2596 659 2629 etiam
690 2607 859 2630 causarum
891 2596 1004 2629 Palatii
1031 2596 1206 2639 Apostolici

468 2648 642 2690 auditores,
660 2655 690 2683 et
709 2650 740 2683 S.
760 2650 796 2683 R.
814 2650 847 2683 E.
869 2649 1049 2683 cardinales
1070 2649 1207 2693 (sublata

469 2702 514 2734 eis
532 2708 559 2735 et
582 2712 694 2736 eorum
717 2703 847 2737 cuilibet
872 2702 984 2748 quavis
1005 2702 1099 2737 aliter
1124 2703 1206 2736 iudi-

1238 453 1332 486 ritum
1348 464 1477 497 quoque
1498 459 1527 487 et
1549 453 1643 486 inane
1660 453 1685 486 si
1700 463 1791 487 secus
1811 464 1907 498 super
1926 454 1976 487 his

1237 517 1254 539 a
1279 517 1454 551 quoquam,
1483 507 1593 550 quavis
1617 507 1816 548 auctoritate,
1839 507 1976 541 scienter

1237 561 1283 593 vel
1305 561 1504 602 ignoranter,
1527 560 1696 603 contigerit
1715 561 1874 594 attentari.

1280 613 1346 657 gt).
1371 615 1439 648 Non
1469 614 1671 648 obstantibus
1697 614 1862 659 quibusvis
1891 625 1971 659 apo·
2018 628 2108 656 neroum
2124 634 2173 651 con·
2200 644 2221 654 2

1989 656 2067 677 trariis.

1237 667 1368 709 stolicis,
1392 679 1428 702 ac
1446 668 1477 701 in
1495 668 1745 712 provincialibus
1766 674 1797 702 et
1815 668 1976 713 synodali-

1236 721 1295 754 bus
1309 721 1452 755 conciliis
1466 721 1568 764 editis,
1578 722 1780 764 generalibus
1793 722 1840 756 vel
1855 721 1976 766 specia-

1238 773 1321 807 libus
1344 775 1627 809 constitutionibus
1649 781 1680 809 et
1704 775 1973 817 ordinationibus,

1238 837 1273 860 ac
1293 827 1421 861 Ordinis
1442 833 1472 862 et
1491 828 1755 872 Congregationis
1774 829 1973 869 huiusmodi,

1238 880 1431 923 iuramento,
1455 882 1702 916 confirmatione
1719 882 1905 927 apostolica,
1928 882 1977 916 vel

1239 933 1348 976 quavis
1377 934 1529 968 firmitate
1559 934 1619 968 alia
1648 935 1824 977 roboratis,
1851 933 1978 968 statutis

1239 992 1269 1019 et
1281 988 1578 1030 consuetudinibus,
1595 989 1770 1033 privilegiis
1784 998 1913 1033 quoque
1928 988 1978 1020 in-

1239 1039 1334 1073 dultis
1347 1046 1376 1074 et
1397 1041 1511 1075 litteris
1524 1042 1709 1086 apostolicis
1726 1042 1759 1075 in
1779 1042 1978 1076 contrarium

1238 1094 1485 1136 quomodolibet
1516 1096 1697 1137 concessis,
1732 1095 1919 1140 approbatis
1949 1101 1980 1129 et

1239 1146 1408 1181 innovatis.
1430 1148 1551 1187 Quibus
1571 1150 1732 1191 omnibus,
1757 1160 1870 1184 eorum
1890 1154 1981 1183 teno-

1238 1209 1288 1232 res
1304 1201 1529 1243 praesentibus
1550 1213 1611 1246 pro
1632 1202 1789 1246 expressis
1808 1202 1975 1243 habentes,

1240 1251 1300 1285 illis
1320 1253 1397 1287 alias
1418 1254 1449 1287 in
1468 1265 1526 1288 suo
1539 1256 1658 1289 robore
1675 1255 1906 1300 permansuris,
1919 1255 1979 1289 hac

1239 1305 1306 1339 vice
1326 1306 1492 1342 dumtaxat
1508 1309 1690 1353 specialiter
1707 1315 1738 1343 et
1758 1319 1905 1354 expresse
1925 1309 1980 1342 de-

1238 1367 1401 1401 rogamus,
1425 1360 1475 1394 et¹
1501 1362 1670 1395 contrariis
1694 1361 1975 1406 quibuscumque3

1238 1417 1292 1444 aut
1315 1412 1341 1445 si
1365 1414 1538 1457 praedictis
1559 1415 1722 1456 fratribus,
1744 1415 1793 1448 vel
1814 1414 1979 1459 quibusvis

1237 1466 1316 1509 aliis,
1335 1469 1551 1503 communiter
1569 1470 1616 1503 vel
1636 1469 1771 1512 divisim,
1789 1469 1828 1503 ab
1845 1470 1980 1513 Aposto-

1238 1519 1297 1553 tica
1325 1521 1365 1554 sit
1388 1521 1469 1556 Sede
1493 1523 1671 1566 indultum,
1696 1523 1784 1568 quod
1808 1522 1976 1563 interdici,

1236 1574 1387 1617 suspendi
1407 1576 1455 1609 vel
1476 1576 1749 1610 excommunicari
1768 1572 1833 1610 non
1857 1575 1980 1620 possint

1236 1636 1294 1670 per
1313 1627 1433 1662 litteras
1450 1630 1642 1674 apostolicas
1659 1640 1724 1663 non
1740 1629 1893 1664 facientes
1910 1629 1980 1673 ple-

1237 1689 1310 1712 nam
1332 1686 1362 1713 et
1387 1692 1579 1726 expressam,
1608 1694 1644 1716 ac
1664 1683 1704 1716 de
1723 1682 1820 1716 verbo
1844 1682 1884 1716 ad
1911 1691 1981 1716 ver-

1237 1732 1325 1774 bum,
1349 1735 1388 1768 de
1408 1736 1533 1770 indulto
1554 1736 1740 1770 huiusmodi
1766 1736 1977 1778 mentionem.

1287 1788 1302 1831 g
1324 1786 1352 1820 7.
1377 1789 1416 1822 Ut
1439 1796 1545 1824 autem
1568 1790 1683 1824 harum
1712 1790 1894 1823 litterarum
1921 1791 2193 1845 ηο-ωξζῇξῖζθῡὲζξιὲῖ

1239 1844 1307 1877 titia
1327 1844 1366 1877 ad
1392 1854 1505 1877 omnes
1530 1843 1607 1877 dicti
1632 1843 1759 1877 Ordinis
1779 1848 1810 1877 et
1833 1843 1975 1886 Congre-
1993 1846 2033 1867 ΜΗ
2055 1846 2096 1873 ¹0⁸¹
2119 1850 2191 1889 ’Μὴ

1239 1897 1375 1940 gationis
1390 1898 1503 1930 fratres
1518 1897 1643 1931 facilius
1658 1896 1815 1939 deveniat,
1829 1897 1979 1930 volumus

1241 1950 1309 1984 illas
1334 1950 1365 1983 in
1391 1950 1533 1993 generali
1555 1950 1696 1995 capitulo
1717 1950 1820 1984 dictae
1840 1950 1979 1993 Congre-

1240 2004 1376 2047 gationis
1401 2003 1529 2048 publice
1556 2004 1641 2046 legi,
1674 2004 1809 2048 illasque
1836 2003 1869 2037 in
1894 2003 1980 2037 dicto

1240 2057 1380 2102 capitulo
1398 2058 1497 2091 lectas
1517 2057 1561 2090 sic
1582 2062 1719 2098 arctare,
1740 2067 1776 2090 ac
1793 2057 1818 2091 si
1838 2056 1981 2100 legitime

1241 2111 1416 2155 unicuique
1436 2111 1602 2144 intimatae
1622 2110 1767 2152 fuissent,
1788 2110 1982 2155 illarumque

1241 2165 1406 2209 exemplis,
1431 2164 1527 2198 etiam
1549 2164 1725 2209 impressis,
1746 2174 1844 2198 manu
1857 2164 1981 2198 scribae

1241 2219 1317 2252 dicti
1338 2218 1471 2263 capituli
1491 2219 1539 2252 vel
1559 2218 1676 2252 notarii
1697 2218 1818 2262 publici
1839 2217 1980 2251 subscri-

1242 2273 1322 2317 ptis,
1357 2279 1388 2307 et
1415 2272 1521 2316 sigillo
1553 2272 1672 2317 prioris
1697 2271 1856 2315 generalis
1879 2271 1980 2316 ipsius

1240 2326 1516 2369 Congrcgationis,
1542 2326 1590 2360 vel
1612 2326 1741 2359 alterius
1766 2335 1922 2370 personae
1947 2324 1980 2358 in

1241 2379 1397 2422 dignitate
1421 2379 1636 2414 ecclesiastica
1660 2379 1863 2419 constitutae,
1887 2378 1976 2412 obsi-

1241 2434 1364 2477 gnatis,
1393 2434 1540 2468 eamdem
1564 2443 1697 2477 prorsus
1722 2432 1818 2466 sidem
1844 2431 1976 2473 haberi,

1241 2498 1323 2532 quae
1343 2487 1566 2532 praesentibus
1586 2486 1771 2526 haberetur,
1795 2485 1820 2518 si
1846 2484 1978 2519 eaedem

1241 2541 1480 2575 exhiberentur.

1285 2595 1399 2628 Datum
1420 2595 1542 2628 Roma‘e
1561 2593 1647 2638 apud
1677 2593 1707 2627 S.
1731 2592 1884 2633 Marcum,
1918 2591 1977 2626 sub

1279 2713 1287 2739 t
1313 2711 1474 2739 Particulam
1490 2714 1516 2738 et
1536 2718 1585 2739 nos
1599 2710 1747 2739 adiecimus
1761 2712 1798 2745 (n.
1815 2710 1860 2745 r).
