2227 3241
246 289 293 314 Αιι.
312 287 428 316 &1610

273 446 383 467 Clementis
397 446 428 465 lit-

246 475 302 493 teras
352 474 429 497 petitur

246 499 370 520 confirmari.

242 1031 368 1080 'Confirmat
377 1030 428 1052 Pau-

251 1065 281 1080 us.

273 2258 390 2279 Clausulas.

474 279 537 313 642

442 348 500 381 per
527 336 556 369 in
577 336 672 369 simili
698 336 798 369 forma
819 336 926 369 Brevis
948 336 1103 380 expeditis
1123 337 1176 369 lit-

444 389 517 423 teris
542 388 666 433 plenius
691 388 904 422 continetur¹.

489 441 553 483 gli.
583 440 658 474 Cum
686 446 812 487 autem,
841 441 922 475 sicut
946 441 1041 476 iidem
1068 442 1181 476 fratres

444 494 539 528 Tertii
558 493 683 527 Ordinis
703 493 886 528 huiusmodi
908 495 1069 528 reformati
1092 495 1180 538 regni

444 547 596 581 Franciae
623 546 715 579 nobis
740 557 843 591 nuper
875 548 989 592 exponi
1011 548 1177 589 fecerunt,

444 599 502 643 ipsi
523 599 698 643 plurimum
721 600 850 643 cupiant
871 600 992 634 litteras
1012 601 1182 635 Clementis

442 653 699 697 praedecessoris
730 652 933 697 praedictas,
966 665 1031 698 quo
1057 655 1182 688 firmius

443 707 614 740 subsistant
645 714 674 740 ct
709 707 748 740 ab
782 708 931 742 omnibus
945 708 1183 743 ⁴inviolabiliter

442 761 673 802 observentur,
709 761 903 805 apostolicae
928 762 1182 796 confirmationis

442 820 570 848 nostrae
596 814 712 848 robore
734 815 946 856 communiri3
971 816 1067 849 iidem
1089 817 1181 850 nobis

443 867 609 901 humiliter
634 860 808 913 supplicari
833 869 998 911 sec-erunt,
1026 876 1060 902 ut
1085 880 1182 914 super

442 921 626 965 praemissis
647 928 828 966 opportune
848 922 1018 966 providere
1038 923 1076 956 de
1097 923 1183 956 beni-

444 976 565 1019 gnitate
581 976 758 1020 apostolica
782 975 1000 1019 dignaremur.

489 1031 504 1074 g
519 1028 548 1063 5.
565 1030 628 1064 Nos
649 1030 757 1073 igitur,
780 1030 881 1063 dictos
899 1030 1012 1064 fratres
1029 1030 1178 1075 speciali-

444 1084 504 1118 bus
527 1083 689 1117 favoribus
713 1089 743 1117 et
763 1083 873 1126 gratiis
895 1084 1047 1128 prosequi
1073 1084 1181 1117 rolen-

444 1143 507 1178 tes‚
532 1143 562 1171 et
587 1148 603 1170 a
627 1136 791 1181 quibusvis
819 1137 1178 1178 excommunicationis,

443 1190 661 1235 suspensionis
683 1196 712 1224 et
732 1190 902 1232 interdicti,
927 1191 1061 1234 aliisque
1082 1191 1182 1224 eccle-

442 1244 576 1278 siasticis
598 1244 773 1285 sententiis,
797 1244 939 1278 censuris
964 1250 993 1277 et
1017 1244 1141 1288 poenis,
1164 1255 1182 1278 a

442 1297 512 1331 iure
533 1298 579 1331 vel
599 1298 638 1330 ab
656 1297 798 1338 homine,
820 1297 930 1341 quavis
947 1297 1116 1331 occasione
1134 1297 1181 1331 vel

442 1354 536 1386 causa
561 1352 648 1393 latis,
673 1352 697 1385 si
723 1352 840 1396 quibus
865 1351 1111 1396 quomodolibet
1131 1351 1180 1384 in—

441 1406 552 1440 nodati
572 1406 721 1446 existunt,
739 1405 778 1439 ad
797 1405 942 1439 effectum
962 1405 1180 1450 praesentium

444 1459 607 1493 dumtaxat
639 1459 925 1502 consequendum,
959 1459 1073 1492 harum
1099 1459 1180 1494 serie

442 1513 642 1546 absolventes
668 1517 698 1545 et
723 1512 887 1546 absolutos
912 1513 980 1546 sore
1001 1518 1177 1554 censentes,

441 1576 500 1600 nec
516 1576 581 1599 non
602 1566 759 1599 dictarum
778 1566 958 1599 litterarum
975 1566 1116 1599 veriores
1137 1572 1180 1600 te-

441 1630 536 1653 nores
561 1619 784 1664 praesentibus
804 1630 863 1663 pro
885 1619 1039 1663 expressis
1061 1619 1180 1652 haben—

443 1679 500 1714 tes,
517 1672 805 1717 supplicationibus
819 1683 929 1706 eorum
945 1673 1074 1706 nomine
1088 1673 1180 1706 nobis

443 1738 539 1771 super
559 1727 620 1760 hoc
644 1726 808 1760 humiliter
835 1726 992 1770 porrectis
1014 1727 1177 1768 inclinati,

442 1780 564 1814 litteras
584 1780 754 1815 Clementis
771 1780 1028 1823 praedecessoris
1048 1780 1177 1823 praedi-

443 1839 520 1875 ctas,
538 1845 574 1867 ac
591 1834 699 1868 omnia
713 1841 743 1867 et
761 1834 885 1876 singula
900 1834 930 1866 in
946 1834 1007 1867 illis
1021 1839 1181 1875 contenta,

443 1894 600 1932 quatenus
617 1887 679 1920 sint
697 1887 728 1920 in
746 1899 804 1921 usu
825 1898 860 1920 ac
884 1887 1016 1920 minime
1034 1892 1181 1920 revocata

443 1947 497 1975 aut
524 1941 582 1974 sub
615 1940 775 1985 aliquibus
804 1939 1062 1974 revocationibus
1087 1950 1177 1973 com·

442 1995 618 2039 prehensa,
639 1994 815 2038 apostolica
840 1993 1048 2035 auctoritate,
1071 2000 1180 2027 tenore

442 2047 658 2092 praesentium
675 2074 682 2087 ,
713 2052 871 2091 perpetuo
897 2046 1126 2080 confirmamus
1151 2052 1178 2080 et

443 2102 670 2146 approbamus,
694 2112 731 2135 ac
756 2101 817 2134 illis
837 2107 1012 2145 perpetuae
1030 2106 1060 2134 et
1078 2101 1179 2134 invio-

442 2156 547 2189 labilis
576 2155 769 2199 apostolicae
795 2154 955 2188 firmitatis
976 2154 1075 2188 robur
1095 2155 1177 2188 adii-

444 2209 555 2242 cimus.

488 2264 503 2304 ξ
522 2261 551 2295 6.
575 2263 787 2296 Decernentes
810 2261 861 2294 illa
881 2261 988 2294 omnia
1010 2268 1039 2295 et
1056 2261 1181 2304 singula

443 2316 510 2357 sic,
543 2322 572 2349 et
597 2326 661 2348 non
694 2315 806 2356 aliter,
836 2321 992 2359 perpetuo
1018 2315 1180 2349 observari

443 2369 582 2410 debere,
613 2380 649 2401 ac
679 2364 804 2402 irritum
839 2374 868 2401 et
897 2368 1012 2409 inane,
1041 2369 1065 2402 si
1091 2379 1181 2402 secus

443 2433 539 2466 super
559 2421 607 2455 his
621 2433 637 2455 a
652 2432 826 2466 quoquam,
847 2421 956 2465 quavis
976 2421 1178 2462 auctoritate,

443 2476 581 2509 scienter
610 2476 655 2509 vel
688 2476 893 2518 ignoranter,
926 2475 1097 2518 contigerit
1129 2481 1178 2508 at-

446 2534 569 2562 tentari.

483 2654 490 2678 t
515 2652 742 2680 Constitutionem
761 2652 847 2679 Clem.
866 2652 925 2680 VIII
942 2651 1106 2687 praedictam
1123 2651 1181 2679 vide

446 2705 524 2733 supra
540 2705 598 2733 pag.
617 2697 650 2725 49
665 2696 744 2725 huius
760 2696 901 2726 voluminis
917 2698 956 2732 (a.
972 2697 1020 2732 τ.).

1021 290 1202 314 BULLAIIIUM
1224 291 1377 316 ROMANUM

1965 294 2014 322 An.
2031 295 2059 322 C.
2079 295 2147 324 1310

1259 339 1274 380 g
1301 337 1329 371 7.
1358 337 1513 377 Quocirca
1538 339 1775 374 venerabilibus
1798 341 1948 376 fratribus
1976 357 2090 383 napuiano
2100 362 2146 378 οη-
2226 333 2227 377 i

1215 391 1418 434 Lugdunensi
1455 397 1485 425 et
1512 392 1669 426 Tolosano
1702 393 1950 440 archiepiscopis
1965 386 2085 411 summum,

1216 451 1245 478 et
1263 445 1378 478 dilecto
1393 444 1460 478 filio
1473 451 1583 479 nostro
1598 456 1634 480 ac
1647 446 1849 490 Apostolicae
1862 448 1951 483 Sedis

1216 498 1247 531 in
1269 508 1367 541 regno
1388 498 1540 532 Franciae
1557 499 1677 534 nuncio
1693 510 1752 544 per
1768 507 1952 545 praesentes

1216 551 1446 584 committimus
1482 557 1512 585 et
1548 552 1738 587 mandamus
1752 581 1759 595 ,
1796 560 1954 599 quatenus

1216 604 1295 648 ipsi,
1323 604 1370 638 vel
1396 604 1472 646 duo,
1501 611 1555 639 aut
1575 616 1656 639 unus
1676 616 1789 640 eorum
1802 634 1810 649 ‚
1830 619 1889 652 per
1905 619 1950 650 se,

1217 658 1263 691 vel
1288 658 1404 699 alium,
1428 669 1484 692 seu
1511 659 1607 700 alios,
1630 667 1814 704 praesentes
1831 661 1954 696 litteras

1216 717 1246 744 et
1270 711 1300 744 in
1329 711 1373 744 cis
1398 717 1548 745 contenta
1569 723 1815 758 quaecumque,
1843 715 1897 748 ubi
1923 721 1954 749 et

1207 764 1346 808 quaudo
1365 776 1445 809 opus
1465 765 1572 807 suerit,
1593 770 1624 799 et
1645 767 1769 810 quoties
1786 778 1845 812 pro
1862 773 1952 812 parte

1217 817 1373 850 dictorum
1401 818 1535 851 fratrum
1561 819 1813 853 reformatorum
1835 820 1953 855 suerint

1217 870 1372 914 requisiti,
1399 871 1587 905 solemniter
1610 873 1822 916 publicantes,
1842 873 1952 919 eisque

1217 923 1247 956 in
1269 923 1451 967 praemissis
1477 925 1616 959 efficacis
1641 926 1834 960 defensionis
1853 937 1953 972 prae-

1216 976 1297 1010 sidio
1323 976 1513 1018 assistentes,
1541 978 1659 1011 saciant
1683 978 1871 1012 auctoritate
1895 989 1952 1013 no-

1217 1028 1372 1065 straillos
1391 1030 1642 1074 praemissorum
1665 1031 1811 1065 omnium
1833 1037 1863 1066 et
1881 1032 1949 1067 sin-

1216 1082 1364 1126 gulorum
1384 1083 1498 1118 effectu
1518 1084 1652 1129 pacifice
1673 1085 1734 1119 frui
1753 1091 1783 1119 et
1799 1085 1951 1129 gaudere;

1217 1147 1280 1170 non
1313 1137 1534 1181 permittentes
1566 1138 1637 1171 illos
1664 1137 1802 1183 desuper
1825 1149 1843 1172 a
1868 1149 1951 1183 quo-

1217 1201 1312 1234 quam
1349 1191 1460 1234 quavis
1495 1190 1686 1224 auctoritate
1711 1192 1956 1236 quomodolibet

1217 1243 1357 1276 indebite
1382 1244 1560 1277 molestari:
1581 1245 1835 1279 contradictores
1859 1256 1954 1290 quos-

1217 1307 1356 1341 cumque
1377 1307 1435 1340 per
1456 1308 1608 1331 censuras
1625 1303 1654 1331 et
1672 1309 1793 1342 poenas
1810 1298 1955 1333 ecclesia-

1216 1350 1328 1390 sticas,
1356 1350 1482 1394 aliaque
1513 1357 1696 1395 opportuna
1725 1351 1802 1385 iuris
1826 1357 1858 1385 et
1881 1351 1953 1385 sacti

1216 1403 1375 1444 remedia,
1400 1404 1614 1448 appellatione
1638 1404 1832 1449 postposita,
1859 1415 1949 1439 com-

1216 1457 1386 1500 pescendo,
1407 1457 1553 1491 invocato
1574 1458 1668 1491 etiam
1691 1459 1731 1492 ad
1751 1458 1812 1492 hoc
1829 1458 1854 1492 si
1872 1469 1952 1504 opus

1215 1511 1317 1552 suerit,
1339 1511 1455 1545 auxilio
1476 1511 1598 1545 brachii
1619 1512 1801 1546 saecularis.

1259 1567 1275 1607 g
1296 1564 1326 1598 8.
1347 1565 1415 1598 Non
1437 1565 1638 1599 obstantibus
1655 1565 1820 1610 quibusvis
1836 1566 1963 1600 consti-1

1217 1618 1392 1652 tutionibus
1418 1624 1448 1651 et
1472 1619 1731 1652 ordinationibus
1755 1619 1949 1663 apostolicis,

1215 1683 1251 1704 ac
1276 1671 1350 1704 dicti
1375 1672 1469 1705 Tertii
1491 1672 1617 1706 Ordinis
1645 1672 1744 1706 sancti
1768 1672 1949 1714 Francisci‚

1216 1725 1309 1758 etiam
1336 1725 1515 1759 iuramento
1529 1753 1536 1766 ,
1560 1725 1806 1760 confirmatione
1827 1731 1953 1771 aposto-

1216 1777 1290 1819 lica,
1311 1778 1359 1812 vel
1380 1778 1491 1822 quavis
1516 1779 1667 1812 firmitate
1692 1779 1751 1812 alia
1779 1779 1949 1822 roboratis,

1215 1831 1341 1865 statutis
1378 1837 1407 1864 et
1441 1832 1728 1866 consuetudinibus
1743 1832 1953 1881 ,Iprivilegiis

1215 1895 1366 1929 quoque,
1403 1885 1534 1919 indultis
1565 1891 1595 1918 et
1626 1885 1739 1919 litteris
1770 1886 1953 1930 apostolicis

1216 1938 1318 1971 eidem
1344 1938 1454 1972 Ordini
1487 1938 1636 1983 illiusque
1668 1939 1889 1984 superioribus
1922 1945 1954 1974 et

1216 1992 1361 2036 personis
1397 1992 1428 2025 in
1468 1992 1665 2026 contrarium
1697 1992 1950 2037 praemissorum

1216 2045 1460 2090 quomodolibet
1485 2046 1644 2080 concessis
1659 2073 1667 2087 ,
1702 2046 1900 2080 confirmatis
1923 2053 1954 2080 et

1217 2099 1382 2133 innovatis.
1411 2100 1532 2140 Quibus
1563 2100 1714 2134 omnibus
1739 2105 1770 2133 et
1794 2100 1949 2143 singulis,

1216 2164 1327 2187 eorum
1363 2153 1507 2187 omnium
1534 2160 1565 2187 et
1589 2154 1790 2198 singulorum
1826 2159 1952 2188 tenores

1216 2207 1437 2251 praesentibus
1457 2218 1515 2252 pro
1536 2207 1689 2252 expressis
1709 2208 1873 2249 habentes,
1893 2207 1953 2241 hae

1216 2261 1281 2295 vice
1303 2262 1464 2295 dumtaxat
1484 2261 1666 2306 specialiter
1686 2267 1715 2295 et
1737 2271 1882 2305 expresse
1902 2261 1953 2295 de-

1217 2325 1382 2358 rogamus,
1404 2315 1602 2359 caeterisque
1622 2315 1792 2349 contrariis
1813 2314 1949 2359 quibus-

1216 2378 1364 2412 cumque.

1258 2421 1371 2454 Datum
1398 2421 1518 2454 Romae
1545 2420 1629 2464 apud
1657 2424 1800 2454 sanctum
1822 2420 1950 2453 Petrum

1215 2473 1274 2508 sub
1296 2474 1415 2508 annulo
1433 2474 1620 2516 Piscatoris‚
1636 2473 1686 2507 die
1702 2483 1786 2508 xxvu
1811 2473 1951 2507 octobris

1216 2538 1311 2568 mccx,
1333 2527 1539 2572 pontificatus
1559 2527 1658 2561 nostri
1676 2536 1761 2560 anno
1774 2536 1817 2570 vi,

1979 1524 2094 1555 Dei-ogatio
2103 1529 2151 1546 eon·

1966 1553 2085 1573 tran-iorum.

1251 2651 1309 2680 Dat.
1330 2651 1373 2680 die
1392 2651 1424 2680 27
1445 2650 1562 2679 octobris
1579 2650 1655 2685 1610,
1671 2649 1765 2686 pontis.
1788 2658 1830 2677 an.
1847 2656 1882 2678 vt.
