2227 3241
273 272 321 298 An.
340 271 366 298 C.
390 272 457 300 1605

327 1398 455 1424 Mandatqun

271 1425 385 1445 abbatissis
435 1427 457 1445 et

271 1452 410 1474 monialibus.
434 1454 456 1471 ut

271 1480 301 1499 eis
317 1481 412 1504 pareant.

328 1780 455 1800 institutum-

272 1812 312 1832 quo
325 1808 455 1827 rcsurtuzitio·

270 1840 302 1853 nis
314 1840 390 1854 nuncio
405 1840 457 1859 apo-

271 1861 345 1880 stolico
379 1866 456 1886 appro-

272 1887 362 1907 ban-lum

271 1913 340 1935 mithl,

400 1893 455 1907 eont-

309 2691 370 2712 nisce
386 2695 457 2711 mona-

503 264 568 296 174

473 321 636 354 dumtaxat
667 320 950 363 consequendum,
984 320 1100 353 harum
1131 321 1214 354 serie

473 374 673 407 absolventes
693 379 723 406 et.
751 373 912 406 absolutas
933 374 1001 407 sore
1026 380 1211 415 censentes,

472 427 762 470 supplicationibus
779 432 884 473 vestro
902 427 1033 460 nomine
1047 427 1140 461 nobis
1157 437 1215 471 per

472 480 625 513 dilectum
640 480 742 513 silium
757 480 910 514 Ioannem
925 480 1119 526 Krajcwsky,
1136 491 1213 514 con-

471 532 669 567 cionatorem
682 534 778 567 vestri
794 534 992 576 monasterii,
1009 535 1103 568 nobis
1117 545 1214 579 super

470 586 532 619 hoc
546 587 712 620 humiliter
725 588 883 631 porrectis
898 588 1055 630 inclinati,
1070 594 1211 622 vestrum

470 640 648 681 culmense,
673 652 709 674 ac
729 642 925 683 Torunense,
949 642 1208 683 Zarnoveicense,

469 693 725 735 Nieswieziense,
746 701 777 728 et
797 695 859 728 alia
879 706 1103 739 quaecumque
1120 695 1210 730 Ordi-

470 746 519 780 nis
547 747 577 780 S.
609 748 771 781 Benedicti
802 749 995 782 monasteria
1021 749 1156 782 ubilibet.
1180 749 1211 781 in

470 811 569 843 regno
591 802 743 835 poloniae
764 802 917 843 instituta,
939 809 969 836 et
989 813 1048 846 pro
1068 808 1212 846 [empore

469 854 676 896 instituenda,
694 866 800 897 curae,
825 857 982 899 gubernio
1001 862 1030 890 et
1051 856 1211 898 regimini,

470 914 533 941 tam
555 908 587 941 in
606 909 825 952 spiritualibus
846 920 942 954 quam
963 910 996 942 in
1018 909 1208 954 temporali-

469 961 539 1002 bus,
563 961 806 995 Ordinariorum
828 963 988 1001 locorum,
1013 962 1044 995 in
1071 973 1210 1006 quorum

470 1014 671 1049 dioecesibus
685 1016 861 1059 respective
875 1016 1047 1050 constituta
1060 1021 1144 1058 sunt,
1161 1026 1213 1049 au-

470 1069 616 1102 ctoritate
638 1069 824 1113 apostolica,
849 1075 960 1103 tenore
978 1069 1208 1114 praesentium,

470 1129 627 1166 perpetuo
645 1122 834 1156 subiicimus
859 1129 889 1157 et
915 1124 1145 1167 supponimus3
1169 1123 1212 1157 ita

469 1182 504 1209 ut
516 1177 555 1209 ab
570 1177 705 1210 aliorum
721 1178 1118 1221 quorumcumque,etiam
1134 1177 1212 1211 eius-

469 1229 542 1262 dem
570 1229 697 1263 Ordinis
724 1230 754 1264 S.
788 1231 963 1272 Benedicti,
985 1230 1211 1273 religiosorum

469 1282 695 1326 superioritate
721 1289 752 1317 et.
776 1284 961 1317 obedientia
987 1289 1144 1328 perpetuo
1168 1284 1208 1316 li-

470 1336 547 1369 bera
568 1341 600 1370 et
620 1342 766 1380 exempta
784 1337 846 1369 sint
867 1342 896 1370 et
917 1347 985 1370 esse
1006 1342 1207 1370 censeantur.

515 1389 530 1432 ἓ
551 1389 580 1422 9.
604 1390 788 1424 Mandantes
809 1390 841 1423 in
856 1390 970 1423 virtute
988 1396 1115 1423 sanctae
1136 1390 1212 1423 obe-

471 1443 610 1478 dientiae
638 1450 701 1478 tam
734 1444 823 1478 vobis
837 1472 844 1486 ,
878 1455 972 1489 quam
1007 1445 1210 1487 singulorum

472 1498 742 1532 monasteriorum
772 1499 1012 1543 praedictorum
1043 1499 1212 1532 abbatissis

471 1556 501 1583 et
514 1551 734 1592 conventibus,
755 1557 790 1585 ut
807 1551 892 1595 ipsos
912 1552 1059 1585 locorum
1077 1551 1212 1585 Ordina-

471 1604 535 1637 rios
554 1605 585 1637 in
610 1612 731 1639 vestros
754 1606 938 1650 superiores
959 1606 1208 1648 recognoscatis,

471 1659 579 1702 eisque
595 1659 812 1693 obedientiam
828 1666 858 1693 et
882 1660 1095 1693 reverentiam
1122 1660 1211 1693 debi-

472 1718 518 1745 tas
543 1718 571 1745 et
596 1713 725 1746 devotas
746 1719 897 1757 prompte
918 1713 1103 1747 exhibeatis.

516 1768 532 1808 g
554 1766 606 1799 10.
630 1767 668 1800 Ut
689 1773 794 1800 autem
818 1767 926 1800 onmia
946 1767 1141 1800 monasteria
1161 1777 1214 1800 su-

471 1819 615 1863 pradicta
628 1820 686 1853 sub
701 1822 764 1853 una
779 1827 809 1854 et
822 1821 934 1854 eadem
948 1820 1089 1863 regulari
1104 1821 1212 1854 obser-

471 1873 587 1914 vantia,
613 1879 647 1906 ut
667 1884 725 1917 par
745 1879 801 1914 est,
825 1879 982 1918 perpetuo
1001 1874 1135 1916 degant,
1159 1883 1212 1906 vo-

471 1925 576 1959 lumus
594 1932 625 1959 et
642 1927 839 1969 ordinamus,
858 1933 891 1960 ut
909 1927 1090 1960 institutum
1112 1927 1212 1960 resor-

471 1979 620 2013 mationis
640 1980 736 2013 vestri
758 1980 943 2013 monasterii
967 1982 1037 2024 (per
1058 1980 1211 2013 dilectum

470 2032 572 2065 lilium
598 2039 744 2066 nostrum
773 2039 803 2066 et
831 2033 1034 2078 Apostolicae
1060 2033 1150 2067 Sedis
1179 2033 1210 2066 in

469 2097 568 2129 regno
586 2087 739 2120 Poloniae
759 2087 928 2129 nuncium,
949 2098 1005 2120 seu
1023 2088 1061 2121 ab
1080 2098 1118 2121 eo
1138 2088 1212 2121 sub-

469 2141 695 2183 delegandum,
721 2141 874 2174 adhibitis
893 2142 987 2174 etiam
1006 2141 1066 2185 piis
1087 2147 1114 2174 et
1136 2141 1211 2174 reli-

469 2193 566 2235 giosis
587 2194 676 2235 viris,
698 2195 867 2237 diligenter
889 2195 1150 2235 examinandum,
1167 2200 1208 2236 et,

470 2252 627 2290 quatenus
641 2248 739 2280 sacris
753 2248 931 2282 canonibus
953 2254 982 2281 et
1000 2248 1131 2282 Concilii
1145 2248 1212 2280 Tri-

471 2301 592 2334 dentiui
614 2301 750 2335 decretis
777 2307 805 2335 et
832 2302 960 2344 regulae
981 2303 1010 2335 S.
1036 2302 1208 2343 Benedicti,

472 2354 556 2387 iuxta
570 2355 792 2388 rationabilem
804 2355 1068 2388 consuetudinem
1080 2361 1213 2399 septem-

471 2408 657 2442 trionalium
686 2409 852 2442 conforme
879 2409 1009 2450 existat,
1042 2419 1099 2452 per
1128 2409 1213 2442 illius

471 2461 615 2505 diploma
631 2462 864 2506 probandum),
880 2462 904 2495 si
919 2467 950 2494 ct
970 2468 1140 2506 postquam
1162 2473 1213 2505 ap-

471 2515 643 2559 probatum
664 2515 777 2557 suerit,
798 2515 830 2548 iu
855 2515 988 2558 singulis
1010 2515 1213 2548 monasteriis

471 2568 644 2611 praedictis
666 2568 850 2612 recipiatur,
875 2573 906 2602 et
925 2574 1081 2612 perpetuo
1103 2568 1213 2601 obser-

472 2626 572 2654 vetur.

518 2675 606 2716 ξΗ.
636 2676 801 2710 Caeterum
833 2675 983 2709 omnibus
1009 2682 1046 2708 et
1079 2675 1213 2719 singulis

1045 273 1229 297 BULLARlUM
1252 273 1405 298 ROMANUM

1250 321 1452 355 monasteriis
1476 320 1670 364 praedictis,
1698 331 1780 365 quae
1804 320 1984 354 institutum
1999 334 2169 364 ιιιιιιιψιῑιιιοςῑ

1251 374 1491 408 reformationis
1511 374 1711 415 huiusmodi,
1733 379 1770 408 ut
1788 375 1982 419 praefertur,
1999 366 2184 418 l’ssllinmzl'll..
2211 407 2213 418 ι

1249 428 1426 472 apostolica
1450 428 1640 461 auctoritate
1668 428 1882 471 approbatum
1898 455 1906 469 ‚
1929 438 1984 461 ac·
2000 413 2174 461 ἶῖἳῖἓαῗῗοὼ

1249 481 1445 525 ceptaverint
1473 488 1503 515 et
1528 481 1787 523 observaverint,
1811 492 1988 525 earumque

1249 534 1430 575 abbatissis,
1445 535 1667 577 conventibus,
1681 534 1889 576 monialibus,
1906 545 1986 568 con-

1249 588 1357 628 versis,
1373 588 1501 621 famulis
1516 588 1702 632 etpersonis
1716 588 1986 632 quibuscumque,

1248 645 1282 673 ut
1302 641 1453 674 omnibus
1468 646 1497 674 et
1518 641 1653 684 singulis
1670 641 1793 684 gratiis,
1811 641 1989 685 exemptio-

1247 693 1351 736 nibus,
1372 694 1586 736 libertatibus,
1608 694 1877 736 immunitatibus,
1896 704 1990 738 prae-

1248 748 1409 790 rogativis,
1433 748 1619 792 privilegiis,
1633 748 1763 782 indultis
1777 753 1809 782 et
1819 748 1990 791 indulgen·

1248 801 1309 843 tiis,
1333 801 1450 845 quibus
1481 801 1543 835 alia
1563 802 1707 835 eiusdem
1730 801 1857 836 Ordinis
1877 802 1907 835 S.
1923 802 1986 835 Be-

1248 855 1366 888 nedicti
1388 855 1577 889 monialium
1593 855 1800 897 monasteria,
1817 855 1914 889 etiam
1928 855 1987 890 sub

1247 911 1324 941 cura
1344 914 1375 942 et
1395 908 1555 952 gubernio
1580 908 1817 942 monachorum
1843 908 1986 943 eiusdem

1246 963 1375 997 Ordinis
1396 962 1573 1004 existentia,
1591 963 1630 996 de
1650 963 1731 1004 iure,
1753 973 1825 1004 usu,
1846 972 1985 997 consue-

1247 1016 1369 1058 tudine,
1385 1017 1566 1061 privilegio⁷
1584 1022 1639 1050 aut
1653 1016 1730 1050 alias
1743 1016 1989 1061 quomodolibet

1246 1074 1394 1111 utuntur,
1419 1070 1571 1104 fruuntur
1586 1075 1617 1104 et
1634 1070 1787 1113 gaudent,
1800 1081 1837 1104 ac
1854 1069 1911 1112 uti,
1928 1070 1988 1103 l'rui

1247 1127 1277 1155 et
1297 1123 1440 1167 gaudere
1459 1128 1593 1167 possunt
1617 1128 1647 1156 et
1670 1128 1825 1167 poterunt
1845 1132 1986 1167 quomo-

1247 1176 1370 1209 dolibet
1390 1176 1421 1208 in
1443 1177 1588 1210 futurum
1604 1203 1611 1217 ,
1635 1175 1705 1209 sine
1729 1176 1837 1220 aliqua
1856 1186 1989 1220 prorsus

1247 1229 1429 1263 differentia
1450 1230 1507 1270 uti,
1525 1230 1589 1262 frui
1610 1235 1641 1263 et
1660 1230 1802 1272 gaudere
1821 1229 1946 1274 possint
1958 1235 1989 1263 et

1247 1283 1397 1324 debeant,
1418 1283 1611 1317 auctoritate
1629 1289 1661 1317 et
1677 1289 1790 1317 tenore
1802 1283 1988 1328 praedictis,

1247 1342 1403 1380 perpetuo
1424 1337 1632 1370 concedimus
1652 1342 1683 1371 et
1702 1337 1926 1380 indulgemus3
2168 1379 2170 1381 K

1291 1390 1305 1433 ᾗ
1319 1389 1371 1423 19..
1387 1391 1523 1434 Insuper
1535 1390 1691 1424 universis
1705 1396 1736 1424 et
1755 1390 1901 1433 singulis,
1920 1395 1986 1424 tam
2015 1426 2019 1429 ,
2045 1397 2160 1445 tuopte-{nu

1248 1443 1279 1476 in
1300 1449 1404 1478 vestro
1422 1455 1519 1488 quam
1534 1445 1566 1478 in
1581 1444 1651 1478 aliis
1663 1444 1855 1489 supradictis
1875 1454 1988 1478 mona·
2000 1429 2181 1499 ινιῖἷῗιὲξὲῑὲῗῑξιζᾱ
2206 1484 2207 1488 ¹

1247 1497 1352 1531 steriis
1386 1498 1578 1541 degentibus
1605 1498 1784 1541 virginibus
1813 1498 1988 1532 saeculari-
2001 1484 2057 1527 33¹
2078 1483 2123 1499 Μ

1247 1550 1318 1591 bus,
1339 1551 1540 1585 educationis
1567 1552 1615 1586 vel
1636 1552 1698 1585 alia
1714 1554 1819 1593 causa,
1836 1557 1868 1586 et
1880 1552 1912 1585 in
1925 1551 1988 1596 spi-

1248 1605 1419 1638 ritualibus
1444 1606 1613 1647 exemtus,
1629 1616 1684 1639 seu
1700 1605 1732 1639 in
1753 1605 1908 1647 oratorio,
1931 1616 1988 1639 seu

1249 1658 1279 1690 in
1302 1659 1448 1701 ecclesia,
1469 1669 1504 1692 ex
1521 1660 1619 1693 modo
1641 1660 1680 1693 ab
1701 1660 1812 1693 eudem
1836 1658 1989 1702 magistra

1248 1713 1491 1756 proscribendo,
1510 1723 1543 1746 se
1568 1713 1810 1754 exercentibus,
1832 1712 1932 1746 semel
1956 1711 1989 1745 in

1248 1776 1355 1807 anno,
1383 1776 1449 1799 uuo
1485 1766 1536 1799 die
1563 1777 1621 1810 per
1652 1766 1770 1800 dictam
1802 1764 1988 1808 magistram

1248 1819 1424 1864 respective
1444 1819 1614 1862 eligendo,
1638 1819 1663 1854 si
1688 1830 1763 1853 vere
1787 1819 1990 1863 poenitentes

1248 1879 1278 1906 et
1302 1874 1479 1914 confessae,
1508 1883 1544 1906 ac
1568 1873 1770 1907 sanctissimo
1793 1872 1990 1906 Eucaristiae

1246 1928 1456 1961 Sacramento
1484 1927 1623 1961 refectae
1648 1927 1778 1969 suerint,
1800 1937 1861 1971 pro
1881 1926 1989 1971 primo

1247 1992 1331 2015 anno
1346 1981 1525 2025 plenariam
1541 1981 1685 2015 omnium
1699 1986 1906 2025 peccatorum
1920 1990 1990 2014 suo-

1246 2045 1319 2068 rum
1340 2034 1574 2078 indulgentiam
1594 2041 1625 2068 et
1644 2034 1866 2068 remissionem
1887 2033 1987 2067 mise-

1247 2087 1421 2121 ricorditer
1450 2088 1481 2121 in
1507 2087 1647 2121 Domino
1672 2087 1896 2122 concedimus:
1929 2096 1990 2131 pro

1247 2141 1380 2185 reliquis
1400 2151 1477 2174 vero
1498 2141 1600 2182 annis,
1617 2152 1720 2185 usque
1740 2141 1780 2174 ad
1801 2150 1921 2174 annum
1942 2139 1990 2173 iu-

1247 2194 1342 2228 bilaei
1364 2194 1536 2235 exclusive,
1561 2194 1748 2238 quindecim
1769 2204 1871 2227 annos
1891 2198 1923 2227 et
1942 2198 1989 2226 to-

1248 2247 1346 2281 tidem
1369 2248 1593 2292 quadragenas
1618 2248 1657 2281 de
1682 2247 1835 2280 iniunctis
1859 2246 1905 2280 eis
1932 2256 1989 2280 seu

1248 2300 1324 2334 alias
1349 2301 1597 2345 quomodolibet
1625 2300 1742 2334 debitis
1770 2299 1986 2344 poenitentis,

1247 2354 1279 2387 iu
1297 2354 1399 2388 forma
1423 2354 1585 2388 Ecclesiae
1606 2356 1770 2395 consueta,
1794 2353 1984 2386 relaxamus.

1292 2410 1307 2450 ξ
1328 2407 1382 2441 13.
1403 2408 1560 2447 Quocirca
1580 2407 1665 2441 dicto
1683 2412 1794 2440 nostro
1808 2407 1988 2450 etAposto-
2018 2445 2022 2449 ⁵
2045 2419 2123 2439 nomm
2147 2411 2165 2434 ι’
2191 2418 2200 2427 ⁴

1247 2461 1327 2494 licae
1348 2461 1438 2495 Sedis
1456 2461 1486 2494 in
1509 2471 1609 2503 regno
1630 2460 1783 2494 Poloniae
1807 2459 1926 2493 nuncio
1951 2469 1988 2493 ac
2002 2449 2199 2502 {32:2¹¹}a⁰¹1¹1⁰u‘l=4f.t

1248 2515 1486 2549 venerabilibus
1510 2515 1661 2548 fratribus
1685 2513 1845 2549 Culmensi
1869 2519 1901 2548 et
1919 2514 1989 2547 Ula·
2002 2497 2199 2571 iii'ss‘gssiffffff

1248 2569 1430 2602 dislaviensi
1449 2568 1608 2613 episcopis
1628 2578 1686 2612 per
1703 2573 1887 2612 praesentes
1900 2577 1988 2601 com-
2001 2552 2161 2600 ἷὲἶὶῗιῖζῗιιιιῖ·
2181 2568 2196 2595 1*

1248 2622 1404 2656 mittimus
1423 2627 1453 2655 et
1470 2622 1673 2663 mandamus,
1690 2627 1849 2665 quatenus
1866 2620 1926 2665 ipsi
1938 2619 1987 2654 vel
2020 2652 2029 2661 ,

1248 2675 1322 2719 duo⁷
1344 2680 1399 2708 aut
1423 2685 1506 2708 unus
1527 2684 1638 2708 corum
1661 2684 1719 2718 per
1739 2684 1783 2713 se,
1804 2673 1852 2707 vel
1874 2673 1984 2714 alium,
