<?xml version="1.0" encoding="UTF-8"?>
<!DOCTYPE html PUBLIC "-//W3C//DTD XHTML 1.0 Transitional//EN"
    "http://www.w3.org/TR/xhtml1/DTD/xhtml1-transitional.dtd">
<html xmlns="http://www.w3.org/1999/xhtml" xml:lang="en" lang="en">
 <head>
  <title>
</title>
<meta http-equiv="Content-Type" content="text/html;charset=utf-8" />
  <meta name='ocr-system' content='tesseract 3.04.00' />
  <meta name='ocr-capabilities' content='ocr_page ocr_carea ocr_par ocr_line ocrx_word'/>
</head>
<body>
  <div class='ocr_page' id='page_1' title='image "./bullarumdiplomat11cath_0579.png"; bbox 0 0 2227 3241; ppageno 0'>
   <div class='ocr_carea' id='block_1_1' title="bbox 0 1924 35 3241">
    <p class='ocr_par' dir='ltr' id='par_1_1' title="bbox 0 1924 35 3241">
     <span class='ocr_line' id='line_1_1' title="bbox 0 1924 35 3241; baseline 0 0"><span class='ocrx_word' id='word_1_1' title='bbox 0 1924 35 3241; x_wconf 95' lang='lat' dir='ltr'> </span> 
     </span>
    </p>
   </div>
   <div class='ocr_carea' id='block_1_2' title="bbox 51 253 235 282">
    <p class='ocr_par' dir='ltr' id='par_1_2' title="bbox 51 253 235 282">
     <span class='ocr_line' id='line_1_2' title="bbox 51 253 235 282; baseline -0.005 0"><span class='ocrx_word' id='word_1_2' title='bbox 51 254 101 282; x_wconf 75' lang='lat' dir='ltr'>An.</span> <span class='ocrx_word' id='word_1_3' title='bbox 114 254 143 281; x_wconf 89' lang='lat' dir='ltr'>G.</span> <span class='ocrx_word' id='word_1_4' title='bbox 165 253 235 282; x_wconf 71' lang='lat'>1608</span> 
     </span>
    </p>
   </div>
   <div class='ocr_carea' id='block_1_3' title="bbox 79 1707 199 1728">
    <p class='ocr_par' dir='ltr' id='par_1_3' title="bbox 79 1707 199 1728">
     <span class='ocr_line' id='line_1_3' title="bbox 79 1707 199 1728; baseline 0 0"><span class='ocrx_word' id='word_1_5' title='bbox 79 1707 199 1728; x_wconf 74' lang='lat' dir='ltr'>Exordium.</span> 
     </span>
    </p>
   </div>
   <div class='ocr_carea' id='block_1_4' title="bbox 52 2081 241 2262">
    <p class='ocr_par' dir='ltr' id='par_1_4' title="bbox 52 2081 241 2262">
     <span class='ocr_line' id='line_1_4' title="bbox 80 2081 239 2103; baseline -0.006 -1"><span class='ocrx_word' id='word_1_6' title='bbox 80 2082 157 2102; x_wconf 69' lang='lat' dir='ltr'>Paulus</span> <span class='ocrx_word' id='word_1_7' title='bbox 168 2081 185 2103; x_wconf 84' lang='lat' dir='ltr'>ll</span> <span class='ocrx_word' id='word_1_8' title='bbox 197 2084 239 2102; x_wconf 81' lang='lat' dir='ltr'>sta-</span> 
     </span>
     <span class='ocr_line' id='line_1_5' title="bbox 54 2109 239 2135; baseline 0.005 -7"><span class='ocrx_word' id='word_1_9' title='bbox 54 2109 104 2129; x_wconf 78' lang='lat' dir='ltr'>tutis</span> <span class='ocrx_word' id='word_1_10' title='bbox 119 2109 239 2135; x_wconf 73' lang='lat' dir='ltr'>pnetusde-</span> 
     </span>
     <span class='ocr_line' id='line_1_6' title="bbox 52 2135 239 2156; baseline 0 -1"><span class='ocrx_word' id='word_1_11' title='bbox 52 2136 119 2156; x_wconf 69' lang='lat' dir='ltr'>crevit</span> <span class='ocrx_word' id='word_1_12' title='bbox 143 2141 154 2156; x_wconf 79' lang='lat' dir='ltr'>a</span> <span class='ocrx_word' id='word_1_13' title='bbox 183 2135 239 2155; x_wconf 68' lang='lat' dir='ltr'>dele-</span> 
     </span>
     <span class='ocr_line' id='line_1_7' title="bbox 54 2162 241 2188; baseline -0.005 -6"><span class='ocrx_word' id='word_1_14' title='bbox 54 2162 107 2187; x_wconf 63' lang='lat' dir='ltr'>gatis</span> <span class='ocrx_word' id='word_1_15' title='bbox 118 2162 241 2188; x_wconf 59' lang='lat' dir='ltr'>apostolicis</span> 
     </span>
     <span class='ocr_line' id='line_1_8' title="bbox 56 2188 241 2209; baseline 0 0"><span class='ocrx_word' id='word_1_16' title='bbox 56 2188 75 2209; x_wconf 88' lang='lat' dir='ltr'>in</span> <span class='ocrx_word' id='word_1_17' title='bbox 91 2189 160 2209; x_wconf 71' lang='lat' dir='ltr'>causis</span> <span class='ocrx_word' id='word_1_18' title='bbox 189 2189 241 2209; x_wconf 78' lang='lat' dir='ltr'>atie-</span> 
     </span>
     <span class='ocr_line' id='line_1_9' title="bbox 56 2216 241 2236; baseline 0.005 -1"><span class='ocrx_word' id='word_1_19' title='bbox 56 2218 163 2235; x_wconf 72' lang='lat' dir='ltr'>nationum</span> <span class='ocrx_word' id='word_1_20' title='bbox 175 2216 241 2236; x_wconf 72' lang='lat' dir='ltr'>bono·</span> 
     </span>
     <span class='ocr_line' id='line_1_10' title="bbox 54 2242 241 2262; baseline -0.005 0"><span class='ocrx_word' id='word_1_21' title='bbox 54 2248 98 2262; x_wconf 85' lang='lat' dir='ltr'>rum</span> <span class='ocrx_word' id='word_1_22' title='bbox 112 2242 187 2262; x_wconf 56' lang='lat' dir='ltr'>eet-tv·</span> <span class='ocrx_word' id='word_1_23' title='bbox 205 2242 241 2262; x_wconf 64' lang='lat' dir='ltr'>sti-</span> 
     </span>
    </p>
   </div>
   <div class='ocr_carea' id='block_1_5' title="bbox 155 2248 256 2306">
    <p class='ocr_par' dir='ltr' id='par_1_5' title="bbox 155 2248 256 2306">
     <span class='ocr_line' id='line_1_11' title="bbox 155 2248 256 2306; baseline 0 -36"><span class='ocrx_word' id='word_1_24' title='bbox 155 2248 256 2306; x_wconf 95' lang='lat' dir='ltr'>     </span> 
     </span>
    </p>
   </div>
   <div class='ocr_carea' id='block_1_6' title="bbox 55 2323 241 2370">
    <p class='ocr_par' dir='ltr' id='par_1_6' title="bbox 55 2323 241 2370">
     <span class='ocr_line' id='line_1_12' title="bbox 55 2323 241 2349; baseline 0 -7"><span class='ocrx_word' id='word_1_25' title='bbox 55 2327 99 2342; x_wconf 84' lang='lat' dir='ltr'>rum</span> <span class='ocrx_word' id='word_1_26' title='bbox 110 2328 156 2341; x_wconf 63' lang='lat' dir='ltr'>esse</span> <span class='ocrx_word' id='word_1_27' title='bbox 175 2323 241 2349; x_wconf 63' lang='lat' dir='ltr'>respi-</span> 
     </span>
     <span class='ocr_line' id='line_1_13' title="bbox 56 2348 161 2370; baseline 0.019 -2"><span class='ocrx_word' id='word_1_28' title='bbox 56 2348 161 2370; x_wconf 72' lang='grc' dir='ltr'>οἰεηιΙωη,</span> 
     </span>
    </p>
   </div>
   <div class='ocr_carea' id='block_1_7' title="bbox 880 254 1003 278">
    <p class='ocr_par' dir='ltr' id='par_1_7' title="bbox 880 254 1003 278">
     <span class='ocr_line' id='line_1_14' title="bbox 880 254 1003 278; baseline 0 0"><span class='ocrx_word' id='word_1_29' title='bbox 880 254 1003 278; x_wconf 71' lang='grc' dir='ltr'>ῬΑῙΠᾸῙΞ</span> 
     </span>
    </p>
   </div>
   <div class='ocr_carea' id='block_1_8' title="bbox 1024 242 1968 278">
    <p class='ocr_par' dir='ltr' id='par_1_8' title="bbox 1024 242 1968 278">
     <span class='ocr_line' id='line_1_15' title="bbox 1024 242 1968 278; baseline 0.001 -1"><span class='ocrx_word' id='word_1_30' title='bbox 1024 254 1043 277; x_wconf 89' lang='lat' dir='ltr'>v</span> <span class='ocrx_word' id='word_1_31' title='bbox 1066 255 1116 277; x_wconf 73' lang='lat' dir='ltr'>rr.</span> <span class='ocrx_word' id='word_1_32' title='bbox 1677 242 1735 275; x_wconf 67' lang='lat'>541</span> <span class='ocrx_word' id='word_1_33' title='bbox 1787 252 1878 277; x_wconf 55' lang='lat' dir='ltr'>Aac.</span> <span class='ocrx_word' id='word_1_34' title='bbox 1904 251 1968 278; x_wconf 70' lang='lat'>1608</span> 
     </span>
    </p>
   </div>
   <div class='ocr_carea' id='block_1_9' title="bbox 251 301 1765 346">
    <p class='ocr_par' dir='ltr' id='par_1_9' title="bbox 251 301 1765 346">
     <span class='ocr_line' id='line_1_16' title="bbox 251 301 1765 346; baseline -0.001 -11"><span class='ocrx_word' id='word_1_35' title='bbox 251 312 287 336; x_wconf 86' lang='lat' dir='ltr'>ac</span> <span class='ocrx_word' id='word_1_36' title='bbox 307 301 339 334; x_wconf 91' lang='lat' dir='ltr'>in</span> <span class='ocrx_word' id='word_1_37' title='bbox 361 301 595 346; x_wconf 82' lang='lat' dir='ltr'><strong>compellendis</strong></span> <span class='ocrx_word' id='word_1_38' title='bbox 616 301 839 335; x_wconf 83' lang='lat' dir='ltr'>ecclesiasticis</span> <span class='ocrx_word' id='word_1_39' title='bbox 864 302 989 336; x_wconf 81' lang='lat' dir='ltr'>debitus</span> <span class='ocrx_word' id='word_1_40' title='bbox 1024 301 1055 334; x_wconf 92' lang='lat' dir='ltr'>in</span> <span class='ocrx_word' id='word_1_41' title='bbox 1075 301 1377 335; x_wconf 82' lang='lat' dir='ltr'>commissionibus¹</span> <span class='ocrx_word' id='word_1_42' title='bbox 1398 302 1628 335; x_wconf 68' lang='lat' dir='ltr'>alienationum</span> <span class='ocrx_word' id='word_1_43' title='bbox 1656 312 1765 335; x_wconf 88' lang='lat' dir='ltr'>rerum</span> 
     </span>
    </p>
   </div>
   <div class='ocr_carea' id='block_1_10' title="bbox 249 354 989 558">
    <p class='ocr_par' dir='ltr' id='par_1_10' title="bbox 249 354 901 389">
     <span class='ocr_line' id='line_1_17' title="bbox 249 354 901 389; baseline 0.002 -1"><span class='ocrx_word' id='word_1_44' title='bbox 249 354 356 388; x_wconf 90' lang='lat' dir='ltr'>honor</span> <span class='ocrx_word' id='word_1_45' title='bbox 369 361 399 388; x_wconf 89' lang='lat' dir='ltr'>et</span> <span class='ocrx_word' id='word_1_46' title='bbox 411 355 589 389; x_wconf 84' lang='lat' dir='ltr'>reverentia</span> <span class='ocrx_word' id='word_1_47' title='bbox 605 355 715 389; x_wconf 86' lang='lat' dir='ltr'>Ordini</span> <span class='ocrx_word' id='word_1_48' title='bbox 735 355 901 389; x_wconf 73' lang='lat' dir='ltr'>habeatur.</span> 
     </span>
    </p>

    <p class='ocr_par' dir='ltr' id='par_1_11' title="bbox 250 409 989 558">
     <span class='ocr_line' id='line_1_18' title="bbox 293 409 989 452; baseline 0.001 -11"><span class='ocrx_word' id='word_1_49' title='bbox 293 409 407 442; x_wconf 88' lang='lat' dir='ltr'>Datum</span> <span class='ocrx_word' id='word_1_50' title='bbox 429 409 550 442; x_wconf 88' lang='lat' dir='ltr'>Romae</span> <span class='ocrx_word' id='word_1_51' title='bbox 577 409 662 452; x_wconf 88' lang='lat' dir='ltr'>apud</span> <span class='ocrx_word' id='word_1_52' title='bbox 692 409 721 442; x_wconf 89' lang='lat' dir='ltr'>S.</span> <span class='ocrx_word' id='word_1_53' title='bbox 743 409 904 449; x_wconf 82' lang='lat' dir='ltr'>Marcum,</span> <span class='ocrx_word' id='word_1_54' title='bbox 931 409 989 442; x_wconf 87' lang='lat' dir='ltr'>sub</span> 
     </span>
     <span class='ocr_line' id='line_1_19' title="bbox 250 461 987 503; baseline 0.001 -9"><span class='ocrx_word' id='word_1_55' title='bbox 250 462 371 494; x_wconf 87' lang='lat' dir='ltr'>annulo</span> <span class='ocrx_word' id='word_1_56' title='bbox 392 461 572 503; x_wconf 83' lang='lat' dir='ltr'>Piscatoris‚</span> <span class='ocrx_word' id='word_1_57' title='bbox 596 462 648 495; x_wconf 86' lang='lat' dir='ltr'>die</span> <span class='ocrx_word' id='word_1_58' title='bbox 668 472 728 495; x_wconf 76' lang='lat' dir='ltr'>xxx</span> <span class='ocrx_word' id='word_1_59' title='bbox 751 461 817 494; x_wconf 89' lang='lat' dir='ltr'>iulii</span> <span class='ocrx_word' id='word_1_60' title='bbox 844 471 987 502; x_wconf 64' lang='lat' dir='ltr'>innomi,</span> 
     </span>
     <span class='ocr_line' id='line_1_20' title="bbox 251 514 752 558; baseline 0.002 -11"><span class='ocrx_word' id='word_1_61' title='bbox 251 514 459 558; x_wconf 83' lang='lat' dir='ltr'>pontificatus</span> <span class='ocrx_word' id='word_1_62' title='bbox 483 515 584 548; x_wconf 81' lang='lat' dir='ltr'>nostri</span> <span class='ocrx_word' id='word_1_63' title='bbox 605 525 690 548; x_wconf 87' lang='lat' dir='ltr'>anno</span> <span class='ocrx_word' id='word_1_64' title='bbox 712 525 752 548; x_wconf 82' lang='lat' dir='ltr'>tv.</span> 
     </span>
    </p>
   </div>
   <div class='ocr_carea' id='block_1_11' title="bbox 285 575 883 614">
    <p class='ocr_par' dir='ltr' id='par_1_12' title="bbox 285 575 883 614">
     <span class='ocr_line' id='line_1_21' title="bbox 285 575 883 614; baseline 0.003 -10"><span class='ocrx_word' id='word_1_65' title='bbox 285 578 344 605; x_wconf 85' lang='lat' dir='ltr'>Dat.</span> <span class='ocrx_word' id='word_1_66' title='bbox 367 578 411 605; x_wconf 86' lang='lat' dir='ltr'>die</span> <span class='ocrx_word' id='word_1_67' title='bbox 430 575 541 605; x_wconf 83' lang='lat' dir='ltr'>30&#39;iutii</span> <span class='ocrx_word' id='word_1_68' title='bbox 563 578 641 611; x_wconf 81' lang='lat'><strong>1608,</strong></span> <span class='ocrx_word' id='word_1_69' title='bbox 663 578 757 614; x_wconf 83' lang='lat' dir='ltr'>pontis.</span> <span class='ocrx_word' id='word_1_70' title='bbox 782 586 825 605; x_wconf 49' lang='lat' dir='ltr'>an¹</span> <span class='ocrx_word' id='word_1_71' title='bbox 849 586 883 606; x_wconf 79' lang='lat' dir='ltr'>tv.</span> 
     </span>
    </p>
   </div>
   <div class='ocr_carea' id='block_1_12' title="bbox 514 667 725 671">
    <p class='ocr_par' dir='ltr' id='par_1_13' title="bbox 514 667 725 671">
     <span class='ocr_line' id='line_1_22' title="bbox 514 667 725 671; baseline 0 0"><span class='ocrx_word' id='word_1_72' title='bbox 514 667 725 671; x_wconf 95' lang='lat' dir='ltr'> </span> 
     </span>
    </p>
   </div>
   <div class='ocr_carea' id='block_1_13' title="bbox 1023 355 1769 719">
    <p class='ocr_par' dir='ltr' id='par_1_14' title="bbox 1023 355 1769 719">
     <span class='ocr_line' id='line_1_23' title="bbox 1024 355 1766 391; baseline -0.001 -3"><span class='ocrx_word' id='word_1_73' title='bbox 1024 355 1315 388; x_wconf 81' lang='lat' dir='ltr'>ecclesiasticarum</span> <span class='ocrx_word' id='word_1_74' title='bbox 1344 355 1494 388; x_wconf 78' lang='lat' dir='ltr'>convenit</span> <span class='ocrx_word' id='word_1_75' title='bbox 1520 355 1705 391; x_wconf 68' lang='lat' dir='ltr'>observari,</span> <span class='ocrx_word' id='word_1_76' title='bbox 1735 355 1766 387; x_wconf 93' lang='lat' dir='ltr'>in</span> 
     </span>
     <span class='ocr_line' id='line_1_24' title="bbox 1024 408 1768 452; baseline 0.001 -12"><span class='ocrx_word' id='word_1_77' title='bbox 1024 408 1141 451; x_wconf 90' lang='lat' dir='ltr'>quibus</span> <span class='ocrx_word' id='word_1_78' title='bbox 1162 408 1201 441; x_wconf 90' lang='lat' dir='ltr'>de</span> <span class='ocrx_word' id='word_1_79' title='bbox 1226 408 1339 441; x_wconf 81' lang='lat' dir='ltr'>Christi</span> <span class='ocrx_word' id='word_1_80' title='bbox 1366 408 1563 452; x_wconf 88' lang='lat' dir='ltr'>patrimonio</span> <span class='ocrx_word' id='word_1_81' title='bbox 1589 414 1619 441; x_wconf 88' lang='lat' dir='ltr'>et</span> <span class='ocrx_word' id='word_1_82' title='bbox 1640 408 1768 452; x_wconf 83' lang='lat' dir='ltr'>dispen-</span> 
     </span>
     <span class='ocr_line' id='line_1_25' title="bbox 1023 461 1767 506; baseline 0.003 -13"><span class='ocrx_word' id='word_1_83' title='bbox 1023 461 1146 494; x_wconf 82' lang='lat' dir='ltr'>satione</span> <span class='ocrx_word' id='word_1_84' title='bbox 1164 472 1355 506; x_wconf 83' lang='lat' dir='ltr'>pauperum,</span> <span class='ocrx_word' id='word_1_85' title='bbox 1369 472 1433 495; x_wconf 89' lang='lat' dir='ltr'>non</span> <span class='ocrx_word' id='word_1_86' title='bbox 1452 463 1489 495; x_wconf 91' lang='lat' dir='ltr'>de</span> <span class='ocrx_word' id='word_1_87' title='bbox 1511 462 1642 506; x_wconf 90' lang='lat' dir='ltr'>proprio</span> <span class='ocrx_word' id='word_1_88' title='bbox 1659 463 1767 495; x_wconf 86' lang='lat' dir='ltr'>cuius-</span> 
     </span>
     <span class='ocr_line' id='line_1_26' title="bbox 1024 515 1764 558; baseline 0.003 -11"><span class='ocrx_word' id='word_1_89' title='bbox 1024 525 1086 558; x_wconf 87' lang='lat' dir='ltr'>que</span> <span class='ocrx_word' id='word_1_90' title='bbox 1107 515 1247 558; x_wconf 88' lang='lat' dir='ltr'>peculio,</span> <span class='ocrx_word' id='word_1_91' title='bbox 1273 515 1379 558; x_wconf 74' lang='lat' dir='ltr'>agitur</span> <span class='ocrx_word' id='word_1_92' title='bbox 1404 522 1459 549; x_wconf 86' lang='lat' dir='ltr'>aut</span> <span class='ocrx_word' id='word_1_93' title='bbox 1486 522 1649 549; x_wconf 81' lang='lat' dir='ltr'>tractatur.</span> <span class='ocrx_word' id='word_1_94' title='bbox 1677 516 1764 555; x_wconf 85' lang='lat' dir='ltr'>Oua—</span> 
     </span>
     <span class='ocr_line' id='line_1_27' title="bbox 1024 570 1769 612; baseline 0.001 -11"><span class='ocrx_word' id='word_1_95' title='bbox 1024 574 1157 612; x_wconf 88' lang='lat' dir='ltr'>propter</span> <span class='ocrx_word' id='word_1_96' title='bbox 1174 575 1311 612; x_wconf 87' lang='lat' dir='ltr'>oportet,</span> <span class='ocrx_word' id='word_1_97' title='bbox 1329 570 1414 609; x_wconf 88' lang='lat' dir='ltr'>ut,in</span> <span class='ocrx_word' id='word_1_98' title='bbox 1427 570 1647 603; x_wconf 74' lang='lat' dir='ltr'>examinandis</span> <span class='ocrx_word' id='word_1_99' title='bbox 1661 570 1769 603; x_wconf 82' lang='lat' dir='ltr'>liuius-</span> 
     </span>
     <span class='ocr_line' id='line_1_28' title="bbox 1026 622 1768 667; baseline 0.004 -13"><span class='ocrx_word' id='word_1_100' title='bbox 1026 622 1113 655; x_wconf 88' lang='lat' dir='ltr'>modi</span> <span class='ocrx_word' id='word_1_101' title='bbox 1125 623 1357 656; x_wconf 76' lang='lat' dir='ltr'>alienationum</span> <span class='ocrx_word' id='word_1_102' title='bbox 1371 623 1485 664; x_wconf 80' lang='lat' dir='ltr'>causis,</span> <span class='ocrx_word' id='word_1_103' title='bbox 1503 634 1584 667; x_wconf 82' lang='lat' dir='ltr'>quae</span> <span class='ocrx_word' id='word_1_104' title='bbox 1598 634 1616 657; x_wconf 86' lang='lat' dir='ltr'>a</span> <span class='ocrx_word' id='word_1_105' title='bbox 1629 624 1710 657; x_wconf 83' lang='lat' dir='ltr'>Sede</span> <span class='ocrx_word' id='word_1_106' title='bbox 1728 626 1768 657; x_wconf 87' lang='lat' dir='ltr'>A-</span> 
     </span>
     <span class='ocr_line' id='line_1_29' title="bbox 1024 676 1769 719; baseline 0.001 -10"><span class='ocrx_word' id='word_1_107' title='bbox 1024 676 1180 719; x_wconf 79' lang='lat' dir='ltr'>postolica</span> <span class='ocrx_word' id='word_1_108' title='bbox 1202 676 1234 709; x_wconf 91' lang='lat' dir='ltr'>in</span> <span class='ocrx_word' id='word_1_109' title='bbox 1255 677 1358 709; x_wconf 72' lang='lat' dir='ltr'>forma</span> <span class='ocrx_word' id='word_1_110' title='bbox 1376 677 1459 711; x_wconf 69' lang='lat' dir='ltr'>Siin</span> <span class='ocrx_word' id='word_1_111' title='bbox 1477 677 1654 710; x_wconf 71' lang='lat' dir='ltr'>evidentem</span> <span class='ocrx_word' id='word_1_112' title='bbox 1678 677 1769 710; x_wconf 73' lang='lat' dir='ltr'>utiti-</span> 
     </span>
    </p>
   </div>
   <div class='ocr_carea' id='block_1_14' title="bbox 971 730 1767 771">
    <p class='ocr_par' dir='ltr' id='par_1_15' title="bbox 971 730 1767 771">
     <span class='ocr_line' id='line_1_30' title="bbox 971 730 1767 771; baseline 0.001 -9"><span class='ocrx_word' id='word_1_113' title='bbox 971 760 975 761; x_wconf 15' lang='grc' dir='ltr'><em>γ</em></span> <span class='ocrx_word' id='word_1_114' title='bbox 1026 733 1123 762; x_wconf 77' lang='lat' dir='ltr'>tatem</span> <span class='ocrx_word' id='word_1_115' title='bbox 1143 730 1280 771; x_wconf 78' lang='lat' dir='ltr'>cedant,</span> <span class='ocrx_word' id='word_1_116' title='bbox 1309 731 1450 764; x_wconf 87' lang='lat' dir='ltr'>oneratis</span> <span class='ocrx_word' id='word_1_117' title='bbox 1476 731 1767 764; x_wconf 83' lang='lat' dir='ltr'>ecclesiasticorum</span> 
     </span>
    </p>
   </div>
   <div class='ocr_carea' id='block_1_15' title="bbox 561 767 672 801">
    <p class='ocr_par' dir='ltr' id='par_1_16' title="bbox 561 767 672 801">
     <span class='ocr_line' id='line_1_31' title="bbox 561 767 672 801; baseline 0 0"><span class='ocrx_word' id='word_1_118' title='bbox 561 767 672 801; x_wconf 69' lang='lat' dir='ltr'>exvlt.</span> 
     </span>
    </p>
   </div>
   <div class='ocr_carea' id='block_1_16' title="bbox 251 891 993 1308">
    <p class='ocr_par' dir='ltr' id='par_1_17' title="bbox 251 891 993 1308">
     <span class='ocr_line' id='line_1_32' title="bbox 251 891 987 935; baseline -0.001 -10"><span class='ocrx_word' id='word_1_119' title='bbox 251 891 380 925; x_wconf 76' lang='lat' dir='ltr'>Nuncio</span> <span class='ocrx_word' id='word_1_120' title='bbox 403 891 579 935; x_wconf 76' lang='lat' dir='ltr'>apostolico</span> <span class='ocrx_word' id='word_1_121' title='bbox 603 892 693 935; x_wconf 72' lang='lat' dir='ltr'>apud</span> <span class='ocrx_word' id='word_1_122' title='bbox 716 892 879 925; x_wconf 64' lang='lat' dir='ltr'>Helvetios</span> <span class='ocrx_word' id='word_1_123' title='bbox 900 903 987 925; x_wconf 78' lang='lat' dir='ltr'>com.-</span> 
     </span>
     <span class='ocr_line' id='line_1_33' title="bbox 292 946 992 989; baseline 0.003 -12"><span class='ocrx_word' id='word_1_124' title='bbox 292 946 439 979; x_wconf 74' lang='lat' dir='ltr'>moranli</span> <span class='ocrx_word' id='word_1_125' title='bbox 447 946 673 985; x_wconf 76' lang='lat' dir='ltr'>committitur,</span> <span class='ocrx_word' id='word_1_126' title='bbox 686 950 723 979; x_wconf 79' lang='lat' dir='ltr'>u!</span> <span class='ocrx_word' id='word_1_127' title='bbox 734 946 910 989; x_wconf 80' lang='lat' dir='ltr'>quamdam</span> <span class='ocrx_word' id='word_1_128' title='bbox 924 957 992 979; x_wconf 79' lang='lat' dir='ltr'>cou-</span> 
     </span>
     <span class='ocr_line' id='line_1_34' title="bbox 293 999 992 1042; baseline 0.001 -11"><span class='ocrx_word' id='word_1_129' title='bbox 293 999 437 1032; x_wconf 73' lang='lat' dir='ltr'>cordv&#39;am</span> <span class='ocrx_word' id='word_1_130' title='bbox 460 1009 557 1042; x_wconf 72' lang='lat' dir='ltr'>super</span> <span class='ocrx_word' id='word_1_131' title='bbox 576 999 749 1032; x_wconf 74' lang='lat' dir='ltr'>nonnullis</span> <span class='ocrx_word' id='word_1_132' title='bbox 775 1000 864 1032; x_wconf 74' lang='lat' dir='ltr'>bonis</span> <span class='ocrx_word' id='word_1_133' title='bbox 889 1004 917 1033; x_wconf 82' lang='lat' dir='ltr'>et</span> <span class='ocrx_word' id='word_1_134' title='bbox 942 1001 992 1032; x_wconf 71' lang='lat' dir='ltr'>iu-</span> 
     </span>
     <span class='ocr_line' id='line_1_35' title="bbox 293 1052 993 1093; baseline 0.003 -9"><span class='ocrx_word' id='word_1_135' title='bbox 293 1052 385 1084; x_wconf 69' lang='lat' dir='ltr'>ribus</span> <span class='ocrx_word' id='word_1_136' title='bbox 399 1053 530 1093; x_wconf 58' lang='lat' dir='ltr'>initam,</span> <span class='ocrx_word' id='word_1_137' title='bbox 543 1053 629 1086; x_wconf 70' lang='lat' dir='ltr'>inter</span> <span class='ocrx_word' id='word_1_138' title='bbox 640 1053 786 1086; x_wconf 74' lang='lat' dir='ltr'>abbatem</span> <span class='ocrx_word' id='word_1_139' title='bbox 801 1054 993 1086; x_wconf 72' lang='lat' dir='ltr'>monasterii</span> 
     </span>
     <span class='ocr_line' id='line_1_36' title="bbox 294 1106 993 1150; baseline 0.001 -12"><span class='ocrx_word' id='word_1_140' title='bbox 294 1106 401 1138; x_wconf 71' lang='lat' dir='ltr'>sancti</span> <span class='ocrx_word' id='word_1_141' title='bbox 422 1106 513 1140; x_wconf 74' lang='lat' dir='ltr'>Galli</span> <span class='ocrx_word' id='word_1_142' title='bbox 536 1106 664 1139; x_wconf 71' lang='lat' dir='ltr'>nullius</span> <span class='ocrx_word' id='word_1_143' title='bbox 689 1106 838 1139; x_wconf 69' lang='lat' dir='ltr'>dioecesis·</span> <span class='ocrx_word' id='word_1_144' title='bbox 860 1108 993 1150; x_wconf 71' lang='lat' dir='ltr'>proriu-</span> 
     </span>
     <span class='ocr_line' id='line_1_37' title="bbox 294 1159 992 1203; baseline 0.001 -12"><span class='ocrx_word' id='word_1_145' title='bbox 294 1159 362 1192; x_wconf 67' lang='grc' dir='ltr'>εἶαρ</span> <span class='ocrx_word' id='word_1_146' title='bbox 377 1159 607 1202; x_wconf 64' lang='lat' dir='ltr'>Mammtinae,</span> <span class='ocrx_word' id='word_1_147' title='bbox 630 1164 658 1192; x_wconf 80' lang='lat' dir='ltr'>et</span> <span class='ocrx_word' id='word_1_148' title='bbox 676 1159 820 1193; x_wconf 62' lang='lat' dir='ltr'>consules</span> <span class='ocrx_word' id='word_1_149' title='bbox 837 1171 874 1192; x_wconf 77' lang='lat' dir='ltr'>ac</span> <span class='ocrx_word' id='word_1_150' title='bbox 892 1160 992 1203; x_wconf 61' lang='lat' dir='ltr'>niani-</span> 
     </span>
     <span class='ocr_line' id='line_1_38' title="bbox 293 1213 989 1257; baseline 0 -12"><span class='ocrx_word' id='word_1_151' title='bbox 293 1217 434 1246; x_wconf 76' lang='lat' dir='ltr'>slratum</span> <span class='ocrx_word' id='word_1_152' title='bbox 458 1213 571 1257; x_wconf 74' lang='lat' dir='ltr'>oppidi</span> <span class='ocrx_word' id='word_1_153' title='bbox 596 1213 741 1255; x_wconf 72' lang='lat' dir='ltr'>Wanqen</span> <span class='ocrx_word' id='word_1_154' title='bbox 767 1215 802 1246; x_wconf 67' lang='lat' dir='ltr'>in</span> <span class='ocrx_word' id='word_1_155' title='bbox 828 1214 989 1254; x_wconf 64' lang='lat' dir='ltr'>Helvetia,</span> 
     </span>
     <span class='ocr_line' id='line_1_39' title="bbox 295 1265 473 1308; baseline 0 -9"><span class='ocrx_word' id='word_1_156' title='bbox 295 1265 473 1308; x_wconf 79' lang='lat' dir='ltr'>confirmet.</span> 
     </span>
    </p>
   </div>
   <div class='ocr_carea' id='block_1_17' title="bbox 453 1375 805 1455">
    <p class='ocr_par' dir='ltr' id='par_1_18' title="bbox 453 1375 805 1455">
     <span class='ocr_line' id='line_1_40' title="bbox 474 1375 768 1409; baseline 0.003 -7"><span class='ocrx_word' id='word_1_157' title='bbox 474 1375 585 1402; x_wconf 84' lang='lat' dir='ltr'>Paulus</span> <span class='ocrx_word' id='word_1_158' title='bbox 606 1375 768 1409; x_wconf 74' lang='lat' dir='ltr'>Episcopus</span> 
     </span>
     <span class='ocr_line' id='line_1_41' title="bbox 453 1429 805 1455; baseline 0.003 -1"><span class='ocrx_word' id='word_1_159' title='bbox 453 1435 559 1455; x_wconf 84' lang='lat' dir='ltr'>servus</span> <span class='ocrx_word' id='word_1_160' title='bbox 580 1435 734 1455; x_wconf 81' lang='lat' dir='ltr'>servorum</span> <span class='ocrx_word' id='word_1_161' title='bbox 755 1429 805 1455; x_wconf 85' lang='lat' dir='ltr'>Dei</span> 
     </span>
    </p>
   </div>
   <div class='ocr_carea' id='block_1_18' title="bbox 251 1498 1010 1636">
    <p class='ocr_par' dir='ltr' id='par_1_19' title="bbox 251 1498 1010 1636">
     <span class='ocr_line' id='line_1_42' title="bbox 251 1498 1010 1536; baseline 0.004 -10"><span class='ocrx_word' id='word_1_162' title='bbox 251 1498 366 1527; x_wconf 77' lang='lat' dir='ltr'>Dilecto</span> <span class='ocrx_word' id='word_1_163' title='bbox 390 1499 452 1526; x_wconf 85' lang='lat' dir='ltr'>filio</span> <span class='ocrx_word' id='word_1_164' title='bbox 472 1500 582 1527; x_wconf 83' lang='lat' dir='ltr'>nuncio</span> <span class='ocrx_word' id='word_1_165' title='bbox 603 1500 768 1534; x_wconf 78' lang='lat' dir='ltr'>apostolico</span> <span class='ocrx_word' id='word_1_166' title='bbox 789 1501 865 1536; x_wconf 82' lang='lat' dir='ltr'>apud</span> <span class='ocrx_word' id='word_1_167' title='bbox 886 1501 1010 1536; x_wconf 44' lang='lat' dir='ltr'>Helve-¹</span> 
     </span>
     <span class='ocr_line' id='line_1_43' title="bbox 286 1552 992 1589; baseline 0.003 -9"><span class='ocrx_word' id='word_1_168' title='bbox 286 1552 345 1581; x_wconf 85' lang='lat' dir='ltr'>tios</span> <span class='ocrx_word' id='word_1_169' title='bbox 361 1554 553 1581; x_wconf 82' lang='lat' dir='ltr'>commoranti</span> <span class='ocrx_word' id='word_1_170' title='bbox 570 1577 576 1585; x_wconf 82' lang='grc'>,</span> <span class='ocrx_word' id='word_1_171' title='bbox 593 1555 724 1582; x_wconf 81' lang='lat' dir='ltr'>salutem</span> <span class='ocrx_word' id='word_1_172' title='bbox 747 1558 778 1582; x_wconf 82' lang='lat' dir='ltr'>et</span> <span class='ocrx_word' id='word_1_173' title='bbox 796 1555 992 1589; x_wconf 82' lang='lat' dir='ltr'>apostolicam</span> 
     </span>
     <span class='ocr_line' id='line_1_44' title="bbox 285 1608 570 1636; baseline 0 0"><span class='ocrx_word' id='word_1_174' title='bbox 285 1608 536 1636; x_wconf 77' lang='lat' dir='ltr'>benedictionem.</span> <span class='ocrx_word' id='word_1_175' title='bbox 559 1621 570 1630; x_wconf 88' lang='lat'><strong>·</strong></span> 
     </span>
    </p>
   </div>
   <div class='ocr_carea' id='block_1_19' title="bbox 251 1696 997 2279">
    <p class='ocr_par' dir='ltr' id='par_1_20' title="bbox 251 1696 994 2054">
     <span class='ocr_line' id='line_1_45' title="bbox 295 1696 994 1741; baseline 0.003 -11"><span class='ocrx_word' id='word_1_176' title='bbox 295 1696 350 1730; x_wconf 87' lang='lat' dir='ltr'>llis</span> <span class='ocrx_word' id='word_1_177' title='bbox 370 1707 464 1741; x_wconf 83' lang='lat' dir='ltr'>quae,</span> <span class='ocrx_word' id='word_1_178' title='bbox 481 1708 540 1741; x_wconf 90' lang='lat' dir='ltr'>pro</span> <span class='ocrx_word' id='word_1_179' title='bbox 558 1698 828 1731; x_wconf 75' lang='lat' dir='ltr'>monasteriorum</span> <span class='ocrx_word' id='word_1_180' title='bbox 856 1704 884 1731; x_wconf 83' lang='lat' dir='ltr'>et</span> <span class='ocrx_word' id='word_1_181' title='bbox 915 1699 994 1733; x_wconf 87' lang='lat' dir='ltr'>alio-</span> 
     </span>
     <span class='ocr_line' id='line_1_46' title="bbox 251 1750 994 1793; baseline 0.004 -11"><span class='ocrx_word' id='word_1_182' title='bbox 251 1760 323 1783; x_wconf 88' lang='lat' dir='ltr'>rum</span> <span class='ocrx_word' id='word_1_183' title='bbox 345 1750 571 1793; x_wconf 82' lang='lat' dir='ltr'>religiosorum</span> <span class='ocrx_word' id='word_1_184' title='bbox 598 1752 743 1785; x_wconf 87' lang='lat' dir='ltr'>locorum</span> <span class='ocrx_word' id='word_1_185' title='bbox 769 1753 942 1785; x_wconf 82' lang='lat' dir='ltr'>commodo</span> <span class='ocrx_word' id='word_1_186' title='bbox 964 1759 994 1786; x_wconf 82' lang='lat' dir='ltr'>et</span> 
     </span>
     <span class='ocr_line' id='line_1_47' title="bbox 251 1796 993 1842; baseline 0.004 -6"><span class='ocrx_word' id='word_1_187' title='bbox 251 1804 410 1842; x_wconf 80' lang='lat' dir='ltr'>utilitate,</span> <span class='ocrx_word' id='word_1_188' title='bbox 438 1814 474 1837; x_wconf 86' lang='lat' dir='ltr'>ex</span> <span class='ocrx_word' id='word_1_189' title='bbox 496 1805 671 1838; x_wconf 73' lang='lat' dir='ltr'>concordia</span> <span class='ocrx_word' id='word_1_190' title='bbox 696 1816 752 1838; x_wconf 88' lang='lat' dir='ltr'>seu</span> <span class='ocrx_word' id='word_1_191' title='bbox 779 1796 993 1840; x_wconf 76' lang='lat' dir='ltr'>transactione</span> 
     </span>
     <span class='ocr_line' id='line_1_48' title="bbox 251 1857 994 1901; baseline 0.005 -11"><span class='ocrx_word' id='word_1_192' title='bbox 251 1857 386 1901; x_wconf 86' lang='lat' dir='ltr'>provide</span> <span class='ocrx_word' id='word_1_193' title='bbox 416 1858 498 1891; x_wconf 80' lang='lat' dir='ltr'>sacta</span> <span class='ocrx_word' id='word_1_194' title='bbox 528 1858 622 1892; x_wconf 81' lang='lat' dir='ltr'>fuisse</span> <span class='ocrx_word' id='word_1_195' title='bbox 647 1859 818 1901; x_wconf 84' lang='lat' dir='ltr'>dicuntur,</span> <span class='ocrx_word' id='word_1_196' title='bbox 843 1866 877 1893; x_wconf 90' lang='lat' dir='ltr'>ut</span> <span class='ocrx_word' id='word_1_197' title='bbox 901 1860 994 1894; x_wconf 76' lang='lat' dir='ltr'>firma</span> 
     </span>
     <span class='ocr_line' id='line_1_49' title="bbox 252 1911 991 1956; baseline 0.004 -12"><span class='ocrx_word' id='word_1_198' title='bbox 252 1916 408 1955; x_wconf 88' lang='lat' dir='ltr'>perpetuo</span> <span class='ocrx_word' id='word_1_199' title='bbox 431 1917 462 1944; x_wconf 92' lang='lat' dir='ltr'>et</span> <span class='ocrx_word' id='word_1_200' title='bbox 483 1911 605 1946; x_wconf 88' lang='lat' dir='ltr'>illibata</span> <span class='ocrx_word' id='word_1_201' title='bbox 633 1913 815 1956; x_wconf 70' lang='lat' dir='ltr'>persistant,</span> <span class='ocrx_word' id='word_1_202' title='bbox 836 1914 991 1956; x_wconf 81' lang='lat' dir='ltr'>libenter,</span> 
     </span>
     <span class='ocr_line' id='line_1_50' title="bbox 253 1964 994 2010; baseline 0.004 -13"><span class='ocrx_word' id='word_1_203' title='bbox 253 1974 326 1998; x_wconf 91' lang='lat' dir='ltr'>cum</span> <span class='ocrx_word' id='word_1_204' title='bbox 352 1975 371 1997; x_wconf 86' lang='lat' dir='ltr'>a</span> <span class='ocrx_word' id='word_1_205' title='bbox 394 1964 488 1998; x_wconf 89' lang='lat' dir='ltr'>nobis</span> <span class='ocrx_word' id='word_1_206' title='bbox 513 1965 644 2009; x_wconf 87' lang='lat' dir='ltr'>petitur,</span> <span class='ocrx_word' id='word_1_207' title='bbox 668 1967 835 2010; x_wconf 88' lang='lat' dir='ltr'>apostolici</span> <span class='ocrx_word' id='word_1_208' title='bbox 863 1968 994 2001; x_wconf 86' lang='lat' dir='ltr'>manda-</span> 
     </span>
     <span class='ocr_line' id='line_1_51' title="bbox 254 2018 857 2054; baseline 0.003 -3"><span class='ocrx_word' id='word_1_209' title='bbox 254 2028 325 2052; x_wconf 87' lang='lat' dir='ltr'>mus</span> <span class='ocrx_word' id='word_1_210' title='bbox 342 2018 436 2051; x_wconf 86' lang='lat' dir='ltr'>adiiei</span> <span class='ocrx_word' id='word_1_211' title='bbox 452 2019 640 2053; x_wconf 85' lang='lat' dir='ltr'>muniminis</span> <span class='ocrx_word' id='word_1_212' title='bbox 662 2019 857 2054; x_wconf 79' lang='lat' dir='ltr'>firmitatem.</span> 
     </span>
    </p>

    <p class='ocr_par' dir='ltr' id='par_1_21' title="bbox 255 2071 997 2279">
     <span class='ocr_line' id='line_1_52' title="bbox 299 2071 995 2116; baseline 0.006 -12"><span class='ocrx_word' id='word_1_213' title='bbox 299 2073 316 2114; x_wconf 65' lang='lat' dir='ltr'>g</span> <span class='ocrx_word' id='word_1_214' title='bbox 337 2071 367 2105; x_wconf 79' lang='grc'>1.</span> <span class='ocrx_word' id='word_1_215' title='bbox 391 2072 517 2105; x_wconf 88' lang='lat' dir='ltr'>Dudum</span> <span class='ocrx_word' id='word_1_216' title='bbox 547 2072 707 2116; x_wconf 85' lang='lat' dir='ltr'>siquidem</span> <span class='ocrx_word' id='word_1_217' title='bbox 730 2083 748 2106; x_wconf 84' lang='lat' dir='ltr'>a</span> <span class='ocrx_word' id='word_1_218' title='bbox 768 2074 868 2107; x_wconf 82' lang='lat' dir='ltr'>felicis</span> <span class='ocrx_word' id='word_1_219' title='bbox 888 2085 995 2108; x_wconf 87' lang='lat' dir='ltr'>recor—</span> 
     </span>
     <span class='ocr_line' id='line_1_53' title="bbox 255 2125 997 2171; baseline 0.005 -12"><span class='ocrx_word' id='word_1_220' title='bbox 255 2125 394 2160; x_wconf 82' lang='lat' dir='ltr'>dationis</span> <span class='ocrx_word' id='word_1_221' title='bbox 411 2126 509 2159; x_wconf 79' lang='lat' dir='ltr'>Paulo</span> <span class='ocrx_word' id='word_1_222' title='bbox 524 2127 608 2170; x_wconf 83' lang='lat' dir='ltr'>Papa</span> <span class='ocrx_word' id='word_1_223' title='bbox 622 2127 658 2167; x_wconf 88' lang='lat' dir='ltr'>lt,</span> <span class='ocrx_word' id='word_1_224' title='bbox 675 2128 922 2171; x_wconf 80' lang='lat' dir='ltr'>praedecessore</span> <span class='ocrx_word' id='word_1_225' title='bbox 939 2139 997 2163; x_wconf 90' lang='lat' dir='ltr'>no-</span> 
     </span>
     <span class='ocr_line' id='line_1_54' title="bbox 256 2181 994 2220; baseline 0.004 -7"><span class='ocrx_word' id='word_1_226' title='bbox 256 2186 340 2220; x_wconf 87' lang='lat' dir='ltr'>stro,</span> <span class='ocrx_word' id='word_1_227' title='bbox 369 2187 561 2213; x_wconf 85' lang='lat' dir='ltr'>emanarunt</span> <span class='ocrx_word' id='word_1_228' title='bbox 586 2181 710 2214; x_wconf 85' lang='lat' dir='ltr'>litterae</span> <span class='ocrx_word' id='word_1_229' title='bbox 737 2182 856 2215; x_wconf 79' lang='lat' dir='ltr'>tenoris</span> <span class='ocrx_word' id='word_1_230' title='bbox 880 2183 994 2216; x_wconf 85' lang='lat' dir='ltr'>subse-</span> 
     </span>
     <span class='ocr_line' id='line_1_55' title="bbox 256 2233 997 2279; baseline 0.003 -13"><span class='ocrx_word' id='word_1_231' title='bbox 256 2233 384 2277; x_wconf 88' lang='lat' dir='ltr'>quentis</span> <span class='ocrx_word' id='word_1_232' title='bbox 404 2261 411 2272; x_wconf 83' lang='lat'>,</span> <span class='ocrx_word' id='word_1_233' title='bbox 445 2233 634 2267; x_wconf 78' lang='lat' dir='ltr'>videlicet¹z</span> <span class='ocrx_word' id='word_1_234' title='bbox 675 2234 790 2267; x_wconf 78' lang='lat' dir='ltr'>Paulus</span> <span class='ocrx_word' id='word_1_235' title='bbox 822 2235 997 2279; x_wconf 79' lang='lat' dir='ltr'>Episcopus</span> 
     </span>
    </p>
   </div>
   <div class='ocr_carea' id='block_1_20' title="bbox 140 2279 998 2321">
    <p class='ocr_par' dir='ltr' id='par_1_22' title="bbox 140 2279 998 2321">
     <span class='ocr_line' id='line_1_56' title="bbox 140 2279 998 2321; baseline 0.002 -2"><span class='ocrx_word' id='word_1_236' title='bbox 140 2301 168 2313; x_wconf 63' lang='lat' dir='ltr'>&lt;w</span> <span class='ocrx_word' id='word_1_237' title='bbox 185 2279 242 2316; x_wconf 58' lang='grc' dir='ltr'>ι-«ἶΪ</span> <span class='ocrx_word' id='word_1_238' title='bbox 256 2296 365 2320; x_wconf 81' lang='lat' dir='ltr'>servus</span> <span class='ocrx_word' id='word_1_239' title='bbox 391 2297 557 2321; x_wconf 70' lang='lat' dir='ltr'>servorum</span> <span class='ocrx_word' id='word_1_240' title='bbox 592 2287 656 2321; x_wconf 86' lang='lat' dir='ltr'>Dei.</span> <span class='ocrx_word' id='word_1_241' title='bbox 689 2287 765 2321; x_wconf 87' lang='lat' dir='ltr'>Cum</span> <span class='ocrx_word' id='word_1_242' title='bbox 792 2288 822 2320; x_wconf 91' lang='lat' dir='ltr'>in</span> <span class='ocrx_word' id='word_1_243' title='bbox 848 2288 998 2321; x_wconf 90' lang='lat' dir='ltr'>omnibus</span> 
     </span>
    </p>
   </div>
   <div class='ocr_carea' id='block_1_21' title="bbox 256 2339 999 2438">
    <p class='ocr_par' dir='ltr' id='par_1_23' title="bbox 256 2339 999 2438">
     <span class='ocr_line' id='line_1_57' title="bbox 256 2339 999 2385; baseline 0.004 -13"><span class='ocrx_word' id='word_1_244' title='bbox 256 2339 382 2373; x_wconf 85' lang='lat' dir='ltr'>iudiciis</span> <span class='ocrx_word' id='word_1_245' title='bbox 396 2340 435 2373; x_wconf 90' lang='lat' dir='ltr'>sit</span> <span class='ocrx_word' id='word_1_246' title='bbox 449 2340 607 2373; x_wconf 84' lang='lat' dir='ltr'>rectitudo</span> <span class='ocrx_word' id='word_1_247' title='bbox 627 2340 765 2374; x_wconf 83' lang='lat' dir='ltr'>iustitiae</span> <span class='ocrx_word' id='word_1_248' title='bbox 779 2346 809 2374; x_wconf 87' lang='lat' dir='ltr'>et</span> <span class='ocrx_word' id='word_1_249' title='bbox 821 2341 999 2385; x_wconf 84' lang='lat' dir='ltr'>praescien-</span> 
     </span>
     <span class='ocr_line' id='line_1_58' title="bbox 256 2392 998 2438; baseline 0.004 -13"><span class='ocrx_word' id='word_1_250' title='bbox 256 2392 336 2426; x_wconf 73' lang='lat' dir='ltr'>tiae²</span> <span class='ocrx_word' id='word_1_251' title='bbox 356 2393 478 2437; x_wconf 90' lang='lat' dir='ltr'>puritas</span> <span class='ocrx_word' id='word_1_252' title='bbox 492 2393 702 2428; x_wconf 78' lang='lat' dir='ltr'>observanda.</span> <span class='ocrx_word' id='word_1_253' title='bbox 722 2394 752 2427; x_wconf 89' lang='lat' dir='ltr'>id</span> <span class='ocrx_word' id='word_1_254' title='bbox 775 2395 876 2427; x_wconf 89' lang='lat' dir='ltr'>multo</span> <span class='ocrx_word' id='word_1_255' title='bbox 897 2395 998 2438; x_wconf 79' lang='lat' dir='ltr'>magis</span> 
     </span>
    </p>
   </div>
   <div class='ocr_carea' id='block_1_22' title="bbox 255 2490 999 2661">
    <p class='ocr_par' dir='ltr' id='par_1_24' title="bbox 255 2490 999 2617">
     <span class='ocr_line' id='line_1_59' title="bbox 292 2490 999 2526; baseline 0.003 -9"><span class='ocrx_word' id='word_1_256' title='bbox 292 2492 301 2517; x_wconf 88' lang='lat' dir='ltr'>t</span> <span class='ocrx_word' id='word_1_257' title='bbox 325 2490 444 2526; x_wconf 72' lang='lat' dir='ltr'>Sequens</span> <span class='ocrx_word' id='word_1_258' title='bbox 464 2490 537 2519; x_wconf 79' lang='lat' dir='ltr'>Pauli</span> <span class='ocrx_word' id='word_1_259' title='bbox 559 2491 581 2518; x_wconf 84' lang='lat' dir='ltr'>ll</span> <span class='ocrx_word' id='word_1_260' title='bbox 602 2491 763 2519; x_wconf 85' lang='lat' dir='ltr'>Constitutio</span> <span class='ocrx_word' id='word_1_261' title='bbox 780 2491 832 2519; x_wconf 86' lang='lat' dir='ltr'>iam</span> <span class='ocrx_word' id='word_1_262' title='bbox 849 2491 999 2519; x_wconf 81' lang='lat' dir='ltr'>habebatur</span> 
     </span>
     <span class='ocr_line' id='line_1_60' title="bbox 255 2535 998 2572; baseline 0.003 -10"><span class='ocrx_word' id='word_1_263' title='bbox 255 2536 280 2562; x_wconf 91' lang='lat' dir='ltr'>in</span> <span class='ocrx_word' id='word_1_264' title='bbox 293 2535 425 2564; x_wconf 66' lang='lat' dir='ltr'>Battara&gt;</span> <span class='ocrx_word' id='word_1_265' title='bbox 441 2539 504 2563; x_wconf 89' lang='lat' dir='ltr'>tom.</span> <span class='ocrx_word' id='word_1_266' title='bbox 518 2544 533 2562; x_wconf 89' lang='lat' dir='ltr'>v</span> <span class='ocrx_word' id='word_1_267' title='bbox 549 2544 609 2572; x_wconf 84' lang='lat' dir='ltr'>pag.</span> <span class='ocrx_word' id='word_1_268' title='bbox 628 2537 692 2570; x_wconf 80' lang='lat'>183;</span> <span class='ocrx_word' id='word_1_269' title='bbox 705 2540 824 2564; x_wconf 85' lang='lat' dir='ltr'>attamen</span> <span class='ocrx_word' id='word_1_270' title='bbox 845 2536 887 2563; x_wconf 82' lang='lat' dir='ltr'>liic</span> <span class='ocrx_word' id='word_1_271' title='bbox 902 2537 998 2565; x_wconf 88' lang='lat' dir='ltr'>iterum</span> 
     </span>
     <span class='ocr_line' id='line_1_61' title="bbox 255 2580 790 2617; baseline 0.002 -10"><span class='ocrx_word' id='word_1_272' title='bbox 255 2580 382 2607; x_wconf 86' lang='lat' dir='ltr'>insertam</span> <span class='ocrx_word' id='word_1_273' title='bbox 401 2580 480 2608; x_wconf 84' lang='lat' dir='ltr'>tradit</span> <span class='ocrx_word' id='word_1_274' title='bbox 495 2581 673 2617; x_wconf 84' lang='lat' dir='ltr'>Coequelines</span> <span class='ocrx_word' id='word_1_275' title='bbox 689 2582 724 2617; x_wconf 76' lang='lat' dir='ltr'>(n.</span> <span class='ocrx_word' id='word_1_276' title='bbox 742 2582 790 2616; x_wconf 42' lang='lat' dir='ltr'>T.)</span> 
     </span>
    </p>

    <p class='ocr_par' dir='ltr' id='par_1_25' title="bbox 290 2625 997 2661">
     <span class='ocr_line' id='line_1_62' title="bbox 290 2625 997 2661; baseline 0.003 -9"><span class='ocrx_word' id='word_1_277' title='bbox 290 2625 308 2652; x_wconf 85' lang='lat'><strong>2</strong></span> <span class='ocrx_word' id='word_1_278' title='bbox 327 2625 481 2661; x_wconf 82' lang='lat' dir='ltr'>Legendum</span> <span class='ocrx_word' id='word_1_279' title='bbox 509 2627 718 2661; x_wconf 72' lang='lat' dir='ltr'>conscientiae,</span> <span class='ocrx_word' id='word_1_280' title='bbox 745 2626 782 2653; x_wconf 89' lang='lat' dir='ltr'>uti</span> <span class='ocrx_word' id='word_1_281' title='bbox 811 2635 841 2653; x_wconf 81' lang='lat' dir='ltr'>ex</span> <span class='ocrx_word' id='word_1_282' title='bbox 867 2627 927 2654; x_wconf 86' lang='lat' dir='ltr'>loco</span> <span class='ocrx_word' id='word_1_283' title='bbox 952 2627 997 2654; x_wconf 88' lang='lat' dir='ltr'>cit.</span> 
     </span>
    </p>
   </div>
   <div class='ocr_carea' id='block_1_23' title="bbox 1007 793 1018 2687">
    <p class='ocr_par' dir='ltr' id='par_1_26' title="bbox 1007 793 1018 2687">
     <span class='ocr_line' id='line_1_63' title="bbox 1007 793 1018 2687; baseline 0 0"><span class='ocrx_word' id='word_1_284' title='bbox 1007 793 1018 2687; x_wconf 95' lang='lat' dir='ltr'> </span> 
     </span>
    </p>
   </div>
   <div class='ocr_carea' id='block_1_24' title="bbox 257 2672 490 2706">
    <p class='ocr_par' dir='ltr' id='par_1_27' title="bbox 257 2672 490 2706">
     <span class='ocr_line' id='line_1_64' title="bbox 257 2672 490 2706; baseline 0.004 -10"><span class='ocrx_word' id='word_1_285' title='bbox 257 2673 361 2697; x_wconf 84' lang='lat' dir='ltr'>constat</span> <span class='ocrx_word' id='word_1_286' title='bbox 390 2674 424 2702; x_wconf 71' lang='lat' dir='ltr'>(a.</span> <span class='ocrx_word' id='word_1_287' title='bbox 442 2672 490 2706; x_wconf 81' lang='grc' dir='ltr'>Τ.).</span> 
     </span>
    </p>
   </div>
   <div class='ocr_carea' id='block_1_25' title="bbox 1025 781 1772 2492">
    <p class='ocr_par' dir='ltr' id='par_1_28' title="bbox 1025 781 1772 2492">
     <span class='ocr_line' id='line_1_65' title="bbox 1026 781 1769 825; baseline 0.003 -10"><span class='ocrx_word' id='word_1_288' title='bbox 1026 781 1168 816; x_wconf 90' lang='lat' dir='ltr'>iudicum</span> <span class='ocrx_word' id='word_1_289' title='bbox 1190 783 1406 823; x_wconf 83' lang='lat' dir='ltr'>conscientiis,</span> <span class='ocrx_word' id='word_1_290' title='bbox 1421 784 1622 825; x_wconf 69' lang='lat' dir='ltr'>delegantur,</span> <span class='ocrx_word' id='word_1_291' title='bbox 1635 784 1769 817; x_wconf 81' lang='lat' dir='ltr'>nit1itta-</span> 
     </span>
     <span class='ocr_line' id='line_1_66' title="bbox 1026 837 1768 882; baseline 0.005 -14"><span class='ocrx_word' id='word_1_292' title='bbox 1026 845 1081 868; x_wconf 80' lang='lat' dir='ltr'>vor</span> <span class='ocrx_word' id='word_1_293' title='bbox 1094 843 1239 881; x_wconf 79' lang='lat' dir='ltr'>usurpet,</span> <span class='ocrx_word' id='word_1_294' title='bbox 1258 837 1335 870; x_wconf 87' lang='lat' dir='ltr'>nibil</span> <span class='ocrx_word' id='word_1_295' title='bbox 1352 838 1448 871; x_wconf 86' lang='lat' dir='ltr'>timor</span> <span class='ocrx_word' id='word_1_296' title='bbox 1464 844 1663 882; x_wconf 79' lang='lat' dir='ltr'>extorqueat,</span> <span class='ocrx_word' id='word_1_297' title='bbox 1680 839 1768 872; x_wconf 86' lang='lat' dir='ltr'>nulla</span> 
     </span>
     <span class='ocr_line' id='line_1_67' title="bbox 1025 891 1768 934; baseline 0.005 -12"><span class='ocrx_word' id='word_1_298' title='bbox 1025 891 1206 933; x_wconf 80' lang='lat' dir='ltr'>expectatio</span> <span class='ocrx_word' id='word_1_299' title='bbox 1236 891 1371 934; x_wconf 83' lang='lat' dir='ltr'>praemii</span> <span class='ocrx_word' id='word_1_300' title='bbox 1401 891 1575 931; x_wconf 78' lang='lat' dir='ltr'>iustitiam,</span> <span class='ocrx_word' id='word_1_301' title='bbox 1600 892 1768 926; x_wconf 83' lang='lat' dir='ltr'>conscien-</span> 
     </span>
     <span class='ocr_line' id='line_1_68' title="bbox 1027 943 1765 987; baseline 0.004 -12"><span class='ocrx_word' id='word_1_302' title='bbox 1027 943 1167 987; x_wconf 84' lang='lat' dir='ltr'>tiamque</span> <span class='ocrx_word' id='word_1_303' title='bbox 1191 944 1363 977; x_wconf 77' lang='lat' dir='ltr'>subvertat.</span> <span class='ocrx_word' id='word_1_304' title='bbox 1384 945 1549 978; x_wconf 70' lang='lat' dir='ltr'>lilonemus</span> <span class='ocrx_word' id='word_1_305' title='bbox 1575 945 1687 987; x_wconf 66' lang='lat' dir='ltr'>igitur,</span> <span class='ocrx_word' id='word_1_306' title='bbox 1715 951 1765 985; x_wconf 85' lang='lat' dir='ltr'>et,</span> 
     </span>
     <span class='ocr_line' id='line_1_69' title="bbox 1025 996 1769 1039; baseline 0.003 -11"><span class='ocrx_word' id='word_1_307' title='bbox 1025 996 1083 1029; x_wconf 91' lang='lat' dir='ltr'>sub</span> <span class='ocrx_word' id='word_1_308' title='bbox 1098 996 1358 1030; x_wconf 85' lang='lat' dir='ltr'>interminatione</span> <span class='ocrx_word' id='word_1_309' title='bbox 1373 997 1471 1030; x_wconf 79' lang='lat' dir='ltr'>divini</span> <span class='ocrx_word' id='word_1_310' title='bbox 1484 997 1604 1039; x_wconf 91' lang='lat' dir='ltr'>iudicii,</span> <span class='ocrx_word' id='word_1_311' title='bbox 1620 998 1769 1031; x_wconf 90' lang='lat' dir='ltr'>omnibus</span> 
     </span>
     <span class='ocr_line' id='line_1_70' title="bbox 1026 1050 1769 1096; baseline 0.004 -14"><span class='ocrx_word' id='word_1_312' title='bbox 1026 1050 1256 1083; x_wconf 84' lang='lat' dir='ltr'>commissariis</span> <span class='ocrx_word' id='word_1_313' title='bbox 1270 1056 1301 1083; x_wconf 92' lang='lat' dir='ltr'>et</span> <span class='ocrx_word' id='word_1_314' title='bbox 1315 1051 1468 1093; x_wconf 63' lang='lat' dir='ltr'>delegatis</span> <span class='ocrx_word' id='word_1_315' title='bbox 1480 1051 1666 1085; x_wconf 83' lang='lat' dir='ltr'>huiusmodi</span> <span class='ocrx_word' id='word_1_316' title='bbox 1681 1063 1769 1096; x_wconf 84' lang='lat' dir='ltr'>prae-</span> 
     </span>
     <span class='ocr_line' id='line_1_71' title="bbox 1027 1103 1767 1147; baseline 0.005 -12"><span class='ocrx_word' id='word_1_317' title='bbox 1027 1103 1174 1147; x_wconf 86' lang='lat' dir='ltr'>cipimus,</span> <span class='ocrx_word' id='word_1_318' title='bbox 1192 1110 1226 1137; x_wconf 88' lang='lat' dir='ltr'>ut</span> <span class='ocrx_word' id='word_1_319' title='bbox 1244 1110 1335 1138; x_wconf 87' lang='lat' dir='ltr'>caute</span> <span class='ocrx_word' id='word_1_320' title='bbox 1354 1110 1381 1138; x_wconf 87' lang='lat' dir='ltr'>et</span> <span class='ocrx_word' id='word_1_321' title='bbox 1406 1105 1579 1147; x_wconf 72' lang='lat' dir='ltr'>diligenter</span> <span class='ocrx_word' id='word_1_322' title='bbox 1603 1105 1767 1139; x_wconf 81' lang='lat' dir='ltr'>attendant</span> 
     </span>
     <span class='ocr_line' id='line_1_72' title="bbox 1027 1157 1768 1204; baseline 0.003 -14"><span class='ocrx_word' id='word_1_323' title='bbox 1027 1168 1138 1191; x_wconf 85' lang='lat' dir='ltr'>causas</span> <span class='ocrx_word' id='word_1_324' title='bbox 1164 1157 1194 1191; x_wconf 95' lang='lat' dir='ltr'>in</span> <span class='ocrx_word' id='word_1_325' title='bbox 1220 1158 1333 1191; x_wconf 86' lang='lat' dir='ltr'>litteris</span> <span class='ocrx_word' id='word_1_326' title='bbox 1354 1158 1538 1202; x_wconf 87' lang='lat' dir='ltr'>apostolicis</span> <span class='ocrx_word' id='word_1_327' title='bbox 1564 1170 1621 1203; x_wconf 88' lang='lat' dir='ltr'>per</span> <span class='ocrx_word' id='word_1_328' title='bbox 1645 1160 1768 1204; x_wconf 89' lang='lat' dir='ltr'>suppli-</span> 
     </span>
     <span class='ocr_line' id='line_1_73' title="bbox 1027 1212 1770 1256; baseline 0.003 -12"><span class='ocrx_word' id='word_1_329' title='bbox 1027 1212 1147 1245; x_wconf 77' lang='lat' dir='ltr'>cantes2</span> <span class='ocrx_word' id='word_1_330' title='bbox 1160 1222 1334 1255; x_wconf 73' lang='lat' dir='ltr'>expressas,</span> <span class='ocrx_word' id='word_1_331' title='bbox 1353 1212 1487 1256; x_wconf 82' lang='lat' dir='ltr'>illasque</span> <span class='ocrx_word' id='word_1_332' title='bbox 1501 1213 1636 1246; x_wconf 78' lang='lat' dir='ltr'>sollicite</span> <span class='ocrx_word' id='word_1_333' title='bbox 1650 1214 1770 1246; x_wconf 79' lang='lat' dir='ltr'>exami-</span> 
     </span>
     <span class='ocr_line' id='line_1_74' title="bbox 1028 1266 1770 1311; baseline 0.003 -13"><span class='ocrx_word' id='word_1_334' title='bbox 1028 1271 1104 1299; x_wconf 85' lang='lat' dir='ltr'>nent</span> <span class='ocrx_word' id='word_1_335' title='bbox 1124 1272 1220 1309; x_wconf 84' lang='lat' dir='ltr'>atque</span> <span class='ocrx_word' id='word_1_336' title='bbox 1239 1266 1421 1307; x_wconf 84' lang='lat' dir='ltr'>discutiant,</span> <span class='ocrx_word' id='word_1_337' title='bbox 1444 1273 1538 1300; x_wconf 81' lang='lat' dir='ltr'>testes</span> <span class='ocrx_word' id='word_1_338' title='bbox 1557 1273 1587 1301; x_wconf 88' lang='lat' dir='ltr'>et</span> <span class='ocrx_word' id='word_1_339' title='bbox 1609 1267 1770 1311; x_wconf 84' lang='lat' dir='ltr'>probatio-</span> 
     </span>
     <span class='ocr_line' id='line_1_75' title="bbox 1028 1321 1765 1365; baseline 0.001 -12"><span class='ocrx_word' id='word_1_340' title='bbox 1028 1330 1084 1354; x_wconf 85' lang='lat' dir='ltr'>nes</span> <span class='ocrx_word' id='word_1_341' title='bbox 1107 1331 1204 1364; x_wconf 90' lang='lat' dir='ltr'>super</span> <span class='ocrx_word' id='word_1_342' title='bbox 1224 1326 1428 1354; x_wconf 87' lang='lat' dir='ltr'>narratorum</span> <span class='ocrx_word' id='word_1_343' title='bbox 1448 1321 1579 1354; x_wconf 78' lang='lat' dir='ltr'>veritate</span> <span class='ocrx_word' id='word_1_344' title='bbox 1598 1321 1765 1365; x_wconf 79' lang='lat' dir='ltr'>recipiant,</span> 
     </span>
     <span class='ocr_line' id='line_1_76' title="bbox 1028 1374 1765 1418; baseline 0.003 -11"><span class='ocrx_word' id='word_1_345' title='bbox 1028 1380 1058 1407; x_wconf 87' lang='lat' dir='ltr'>et</span> <span class='ocrx_word' id='word_1_346' title='bbox 1074 1401 1081 1413; x_wconf 86' lang='lat'><em>‚</em></span> <span class='ocrx_word' id='word_1_347' title='bbox 1106 1374 1211 1407; x_wconf 91' lang='lat' dir='ltr'>solum</span> <span class='ocrx_word' id='word_1_348' title='bbox 1237 1374 1336 1408; x_wconf 86' lang='lat' dir='ltr'>Deum</span> <span class='ocrx_word' id='word_1_349' title='bbox 1365 1385 1442 1418; x_wconf 84' lang='lat' dir='ltr'>prae</span> <span class='ocrx_word' id='word_1_350' title='bbox 1466 1374 1567 1407; x_wconf 87' lang='lat' dir='ltr'>oculis</span> <span class='ocrx_word' id='word_1_351' title='bbox 1592 1374 1765 1415; x_wconf 86' lang='lat' dir='ltr'>babentes,</span> 
     </span>
     <span class='ocr_line' id='line_1_77' title="bbox 1028 1427 1770 1472; baseline 0.004 -13"><span class='ocrx_word' id='word_1_352' title='bbox 1028 1427 1115 1459; x_wconf 91' lang='lat' dir='ltr'>omni</span> <span class='ocrx_word' id='word_1_353' title='bbox 1139 1427 1255 1460; x_wconf 88' lang='lat' dir='ltr'>timore</span> <span class='ocrx_word' id='word_1_354' title='bbox 1281 1433 1334 1460; x_wconf 83' lang='lat' dir='ltr'>aut</span> <span class='ocrx_word' id='word_1_355' title='bbox 1356 1430 1464 1461; x_wconf 81' lang='lat' dir='ltr'>lavore</span> <span class='ocrx_word' id='word_1_356' title='bbox 1489 1428 1647 1472; x_wconf 70' lang='lat' dir='ltr'>deposito,</span> <span class='ocrx_word' id='word_1_357' title='bbox 1668 1429 1770 1462; x_wconf 89' lang='lat' dir='ltr'>eccle-</span> 
     </span>
     <span class='ocr_line' id='line_1_78' title="bbox 1027 1479 1769 1522; baseline 0.004 -10"><span class='ocrx_word' id='word_1_358' title='bbox 1027 1479 1147 1513; x_wconf 88' lang='lat' dir='ltr'>siarum</span> <span class='ocrx_word' id='word_1_359' title='bbox 1169 1480 1435 1514; x_wconf 84' lang='lat' dir='ltr'>indemnitatibus</span> <span class='ocrx_word' id='word_1_360' title='bbox 1459 1482 1637 1522; x_wconf 84' lang='lat' dir='ltr'>consulant,</span> <span class='ocrx_word' id='word_1_361' title='bbox 1662 1493 1720 1516; x_wconf 87' lang='lat' dir='ltr'>nee</span> <span class='ocrx_word' id='word_1_362' title='bbox 1739 1483 1769 1515; x_wconf 93' lang='lat' dir='ltr'>in</span> 
     </span>
     <span class='ocr_line' id='line_1_79' title="bbox 1028 1533 1771 1570; baseline 0.005 -4"><span class='ocrx_word' id='word_1_363' title='bbox 1028 1533 1201 1567; x_wconf 83' lang='lat' dir='ltr'>laesionem</span> <span class='ocrx_word' id='word_1_364' title='bbox 1223 1540 1275 1567; x_wconf 87' lang='lat' dir='ltr'>aut</span> <span class='ocrx_word' id='word_1_365' title='bbox 1295 1534 1326 1567; x_wconf 89' lang='lat' dir='ltr'>in</span> <span class='ocrx_word' id='word_1_366' title='bbox 1345 1535 1574 1569; x_wconf 85' lang='lat' dir='ltr'>detrimentum</span> <span class='ocrx_word' id='word_1_367' title='bbox 1594 1546 1703 1569; x_wconf 83' lang='lat' dir='ltr'>earum</span> <span class='ocrx_word' id='word_1_368' title='bbox 1720 1537 1771 1570; x_wconf 89' lang='lat' dir='ltr'>de-</span> 
     </span>
     <span class='ocr_line' id='line_1_80' title="bbox 1027 1587 1770 1634; baseline 0.004 -15"><span class='ocrx_word' id='word_1_369' title='bbox 1027 1593 1148 1620; x_wconf 90' lang='lat' dir='ltr'>cretum</span> <span class='ocrx_word' id='word_1_370' title='bbox 1164 1587 1408 1631; x_wconf 86' lang='lat' dir='ltr'>quomodolibet</span> <span class='ocrx_word' id='word_1_371' title='bbox 1421 1588 1636 1632; x_wconf 86' lang='lat' dir='ltr'>interponant.</span> <span class='ocrx_word' id='word_1_372' title='bbox 1654 1589 1685 1622; x_wconf 84' lang='lat' dir='ltr'>Si</span> <span class='ocrx_word' id='word_1_373' title='bbox 1700 1590 1770 1634; x_wconf 81' lang='lat' dir='ltr'>quis</span> 
     </span>
     <span class='ocr_line' id='line_1_81' title="bbox 1028 1641 1770 1685; baseline 0.003 -11"><span class='ocrx_word' id='word_1_374' title='bbox 1028 1647 1133 1675; x_wconf 87' lang='lat' dir='ltr'>autem</span> <span class='ocrx_word' id='word_1_375' title='bbox 1153 1641 1393 1675; x_wconf 85' lang='lat' dir='ltr'>commissarius</span> <span class='ocrx_word' id='word_1_376' title='bbox 1413 1648 1467 1675; x_wconf 86' lang='lat' dir='ltr'>aut</span> <span class='ocrx_word' id='word_1_377' title='bbox 1491 1642 1667 1685; x_wconf 75' lang='lat' dir='ltr'>delegatus,</span> <span class='ocrx_word' id='word_1_378' title='bbox 1692 1653 1770 1677; x_wconf 79' lang='lat' dir='ltr'>con-</span> 
     </span>
     <span class='ocr_line' id='line_1_82' title="bbox 1027 1695 1770 1739; baseline 0.003 -11"><span class='ocrx_word' id='word_1_379' title='bbox 1027 1695 1180 1728; x_wconf 85' lang='lat' dir='ltr'>scientiae</span> <span class='ocrx_word' id='word_1_380' title='bbox 1198 1705 1275 1729; x_wconf 85' lang='lat' dir='ltr'>suae</span> <span class='ocrx_word' id='word_1_381' title='bbox 1291 1695 1458 1739; x_wconf 78' lang='lat' dir='ltr'>prodigus,</span> <span class='ocrx_word' id='word_1_382' title='bbox 1476 1696 1508 1729; x_wconf 88' lang='lat' dir='ltr'>in</span> <span class='ocrx_word' id='word_1_383' title='bbox 1530 1706 1702 1738; x_wconf 67' lang='lat' dir='ltr'>gravamen</span> <span class='ocrx_word' id='word_1_384' title='bbox 1717 1703 1770 1730; x_wconf 87' lang='lat' dir='ltr'>aut</span> 
     </span>
     <span class='ocr_line' id='line_1_83' title="bbox 1028 1749 1770 1793; baseline 0.003 -11"><span class='ocrx_word' id='word_1_385' title='bbox 1028 1749 1258 1783; x_wconf 81' lang='lat' dir='ltr'>detrimentum</span> <span class='ocrx_word' id='word_1_386' title='bbox 1280 1749 1450 1789; x_wconf 72' lang='lat' dir='ltr'>Ecclesiae,</span> <span class='ocrx_word' id='word_1_387' title='bbox 1472 1760 1529 1793; x_wconf 88' lang='lat' dir='ltr'>per</span> <span class='ocrx_word' id='word_1_388' title='bbox 1554 1751 1702 1793; x_wconf 71' lang='lat' dir='ltr'>gratiam,</span> <span class='ocrx_word' id='word_1_389' title='bbox 1732 1752 1770 1784; x_wconf 90' lang='lat' dir='ltr'>ti-</span> 
     </span>
     <span class='ocr_line' id='line_1_84' title="bbox 1029 1803 1770 1843; baseline 0.003 -7"><span class='ocrx_word' id='word_1_390' title='bbox 1029 1813 1152 1836; x_wconf 87' lang='lat' dir='ltr'>morem</span> <span class='ocrx_word' id='word_1_391' title='bbox 1179 1803 1225 1836; x_wconf 77' lang='lat' dir='ltr'>vel</span> <span class='ocrx_word' id='word_1_392' title='bbox 1247 1804 1369 1843; x_wconf 74' lang='lat' dir='ltr'>sordes,</span> <span class='ocrx_word' id='word_1_393' title='bbox 1393 1803 1579 1836; x_wconf 87' lang='lat' dir='ltr'>alienationi</span> <span class='ocrx_word' id='word_1_394' title='bbox 1598 1814 1770 1838; x_wconf 86' lang='lat' dir='ltr'>consense-</span> 
     </span>
     <span class='ocr_line' id='line_1_85' title="bbox 1028 1857 1770 1897; baseline 0.003 -8"><span class='ocrx_word' id='word_1_395' title='bbox 1028 1857 1090 1897; x_wconf 86' lang='lat' dir='ltr'>rit,</span> <span class='ocrx_word' id='word_1_396' title='bbox 1119 1863 1173 1890; x_wconf 86' lang='lat' dir='ltr'>aut</span> <span class='ocrx_word' id='word_1_397' title='bbox 1201 1857 1365 1890; x_wconf 83' lang='lat' dir='ltr'>decretum</span> <span class='ocrx_word' id='word_1_398' title='bbox 1398 1857 1445 1890; x_wconf 82' lang='lat' dir='ltr'>vel</span> <span class='ocrx_word' id='word_1_399' title='bbox 1469 1857 1693 1891; x_wconf 82' lang='lat' dir='ltr'>auctoritatem</span> <span class='ocrx_word' id='word_1_400' title='bbox 1715 1858 1770 1891; x_wconf 90' lang='lat' dir='ltr'>in·-</span> 
     </span>
     <span class='ocr_line' id='line_1_86' title="bbox 1029 1909 1770 1956; baseline 0.004 -13"><span class='ocrx_word' id='word_1_401' title='bbox 1029 1910 1249 1954; x_wconf 87' lang='lat' dir='ltr'>terposuerit‚</span> <span class='ocrx_word' id='word_1_402' title='bbox 1283 1909 1417 1943; x_wconf 81' lang='lat' dir='ltr'>inferior</span> <span class='ocrx_word' id='word_1_403' title='bbox 1453 1910 1584 1954; x_wconf 90' lang='lat' dir='ltr'>quidem</span> <span class='ocrx_word' id='word_1_404' title='bbox 1618 1912 1770 1956; x_wconf 86' lang='lat' dir='ltr'>episcopo</span> 
     </span>
     <span class='ocr_line' id='line_1_87' title="bbox 1028 1963 1770 2006; baseline 0.003 -9"><span class='ocrx_word' id='word_1_405' title='bbox 1028 1963 1219 1997; x_wconf 86' lang='lat' dir='ltr'>sententiam</span> <span class='ocrx_word' id='word_1_406' title='bbox 1241 1964 1583 1998; x_wconf 78' lang='lat' dir='ltr'>excommunicationis</span> <span class='ocrx_word' id='word_1_407' title='bbox 1608 1965 1770 2006; x_wconf 85' lang='lat' dir='ltr'>incurrat;</span> 
     </span>
     <span class='ocr_line' id='line_1_88' title="bbox 1029 2016 1771 2067; baseline 0.004 -18"><span class='ocrx_word' id='word_1_408' title='bbox 1029 2016 1199 2060; x_wconf 88' lang='lat' dir='ltr'>episcopus</span> <span class='ocrx_word' id='word_1_409' title='bbox 1223 2027 1299 2050; x_wconf 86' lang='lat' dir='ltr'>vero</span> <span class='ocrx_word' id='word_1_410' title='bbox 1324 2023 1378 2050; x_wconf 86' lang='lat' dir='ltr'>aut</span> <span class='ocrx_word' id='word_1_411' title='bbox 1402 2017 1550 2067; x_wconf 72' lang='lat' dir='ltr'>superior</span> <span class='ocrx_word' id='word_1_412' title='bbox 1567 2018 1606 2051; x_wconf 90' lang='lat' dir='ltr'>ab</span> <span class='ocrx_word' id='word_1_413' title='bbox 1624 2029 1771 2064; x_wconf 80' lang='lat' dir='ltr'>exequu-</span> 
     </span>
     <span class='ocr_line' id='line_1_89' title="bbox 1031 2070 1771 2115; baseline 0.007 -13"><span class='ocrx_word' id='word_1_414' title='bbox 1031 2070 1117 2103; x_wconf 73' lang='lat' dir='ltr'>tione</span> <span class='ocrx_word' id='word_1_415' title='bbox 1144 2070 1242 2104; x_wconf 80' lang='lat' dir='ltr'>officii</span> <span class='ocrx_word' id='word_1_416' title='bbox 1270 2081 1326 2115; x_wconf 90' lang='lat' dir='ltr'>per</span> <span class='ocrx_word' id='word_1_417' title='bbox 1350 2081 1470 2105; x_wconf 85' lang='lat' dir='ltr'>annum</span> <span class='ocrx_word' id='word_1_418' title='bbox 1497 2072 1623 2106; x_wconf 86' lang='lat' dir='ltr'>noverit</span> <span class='ocrx_word' id='word_1_419' title='bbox 1646 2083 1679 2106; x_wconf 87' lang='lat' dir='ltr'>se</span> <span class='ocrx_word' id='word_1_420' title='bbox 1703 2084 1771 2107; x_wconf 91' lang='lat' dir='ltr'>sus-</span> 
     </span>
     <span class='ocr_line' id='line_1_90' title="bbox 1030 2125 1771 2168; baseline 0.005 -12"><span class='ocrx_word' id='word_1_421' title='bbox 1030 2134 1189 2168; x_wconf 81' lang='lat' dir='ltr'>pensum,</span> <span class='ocrx_word' id='word_1_422' title='bbox 1220 2125 1259 2157; x_wconf 85' lang='lat' dir='ltr'>ad</span> <span class='ocrx_word' id='word_1_423' title='bbox 1293 2125 1548 2159; x_wconf 85' lang='lat' dir='ltr'>aestimationem</span> <span class='ocrx_word' id='word_1_424' title='bbox 1586 2127 1771 2161; x_wconf 87' lang='lat' dir='ltr'>detrimenti</span> 
     </span>
     <span class='ocr_line' id='line_1_91' title="bbox 1031 2178 1772 2215; baseline 0.005 -4"><span class='ocrx_word' id='word_1_425' title='bbox 1031 2178 1189 2213; x_wconf 83' lang='lat' dir='ltr'>Ecclesiae</span> <span class='ocrx_word' id='word_1_426' title='bbox 1215 2179 1293 2212; x_wconf 86' lang='lat' dir='ltr'>illati</span> <span class='ocrx_word' id='word_1_427' title='bbox 1319 2179 1531 2214; x_wconf 87' lang='lat' dir='ltr'>nibilominus</span> <span class='ocrx_word' id='word_1_428' title='bbox 1557 2181 1772 2215; x_wconf 84' lang='lat' dir='ltr'>condemnan-</span> 
     </span>
     <span class='ocr_line' id='line_1_92' title="bbox 1032 2233 1771 2278; baseline 0.003 -12"><span class='ocrx_word' id='word_1_429' title='bbox 1032 2233 1102 2272; x_wconf 88' lang='lat' dir='ltr'>dus,</span> <span class='ocrx_word' id='word_1_430' title='bbox 1129 2233 1278 2273; x_wconf 85' lang='lat' dir='ltr'>sciturus,</span> <span class='ocrx_word' id='word_1_431' title='bbox 1303 2233 1402 2277; x_wconf 84' lang='lat' dir='ltr'>quod,</span> <span class='ocrx_word' id='word_1_432' title='bbox 1427 2234 1452 2267; x_wconf 90' lang='lat' dir='ltr'>si</span> <span class='ocrx_word' id='word_1_433' title='bbox 1473 2235 1685 2278; x_wconf 80' lang='lat' dir='ltr'>suspensione</span> <span class='ocrx_word' id='word_1_434' title='bbox 1711 2235 1771 2268; x_wconf 88' lang='lat' dir='ltr'>du-</span> 
     </span>
     <span class='ocr_line' id='line_1_93' title="bbox 1033 2286 1771 2329; baseline 0.004 -11"><span class='ocrx_word' id='word_1_435' title='bbox 1033 2291 1122 2319; x_wconf 86' lang='lat' dir='ltr'>rante</span> <span class='ocrx_word' id='word_1_436' title='bbox 1148 2286 1376 2320; x_wconf 85' lang='lat' dir='ltr'>damnabiliter</span> <span class='ocrx_word' id='word_1_437' title='bbox 1400 2287 1567 2329; x_wconf 78' lang='lat' dir='ltr'>ingesserit</span> <span class='ocrx_word' id='word_1_438' title='bbox 1599 2298 1633 2321; x_wconf 84' lang='lat' dir='ltr'>se</span> <span class='ocrx_word' id='word_1_439' title='bbox 1666 2288 1696 2321; x_wconf 91' lang='lat' dir='ltr'>in</span> <span class='ocrx_word' id='word_1_440' title='bbox 1723 2289 1771 2322; x_wconf 90' lang='lat' dir='ltr'>di-</span> 
     </span>
     <span class='ocr_line' id='line_1_94' title="bbox 1032 2339 1772 2385; baseline 0.004 -13"><span class='ocrx_word' id='word_1_441' title='bbox 1032 2339 1124 2379; x_wconf 84' lang='lat' dir='ltr'>vinis,</span> <span class='ocrx_word' id='word_1_442' title='bbox 1142 2340 1388 2383; x_wconf 82' lang='lat' dir='ltr'>irregularitatis</span> <span class='ocrx_word' id='word_1_443' title='bbox 1402 2341 1517 2385; x_wconf 87' lang='lat' dir='ltr'>laqueo</span> <span class='ocrx_word' id='word_1_444' title='bbox 1536 2352 1568 2374; x_wconf 88' lang='lat' dir='ltr'>se</span> <span class='ocrx_word' id='word_1_445' title='bbox 1580 2341 1739 2375; x_wconf 84' lang='lat' dir='ltr'>involvere</span> <span class='ocrx_word' id='word_1_446' title='bbox 1752 2343 1772 2384; x_wconf 79' lang='lat'>³,</span> 
     </span>
     <span class='ocr_line' id='line_1_95' title="bbox 1033 2393 1770 2438; baseline 0.004 -12"><span class='ocrx_word' id='word_1_447' title='bbox 1033 2403 1050 2426; x_wconf 87' lang='lat' dir='ltr'>a</span> <span class='ocrx_word' id='word_1_448' title='bbox 1070 2403 1134 2437; x_wconf 86' lang='lat' dir='ltr'>qua</span> <span class='ocrx_word' id='word_1_449' title='bbox 1157 2393 1285 2427; x_wconf 81' lang='lat' dir='ltr'>nonnisi</span> <span class='ocrx_word' id='word_1_450' title='bbox 1310 2404 1367 2438; x_wconf 87' lang='lat' dir='ltr'>per</span> <span class='ocrx_word' id='word_1_451' title='bbox 1391 2405 1553 2428; x_wconf 88' lang='lat' dir='ltr'>summum</span> <span class='ocrx_word' id='word_1_452' title='bbox 1580 2395 1770 2429; x_wconf 82' lang='lat' dir='ltr'>Pontificem</span> 
     </span>
     <span class='ocr_line' id='line_1_96' title="bbox 1033 2446 1772 2492; baseline 0.001 -12"><span class='ocrx_word' id='word_1_453' title='bbox 1033 2446 1150 2491; x_wconf 89' lang='lat' dir='ltr'>poterit</span> <span class='ocrx_word' id='word_1_454' title='bbox 1174 2447 1316 2481; x_wconf 86' lang='lat' dir='ltr'>liberari.</span> <span class='ocrx_word' id='word_1_455' title='bbox 1347 2448 1372 2481; x_wconf 87' lang='lat' dir='ltr'>ls</span> <span class='ocrx_word' id='word_1_456' title='bbox 1403 2458 1500 2488; x_wconf 80' lang='lat' dir='ltr'>vcro,</span> <span class='ocrx_word' id='word_1_457' title='bbox 1529 2448 1583 2492; x_wconf 83' lang='lat' dir='ltr'>qui</span> <span class='ocrx_word' id='word_1_458' title='bbox 1617 2448 1692 2481; x_wconf 87' lang='lat' dir='ltr'>dolo</span> <span class='ocrx_word' id='word_1_459' title='bbox 1724 2449 1772 2482; x_wconf 84' lang='lat' dir='ltr'>vel</span> 
     </span>
    </p>
   </div>
   <div class='ocr_carea' id='block_1_26' title="bbox 1069 2536 1701 2574">
    <p class='ocr_par' dir='ltr' id='par_1_29' title="bbox 1069 2536 1701 2574">
     <span class='ocr_line' id='line_1_97' title="bbox 1069 2536 1701 2574; baseline 0.002 -10"><span class='ocrx_word' id='word_1_460' title='bbox 1069 2538 1079 2563; x_wconf 88' lang='lat'>1</span> <span class='ocrx_word' id='word_1_461' title='bbox 1104 2536 1174 2564; x_wconf 88' lang='lat' dir='ltr'>Loco</span> <span class='ocrx_word' id='word_1_462' title='bbox 1189 2537 1233 2564; x_wconf 89' lang='lat' dir='ltr'>cit.</span> <span class='ocrx_word' id='word_1_463' title='bbox 1252 2537 1350 2574; x_wconf 82' lang='lat' dir='ltr'>legitur</span> <span class='ocrx_word' id='word_1_464' title='bbox 1365 2538 1595 2566; x_wconf 63' lang='lat' dir='ltr'>concessionibus</span> <span class='ocrx_word' id='word_1_465' title='bbox 1612 2539 1649 2573; x_wconf 79' lang='lat' dir='ltr'>(tt.</span> <span class='ocrx_word' id='word_1_466' title='bbox 1665 2538 1701 2573; x_wconf 72' lang='lat' dir='ltr'>T).</span> 
     </span>
    </p>
   </div>
   <div class='ocr_carea' id='block_1_27' title="bbox 1033 2581 1774 2663">
    <p class='ocr_par' dir='ltr' id='par_1_30' title="bbox 1033 2581 1774 2663">
     <span class='ocr_line' id='line_1_98' title="bbox 1068 2581 1774 2618; baseline 0.006 -10"><span class='ocrx_word' id='word_1_467' title='bbox 1068 2581 1084 2608; x_wconf 71' lang='lat'><strong>2</strong></span> <span class='ocrx_word' id='word_1_468' title='bbox 1103 2582 1208 2610; x_wconf 89' lang='lat' dir='ltr'>Ibidem</span> <span class='ocrx_word' id='word_1_469' title='bbox 1223 2583 1323 2617; x_wconf 79' lang='lat' dir='ltr'>legitur</span> <span class='ocrx_word' id='word_1_470' title='bbox 1342 2583 1581 2618; x_wconf 72' lang='lat' dir='ltr'>supplicationes;</span> <span class='ocrx_word' id='word_1_471' title='bbox 1598 2583 1685 2611; x_wconf 85' lang='lat' dir='ltr'>minus</span> <span class='ocrx_word' id='word_1_472' title='bbox 1701 2587 1774 2612; x_wconf 84' lang='lat' dir='ltr'>recte</span> 
     </span>
     <span class='ocr_line' id='line_1_99' title="bbox 1033 2628 1135 2663; baseline 0 -10"><span class='ocrx_word' id='word_1_473' title='bbox 1033 2628 1070 2663; x_wconf 70' lang='lat' dir='ltr'>(n.</span> <span class='ocrx_word' id='word_1_474' title='bbox 1086 2628 1135 2661; x_wconf 81' lang='lat' dir='ltr'>T.).</span> 
     </span>
    </p>
   </div>
   <div class='ocr_carea' id='block_1_28' title="bbox 1015 2672 1562 2708">
    <p class='ocr_par' dir='ltr' id='par_1_31' title="bbox 1015 2672 1562 2708">
     <span class='ocr_line' id='line_1_100' title="bbox 1015 2672 1562 2708; baseline 0.004 -11"><span class='ocrx_word' id='word_1_475' title='bbox 1015 2689 1017 2697; x_wconf 94' lang='lat' dir='ltr'>t</span> <span class='ocrx_word' id='word_1_476' title='bbox 1068 2672 1083 2699; x_wconf 83' lang='grc'><strong><em>3</em></strong></span> <span class='ocrx_word' id='word_1_477' title='bbox 1105 2672 1259 2708; x_wconf 60' lang='grc' dir='ltr'>[υίὸθηιῖιιιιι</span> <span class='ocrx_word' id='word_1_478' title='bbox 1281 2682 1308 2699; x_wconf 65' lang='lat' dir='ltr'>st·</span> <span class='ocrx_word' id='word_1_479' title='bbox 1331 2673 1451 2701; x_wconf 65' lang='lat' dir='ltr'>involve(</span> <span class='ocrx_word' id='word_1_480' title='bbox 1465 2674 1501 2703; x_wconf 62' lang='grc' dir='ltr'>(Η.</span> <span class='ocrx_word' id='word_1_481' title='bbox 1515 2674 1562 2699; x_wconf 62' lang='lat' dir='ltr'>ts.</span> 
     </span>
    </p>
   </div>
  </div>
 </body>
</html>
