2227 3241
50 264 100 293 An.
115 265 147 292 C.
164 263 232 291 1604

855 262 1001 285 CLEMENS
1026 263 1083 286 vttt
1108 263 1146 286 ΡΙ)
1153 279 1159 286 .

232 312 366 359 ¹dictam
393 311 561 344 ecclesiam
595 311 690 354 Burgi
715 309 815 344 sancti
838 309 987 343 Domnini

66 644 231 667 Ravennatensis

52 672 153 693 eeclesiae
180 671 231 691 lines

51 698 151 725 designat.

247 369 378 398 extensa
398 369 430 397 et
449 364 603 408 ampliata
623 368 830 403 censeantur;
852 362 989 406 perinde

246 429 283 451 ac
295 417 368 451 siin
382 417 503 451 eisdem
518 418 557 450 de
570 417 623 450 illa
638 416 785 461 specialis
798 422 827 449 et
838 415 988 459 specifica

246 472 369 505 mentio
391 471 473 504 sacta
494 472 586 512 soret,
611 470 801 504 auctoritate
822 476 854 503 et
877 475 988 502 tenore

245 525 425 565 similibus,
445 524 568 568 pariter
592 529 750 567 perpetuo
780 523 988 556 concedimus

247 582 278 609 et
297 585 509 618 asslgnamus:

291 630 308 671 ἓ
328 628 358 661 6.
382 627 620 662 Ferrariensem
636 626 739 668 vero‘,
761 632 792 660 et
805 626 989 660 Ariminen-

245 692 313 715 sem
334 680 496 721 ecclesias,
520 681 644 714 etiamsi
665 691 731 714 non
749 685 913 724 appareat,
934 691 989 713 ne-

246 745 309 778 que
328 734 461 778 probari
481 734 593 777 possit,
610 734 699 778 quod
719 734 792 767 illae
813 735 988 779 aliquando

244 787 304 820 sub
319 786 402 820 dicta
414 786 581 830 provincia
595 787 828 821 Ravennatensi
842 798 989 831 compre-

244 839 363 872 hensae
383 845 438 872 aut
459 839 505 872 illi
522 839 686 873 subiectae
703 840 834 881 fuerint,
861 851 987 874 necnon

243 893 436 927 Imolensem
458 898 490 926 et
509 893 711 927 Cerviensern
730 894 882 928 ecclesias
895 905 988 938 prae-

244 946 345 981 dictas
361 947 511 980 similiter
529 948 616 990 (cum
634 947 700 981 suis
721 948 898 992 respective
919 947 987 992 epi-

243 1001 361 1045 scopis,
385 1001 545 1045 capitulis,
563 1002 754 1042 civitatibus,
776 1002 986 1043 dioecesibus,

245 1054 350 1095 terris,
376 1054 562 1095 territoriis,
587 1055 700 1096 cleris,
723 1055 867 1100 populis,
891 1056 986 1089 colle-

244 1107 347 1151 giatis,
367 1109 610 1152 parochialibus
623 1115 654 1142 et
670 1109 739 1143 aliis
757 1109 911 1150 ecclesiis,
928 1120 988 1142 nec

243 1172 310 1195 non
334 1162 555 1203 monasteriis,
579 1163 734 1206 collegiis,
758 1163 983 1207 hospitalibus,

243 1215 335 1249 lociis
354 1215 416 1259 piis
443 1222 474 1249 et
498 1216 656 1259 religiosis
684 1216 852 1260 utriusque
872 1227 983 1257 sexus,

244 1270 341 1303 etiam
361 1270 516 1314 exemptis
537 1277 567 1304 et
593 1281 798 1314 quocumque
818 1269 986 1313 privilegio

243 1324 392 1365 suffultis,
413 1336 449 1358 ac
463 1324 613 1358 omnibus
627 1330 658 1357 et
670 1324 803 1366 singulis
820 1323 987 1357 beneficiis

243 1378 479 1418 ecclesiasticis,
496 1389 570 1411 cum
589 1380 665 1411 cura
680 1384 709 1411 et
722 1378 790 1411 siue
809 1379 895 1418 cura,
917 1388 987 1410 sae-

244 1432 407 1466 cularibus
425 1438 455 1465 et
473 1432 664 1476 quorumvis
680 1431 836 1465 Ordinum
862 1431 987 1473 regula-

242 1485 346 1529 ribus)
357 1485 521 1526 eeclesiae,
533 1485 718 1529 provinciae
733 1490 764 1518 et
777 1484 987 1528 archicpisco-

235 1551 285 1585 -po
296 1539 530 1574 Ravennatensi
545 1539 715 1582 praedictis
730 1539 827 1582 (ultra
836 1538 986 1571 ecclesias

242 1592 986 1635 Adrienseni,Comaclensem,Faventinensem,

243 1647 496 1682 Forolivienscm
509 1675 516 1688 ‚
536 1646 818 1687 Britinoriensem‚
843 1645 982 1680 Cesena-

244 1707 380 1743 tensem,
401 1701 656 1736 Sarsinatensem
678 1707 709 1734 et
728 1700 823 1741 alias,
851 1700 876 1733 si
902 1710 984 1743 quae

243 1755 316 1796 sint,
334 1755 433 1799 ipsius
448 1755 601 1789 ecclesiae
614 1754 863 1788 Ravennatensis
876 1754 985 1787 suffra-

243 1810 379 1853 ganeas)
408 1808 647 1853 metropolitico
672 1809 742 1842 iure
763 1808 824 1852 (ita
844 1813 878 1842 ut
898 1807 983 1841 idem

243 1863 507 1907 archiepiscopus
529 1862 787 1896 'Ravennatensis
812 1873 872 1906 pro
900 1867 981 1895 tem—

242 1928 323 1962 pore
343 1917 480 1950 existens
497 1916 529 1949 in
551 1916 613 1950 illis
628 1916 779 1950 omnibus
801 1922 831 1949 et
851 1916 985 1958 singulis

243 1970 293 2004 ius
310 1969 584 2014 metropoliticum
596 1970 657 2003 sibi
667 1970 847 2012 vendicare,
862 1981 899 2003 ac
910 1971 985 2004 Fer-

243 2024 408 2065 rariensis,
427 2024 649 2066 Ariminensis,
670 2023 838 2057 Imolensis
859 2029 890 2057 et
910 2023 983 2057 Cer-

243 2077 361 2112 viensis
372 2077 583 2112 ecclesiarum
597 2077 784 2111 huiusmodi
806 2078 985 2122 episcopos,

243 2131 289 2165 uti
309 2131 455 2165 eiusdem
476 2131 630 2165 ecclesiae
649 2131 899 2165 Ravennatensis
919 2131 984 2164 suf-

243 2185 429 2227 fraganeos,
450 2194 652 2225 consecrare,
676 2189 708 2218 et
734 2185 773 2218 ad
795 2184 862 2218 eius
889 2196 984 2230 syno-

243 2238 321 2273 dum
352 2238 583 2282 provincialem
609 2249 764 2279 evocare,
793 2244 984 2283 caeteraque

243 2292 354 2326 omnia
365 2293 405 2326 ad
417 2292 651 2337 archiepiscopi
664 2304 780 2326 munus
789 2299 819 2326 ct
831 2293 983 2336 officium,

244 2347 283 2381 de
302 2347 372 2381 iure
392 2348 440 2381 vel
461 2348 707 2388 consuetudine,
731 2354 785 2381 aut
803 2348 880 2381 alias
901 2359 983 2392 quo-

244 2400 423 2435 modolibet
445 2401 623 2446 spectantia
649 2407 679 2435 et
702 2402 907 2446 pertinentia,
931 2403 979 2436 sa—

243 2465 327 2496 eere,
351 2465 510 2497 exercere,
541 2466 729 2500 procurare,
757 2456 983 2491 administrare

279 2590 291 2615 1
313 2587 378 2617 Heic
396 2597 493 2617 novam
512 2591 525 2625 5
545 2590 634 2626 aptius
652 2590 805 2626 incipimus,
817 2599 899 2626 quam
919 2591 982 2619 edit.

243 2631 323 2660 Μαίη.
335 2641 415 2669 quam
426 2633 440 2670 5
453 2634 469 2661 6
480 2634 572 2670 incipit
591 2643 606 2662 a
625 2635 802 2670 sequentibus
818 2636 921 2663 verbis:
933 2645 985 2664 nec

244 2685 300 2706 non
318 2678 499 2714 Imolensem,
514 2683 564 2707 etc.
589 2680 623 2715 (n.
641 2681 690 2715 T.)-

290 2731 369 2761 null.
385 2732 469 2760 Rom.
489 2732 548 2762 Vol.
567 2733 617 2761 XI.
819 2733 849 2760 21

1024 315 1054 343 et
1082 310 1217 354 exequi,
1242 311 1343 344 libere
1364 317 1395 344 et
1419 311 1506 344 licite
1528 311 1647 351 xaleat3
1673 310 1766 343 dicti-

1023 374 1085 407 que
1111 364 1254 408 episcopi
1280 364 1510 405 Ferrariensis,
1539 364 1763 404 Ariminensis,

1023 416 1190 449 lmolensis
1208 423 1239 450 et
1259 417 1446 457 Cerviensis,
1464 428 1550 451 nunc
1563 423 1593 451 et
1606 428 1665 461 pro
1687 423 1767 451 tem·

1023 480 1102 513 pore
1131 470 1301 504 existentes
1328 471 1495 515 praedicto
1521 471 1766 516 archiepiscopo

1008 523 1269 570 [Ravennatensh
1295 530 1459 568 tamquam
1487 525 1635 558 membra
1655 525 1764 569 capiti,

1024 576 1247 620 obsequenteS,
1261 578 1301 611 ad
1319 578 1427 611 omnia
1438 584 1469 612 et
1490 578 1616 621 singula
1634 584 1765 612 tenean-

1023 635 1075 663 tur
1095 636 1125 663 et
1149 630 1212 664 sint
1237 632 1390 674 obligati,
1412 633 1452 665 ad
1471 643 1554 676 quae
1575 632 1628 665 alii
1649 632 1766 666 suffra-

1023 684 1117 727 ganei
1135 684 1200 718 suis
1221 685 1364 718 ecclesiis
1390 686 1637 730 metropoliticis
1658 692 1688 719 et
1709 697 1764 719 ar-

1023 737 1239 781 chiepiscopis
1265 739 1540 782 metropolitanis,
1559 740 1598 773 de
1623 739 1693 773 iure
1717 740 1766 773 vel

1023 791 1269 831 consuetudine,
1290 798 1343 824 aut
1362 792 1440 825 alias
1461 792 1707 836 quomodolibet
1721 799 1766 826 te-

1022 850 1140 877 nentur
1169 850 1199 877 et
1219 844 1352 886 obligati
1374 845 1537 888 existunt)
1557 845 1670 878 itidem
1692 856 1766 890 per-

1022 903 1119 941 petuo
1140 897 1347 930 subiicimus:
1372 904 1402 931 et
1426 892 1578 942 deincep's
1601 899 1766 942 perpetuis

1022 951 1137 983 suturis
1158 951 1360 994 temporibus
1381 951 1631 991 Ferrariensem,
1647 951 1765 984 Arimi-

1022 1015 1167 1044 nensem,
1184 1005 1374 1038 Imolensem
1397 1011 1428 1038 et
1445 1005 1646 1039 Cerviensem
1665 1005 1766 1038 eccle-

1021 1057 1084 1090 sias
1112 1058 1294 1101 praedictas
1318 1059 1403 1091 inter
1438 1058 1516 1091 alias
1547 1059 1765 1101 suffraganeas

1023 1111 1126 1144 dictae
1148 1111 1301 1144 ecclesiae
1319 1111 1570 1145 Ravennatensis
1588 1122 1765 1146 connume-

1022 1164 1138 1198 randas
1164 1171 1193 1198 et
1219 1165 1415 1205 censendas,
1446 1175 1482 1198 ac
1507 1171 1572 1198 tam
1593 1176 1646 1198 eas
1666 1176 1763 1209 quam

1022 1217 1150 1251 illarum
1172 1219 1372 1260 singularum
1392 1218 1535 1252 civitates
1553 1224 1583 1251 et
1601 1219 1764 1253 dioeceses

1021 1271 1079 1303 sub
1098 1271 1165 1314 ipsa
1186 1271 1351 1315 provincia
1368 1271 1602 1304 Ravennatensi
1618 1282 1764 1316 compre-

1022 1325 1153 1366 hensas,
1178 1332 1208 1359 et
1233 1327 1416 1359 nullatenus
1442 1326 1481 1359 ab
1514 1329 1550 1359 ea
1578 1333 1760 1369 exemptas,

1021 1390 1079 1412 nec
1105 1379 1208 1413 dictae
1234 1380 1306 1413 Sedi
1329 1380 1532 1424 Apostolicae
1559 1379 1760 1421 immediate,

1021 1443 1126 1476 neque
1148 1433 1204 1466 ulli
1223 1434 1331 1474 alteri,
1359 1434 1420 1467 nisi
1444 1439 1569 1467 tantum
1598 1434 1764 1479 Ravenna-

1021 1487 1101 1519 tensi
1127 1487 1299 1527 ecclcsiae,
1332 1493 1362 1520 et
1397 1487 1483 1520 illius
1518 1487 1763 1532 archiepiscopo

1021 1539 1203 1583 praedictis,
1219 1540 1327 1584 quoad
1341 1540 1639 1584 archiepiscopalia,
1649 1546 1764 1573 metro-

1021 1593 1152 1638 politica
1166 1604 1202 1627 ac
1215 1594 1426 1638 provincialia
1439 1593 1509 1627 iura
1523 1599 1553 1627 et
1566 1594 1762 1628 iurisdictio-

1021 1659 1087 1689 nes,
1111 1649 1270 1682 subiectas
1288 1659 1355 1682 esse
1376 1654 1405 1682 et
1424 1649 1502 1682 sore.

1066 1704 1081 1744 ξ
1104 1702 1132 1736 7.
1159 1702 1343 1736 Praedictas
1364 1713 1494 1747 quoque
1524 1702 1646 1736 litteras
1671 1704 1760 1737 nullo

1020 1767 1173 1800 uniquam
1197 1762 1353 1800 temporo,
1378 1756 1473 1790 etiam
1495 1767 1530 1789 ex
1552 1766 1589 1789 eo
1610 1757 1697 1800 quod
1715 1757 1762 1791 di-

1020 1816 1143 1844 ctarum
1158 1810 1369 1844 ecclesiarum
1383 1811 1549 1854 praesules
1563 1817 1593 1845 et
1607 1812 1757 1856 capitula,

1020 1865 1067 1898 vel
1080 1865 1279 1908 quicumque
1293 1864 1346 1897 alii
1362 1864 1394 1897 in
1406 1864 1592 1908 praemissis
1607 1865 1760 1899 interesse

1020 1918 1266 1962 quomodolibet
1280 1917 1447 1958 habentes,
1464 1918 1585 1951 eisdem
1606 1919 1761 1962 praemis-
1789 1934 1791 1938 ·

1019 1973 1061 2006 sis
1081 1982 1146 2005 non
1167 1971 1399 2012 consenserint,
1415 1982 1475 2005 nec
1488 1972 1528 2005 ad
1542 1971 1575 2005 id
1592 1972 1694 2006 vocati
1707 1979 1762 2007 aut

1021 2025 1188 2070 requisiti,
1212 2035 1319 2068 neque
1344 2026 1452 2058 forsan
1478 2035 1589 2059 omnes
1621 2036 1757 2067 causae,

1020 2084 1152 2123 propter
1163 2089 1242 2122 quas
1256 2079 1367 2112 eadem
1380 2078 1557 2122 praemissa
1571 2080 1760 2121 emanarint,

1020 2133 1052 2166 in
1084 2132 1276 2166 consistorio
1302 2137 1413 2166 nostro
1440 2132 1489 2165 vel
1515 2132 1627 2176 alibi‘(
1643 2133 1760 2167 vocatis

1019 2186 1181 2228 vocandis,
1206 2192 1236 2219 et
1256 2186 1392 2230 praeviis
1418 2186 1534 2220 debitis
1559 2186 1757 2229 tractatibus,

1020 2252 1056 2274 ac
1082 2241 1213 2275 servatis
1241 2246 1270 2274 ct
1302 2241 1453 2274 adhibitis
1477 2241 1756 2282 solemnitatibus,

1020 2302 1050 2328 et
1063 2295 1134 2329 aliis
1148 2295 1186 2328 de
1205 2294 1274 2328 iure
1287 2295 1336 2328 vel
1350 2294 1595 2335 consuetudine,
1612 2295 1659 2328 rcl
1674 2294 1760 2328 iuxta

1019 2348 1263 2382 constitutiones
1275 2354 1305 2382 et
1323 2348 1543 2382 ordinationes
1557 2347 1758 2391 apostolicas,

1019 2408 1074 2436 aut
1094 2401 1302 2436 ecclesiarum
1325 2408 1355 2435 ct
1382 2401 1623 2446 provinciarum
1649 2401 1759 2435 liuius-

1019 2455 1106 2489 modi
1130 2461 1247 2488 statuta
1267 2454 1433 2499 privilegia
1453 2460 1484 2488 et
1505 2454 1639 2495 indulta,
1663 2454 1758 2488 ctiam

1019 2508 1267 2543 confirmatione
1289 2508 1476 2552 apostolica,
1500 2508 1547 2541 vel
1569 2508 1630 2541 alia
1648 2508 1759 2552 quavis

1019 2563 1170 2596 firmitate
1182 2563 1343 2602 roborata,
1359 2567 1413 2595 aut
1423 2562 1500 2595 alias
1513 2562 1760 2605 quomodolibet

1019 2617 1181 2662 requisitis
1200 2623 1231 2650 et
1249 2617 1279 2650 in
1294 2616 1453 2649 similibus
1472 2616 1674 2659 necessariis)
1688 2627 1759 2649 exa-

1019 2672 1170 2713 minatae,
1185 2671 1366 2705 verificatae
1379 2676 1407 2704 et
1421 2670 1618 2715 approbatae
1630 2670 1759 2711 suerint,

1675 252 1735 285 ‚151
1786 261 1877 289 inc.
1901 261 1968 289 1604

1851 1710 1961 1730 etausutae

1776 1739 1958 1762 praesermtnae.
