2227 3241
21 250 76 278 An.
93 248 122 275 C.
141 248 212 275 1608

217 306 324 329 cessor
337 302 457 337 noster,
483 296 537 340 qui
559 297 702 339 Eugenio
724 297 754 329 in
777 296 958 340 apostolatu

216 355 405 389 sucesserat,
430 350 683 383 canonizationis
704 349 771 383 eius
792 349 957 392 negotium

217 413 397 445 aggressus,
419 403 660 447 inquisitionem
681 403 791 447 peragi
811 413 868 446 per
885 402 961 446 Spo-

217 456 357 488 letanum
378 461 407 488 et
426 455 667 489 Mindonensem
686 455 855 499 episcopos
875 465 960 487 man-

217 509 318 549 davit,
352 519 460 542 coram
491 509 607 552 quibus
639 520 656 542 a
685 514 896 552 procuratore
930 513 960 541 et

216 563 349 607 syndico
381 563 554 607 praedictis
587 568 682 597 testes
714 564 754 596 ad
786 573 957 596 numerum

217 621 346 648 centum
383 621 413 649 et
443 615 574 658 triginta
606 616 745 649 duorum
774 621 847 649 sunt
882 625 958 659 pro-

218 667 326 708 ducti,
356 673 387 701 et
423 678 520 711 super
552 668 644 701 noris
669 668 812 701 articulis
838 667 896 701 rite
930 673 960 701 et

217 726 303 754 recte
329 721 466 764 recepti,
490 731 527 754 ac
552 731 722 765 processus
753 726 903 754 accurate
929 727 959 754 et

217 773 359 816 legitime
385 774 550 807 formatus.

263 828 279 868 ξ
301 826 352 860 ⁹29.
372 827 414 860 Ac
432 827 507 860 licet
527 838 595 860 rem
615 828 759 870 transigi,
784 834 814 861 et
832 828 958 863 beatam

218 880 421 913 Franciscam
439 880 587 913 Sanctam
609 881 784 919 declarari,
806 891 863 920 uec
882 886 959 914 tunc

15 945 201 976 ciqmpniemvnn
218 933 384 976 temporis,
409 943 514 976 neque
532 939 643 977 postea
665 939 710 967 tot
729 934 821 966 annis
838 944 961 967 succes—

15 972 203 1029 23·;,‘',¹,ss,²„³g¹;f³,gtj
217 985 305 1026 serit3
322 991 426 1019 tamen
446 986 614 1027 Dominus,
633 987 766 1020 Sanctae
784 997 860 1020 suae
874 997 959 1019 sum-

17 1031 97 1048 mm
113 1025 186 1046 ''⁰¹⁰⁰⁵
217 1049 304 1072 mum
317 1038 474 1072 honorem
490 1039 522 1072 in
537 1040 629 1073 terris
655 1040 799 1073 debitum
819 1040 857 1073 ad
876 1040 959 1073 hanc

216 1103 316 1136 usque
342 1093 426 1126 diem
457 1093 583 1127 occulta
619 1094 857 1137 dispensatione
892 1094 956 1127 dif-

216 1146 290 1178 ferri
315 1146 445 1187 volens‚
476 1157 540 1180 non
568 1146 713 1191 permisit
740 1147 863 1180 interea
889 1147 958 1180 aliis

216 1199 394 1232 honoribus
421 1199 568 1233 destitui:
598 1210 775 1244 numquam
796 1200 881 1233 enim
904 1201 958 1234 de-

216 1253 300 1286 votio
322 1253 467 1286 fidelium
490 1264 566 1296 erga
587 1254 736 1287 ancillam
759 1265 849 1287 suam
871 1254 960 1288 resri-

215 1307 258 1340 xit
277 1307 307 1340 in
329 1307 424 1347 Urbe,
449 1308 596 1351 quinimo
622 1308 672 1341 die
700 1308 850 1341 transitus
876 1308 955 1347 eius,

215 1360 407 1394 auctoritate
428 1362 618 1405 apostolica,
644 1368 673 1395 et
693 1362 804 1406 populi
822 1362 957 1395 Romani

216 1415 267 1458 pia
296 1415 515 1449 sollicitudine
538 1415 568 1448 in
590 1416 735 1455 honore,
758 1422 786 1448 et
814 1416 843 1448 in
866 1415 957 1449 Curia

207 1468 391 1512 'Capitolina
414 1469 511 1502 festus
531 1469 658 1502 habitus
679 1469 747 1509 fuit,
771 1469 872 1502 donec
892 1469 958 1502 seli-

216 1521 261 1555 cis
282 1521 517 1555 recordationis
537 1522 683 1556 Clemens
704 1523 789 1566 Papa
808 1523 872 1556 Vlll
890 1533 959 1566 pre—

216 1576 366 1609 decessor
387 1581 506 1615 noster,
531 1585 590 1619 pro
610 1576 656 1608 sui
679 1576 830 1619 pastorali
853 1576 958 1619 provi-

216 1629 340 1669 dentia,
362 1629 475 1673 spiritu
497 1629 553 1663 Dei
575 1636 702 1668 motus,
727 1630 787 1673 piis
812 1629 955 1663 eiusdem

214 1683 326 1727 populi
347 1683 483 1716 Romani
513 1683 664 1727 precibus
695 1683 835 1726 benigne
863 1693 957 1716 aures

215 1737 393 1781 praebens,
422 1736 675 1770 canonizationis
710 1737 825 1770 beatae
853 1737 957 1770 Fran—

215 1791 318 1824 ciscae
343 1801 442 1835 opus,
473 1791 513 1824 ad
538 1791 688 1824 decorem
726 1796 756 1824 et
784 1790 956 1824 utilitatem

216 1845 332 1879 domus
362 1845 416 1878 Dei
451 1844 572 1878 iamdiu
598 1850 772 1888 coeptum,
800 1854 954 1878 consum-

216 1899 371 1933 mandum
398 1899 532 1933 censuit.

18 1957 201 2005 Aufiriittggisbssojsse·
261 1953 275 1994 ,Ε
287 1951 339 1986 30.
352 1953 363 1986 I
369 1958 462 1996 taque
477 1952 580 1986 bonae
592 1952 767 1986 memoriae
778 1952 957 1996 Seraphino

0 2011 99 2058 {fficium
116 2012 201 2032 commi·
216 2006 316 2040 sancti
337 2006 511 2040 Salvatoris
532 2006 563 2039 in
584 2007 704 2047 Lauro,
725 2017 852 2040 necnon
879 2007 957 2041 dile-

0 2071 1 2076 *
45 2053 50 2059 ¹
217 2058 274 2092 ctis
295 2057 368 2090 tiliis
389 2058 505 2091 nostris
522 2057 720 2102 Hieronymo
741 2058 840 2091 sancti
863 2059 956 2091 Blasii

216 2112 256 2145 de
280 2112 408 2144 Annulo
434 2110 615 2155 Pamphilio
637 2116 668 2144 et
694 2111 805 2144 Ioanni
826 2112 957 2145 Garziac

214 2165 260 2199 Ss.
281 2164 426 2204 Quatuor
442 2164 678 2198 Coronatorum
696 2164 795 2197 titulis
812 2165 842 2198 S.
864 2165 898 2198 R.
920 2166 952 2198 1⁴1.

214 2218 408 2262 presbyteris
437 2217 655 2250 cardinalibus
684 2218 804 2251 tttittino
832 2228 956 2251 nuncu-

215 2272 313 2315 patis,
338 2277 413 2305 tunc
429 2271 511 2305 sacri
525 2270 634 2304 Palatii
653 2271 826 2315 Apostolici
845 2282 956 2305 causa—

215 2336 284 2358 rum
307 2325 509 2359 auditoribus
531 2324 709 2364 commisit,
733 2331 765 2357 ut
788 2325 954 2358 riderent:

213 2388 252 2411 an
271 2379 449 2412 secundum
468 2388 635 2412 sacrorum
651 2388 811 2411 canonum
828 2379 955 2412 decreta

214 2439 245 2465 et
269 2432 429 2466 Ecclesiae
454 2432 618 2466 Romanae
645 2437 807 2475 receptum
831 2442 955 2465 morem

215 2485 415 2519 canonizatio
440 2485 626 2518 huiusmodi
653 2485 808 2518 celebrari
836 2491 952 2529 posset.

215 2540 280 2574 tttis
300 2550 374 2573 vero
395 2545 425 2573 et
447 2539 479 2573 in
499 2550 610 2572 eorum
638 2539 763 2579 locum,
786 2539 897 2572 iisdem
917 2540 955 2572 ad

217 2593 432 2626 cardinalatus
450 2593 606 2626 honorem
626 2602 737 2625 eorum
757 2592 957 2635 exigentibus

53 839 103 860 Dies
131 839 202 860 obitus

17 866 94 888 heatae
108 865 202 887 Francis·

17 898 56 914 cae
66 892 131 913 festus
141 892 202 913 babi-

17 921 50 940 tus
59 921 90 940 est
99 925 166 945 usque
175 918 202 939 ad

858 249 978 273 PAt‘Lt‘S
1000 250 1017 271 V
1039 250 1082 271 ΡΡ.

1634 239 1697 271 497

993 296 1088 329 etiam
1110 296 1168 329 filii
1198 297 1386 330 Franciscus
1412 297 1553 337 Pennia,
1586 297 1735 330 Horatius

993 349 1208 382 Lancellottus
1229 355 1258 383 ct
1277 350 1413 384 loannes
1433 350 1573 394 Baptista
1590 350 1736 394 Pamphi-

994 401 1054 434 lius
1074 401 1219 435 eiusdem
1248 402 1331 435 sacri
1353 403 1465 436 Palatii
1488 413 1659 436 causarum
1680 414 1735 447 pa-

994 454 1071 487 riter
1091 455 1265 496 auditores,
1286 466 1466 499 processus,
1488 462 1516 490 et
1540 462 1609 489 acta
1626 456 1736 490 onmia

994 507 1033 540 ab
1054 507 1187 541 exordio
1208 518 1332 549 causae,
1349 514 1382 542 ut
1397 519 1447 542 res
1467 509 1661 553 postulabat,
1686 519 1736 542 re-

994 566 1168 602 censentes,
1183 562 1392 605 probationes
1414 562 1584 605 diligenter
1603 573 1737 607 perpen-

994 615 1124 651 derunt,
1146 625 1294 659 novoque
1320 626 1473 659 processu
1494 617 1553 650 rite
1575 618 1733 658 consecto,

993 669 1170 702 sanctitatis
1191 676 1220 702 et
1242 669 1475 703 miraculorum
1501 670 1614 704 beatae
1636 671 1735 704 Fran-

994 721 1097 755 ciscae
1129 722 1168 755 ab
1201 722 1268 756 eius
1298 722 1389 756 obitu
1416 723 1456 756 ad
1483 733 1604 756 annum
1633 735 1735 768 usque

994 785 1103 816 noelv,
1121 786 1185 819 quo
1204 786 1288 809 anno
1310 776 1388 810 baec
1415 777 1612 819 agebantur,
1633 778 1734 811 conti-

994 839 1090 862 nuam
1112 835 1378 874 constantemque
1400 831 1516 864 samam
1535 831 1667 875 probari
1686 842 1735 866 vo-

994 881 1134 915 luerunt.

1039 935 1054 976 ξ
1076 934 1128 968 31.
1153 935 1288 975 Verum,
1324 936 1405 969 tiam
1436 936 1604 970 universae
1630 937 1735 970 carnis
1750 947 1937 995 Paffisssd⁰i¹1¹÷¹i³iiisi

994 988 1137 1031 ingresso
1159 989 1319 1023 Clemente
1340 990 1600 1033 praedecessore,
1626 997 1656 1024 et
1676 990 1735 1024 hu·
1749 1001 1938 1021 retationeetsen-

1750 1028 1816 1047 tentia
1832 1027 1936 1048 dictorum

994 1041 1129 1075 militate
1154 1045 1262 1076 nostra
1284 1044 1323 1076 ad
1344 1054 1506 1076 summum
1529 1044 1937 1101 APOS‘0121US333353153553·

993 1095 1128 1138 gradum
1152 1096 1241 1130 nullo
1262 1096 1414 1139 suffragio
1437 1097 1627 1131 meritorum
1645 1108 1662 1131 a
1679 1098 1736 1131 Do·
1750 1107 1866 1154 gffiploffl
1876 1112 1936 1158 '³523

995 1149 1082 1183 mino
1105 1152 1236 1190 vocata,
1273 1161 1331 1184 nec
1362 1157 1505 1184 cessante
1531 1152 1652 1196 populo
1666 1152 1732 1185 Ro·
1750 1160 1938 1207 {fetinacrispu-

995 1213 1090 1236 mano
1111 1206 1218 1237 sancta
1240 1203 1410 1238 sedulitate
1432 1203 1561 1245 instare,
1586 1211 1618 1237 ut
1640 1215 1736 1238 causa
1767 1191 1909 1207 mmmmm

993 1256 1245 1289 canonizationis
1273 1256 1459 1290 huiusmodi
1491 1257 1733 1298 absolveretur3

994 1319 1050 1343 nos
1076 1320 1111 1342 ex
1136 1309 1235 1342 oflicii
1257 1310 1365 1343 debito
1387 1310 1568 1354 pastoralis,
1588 1321 1671 1354 quae
1696 1311 1737 1343 ad

993 1363 1046 1396 Dei
1084 1363 1212 1397 laudem
1240 1369 1270 1397 et
1301 1364 1447 1397 fidelium
1475 1364 1735 1398 aedificationem

993 1423 1089 1458 sunt,
1120 1423 1276 1460 quantum
1307 1418 1338 1450 in
1370 1418 1507 1452 Domino
1539 1429 1733 1462 possumus,

993 1481 1185 1514 promovere
1211 1472 1393 1515 cupientes,
1422 1483 1458 1506 ac
1484 1483 1549 1506 non
1570 1473 1736 1516 ambigen-

994 1529 1056 1565 tes,
1081 1524 1113 1557 id
1134 1535 1234 1566 genus
1255 1535 1322 1559 esse
1353 1525 1582 1570 triumphalem
1604 1527 1737 1560 canoni-

992 1577 1125 1611 zationis
1150 1578 1324 1618 honorem,
1348 1590 1406 1623 per
1427 1590 1523 1623 quem
1545 1580 1735 1624 sapientiam

993 1631 1185 1664 Sanctorum
1215 1638 1349 1664 narrant
1375 1632 1510 1676 populi,
1544 1639 1574 1667 et
1605 1634 1735 1668 laudem

992 1694 1105 1717 eorum
1138 1684 1294 1718 nunciant
1328 1685 1512 1727 Ecclesiae,
1546 1687 1737 1731 patriaeque

991 1743 1121 1771 nostrae
1143 1737 1272 1771 inclitae
1292 1739 1387 1772 Urbis
1408 1739 1564 1774 charitate
1586 1748 1732 1783 cogente,

991 1801 1031 1824 ne
1057 1790 1142 1824 filiae
1166 1801 1244 1825 suae
1270 1791 1383 1825 merita
1409 1793 1617 1827 veneratione
1645 1794 1735 1837 quasi

991 1846 1073 1877 nora
1098 1847 1218 1878 corona
1243 1845 1484 1887 destitueretur,
1507 1848 1737 1890 praedecesso-

992 1908 1063 1931 rum
1092 1904 1280 1932 nostrorum
1302 1899 1442 1941 vestigiis
1463 1900 1665 1938 insistentes,
1689 1902 1735 1934 rei

992 1957 1098 1985 tantae
1130 1952 1161 1984 in
1197 1952 1328 1985 nomine
1360 1953 1487 1986 Domini
1517 1953 1736 1997 perficiendae

992 2005 1161 2038 consilium
1181 2005 1357 2049 coepimus.
1375 2006 1579 2050 Quapropter
1597 2008 1735 2049 cognita,

992 2058 1181 2091 corumdem
1199 2069 1234 2091 ex
1260 2058 1445 2091 auditorum
1468 2059 1641 2100 relatione,
1666 2060 1736 2093 itto-

990 2122 1062 2145 rum
1085 2122 1143 2155 pro
1164 2111 1409 2145 canonizatione
1439 2113 1615 2150 sententia,
1648 2113 1735 2146 illam

991 2172 1021 2199 et
1038 2166 1220 2199 universam
1240 2177 1369 2200 causam
1389 2177 1405 2199 a
1424 2167 1662 2200 venerabilibus
1678 2170 1738 2200 t'ra-

991 2219 1092 2252 tribus
1110 2220 1227 2253 nostris
1249 2220 1278 2253 S.
1296 2221 1331 2252 R.
1350 2221 1381 2253 ti.
1398 2220 1616 2253 cardinalibus
1637 2221 1735 2253 sari-is

991 2272 1104 2305 ritibus
1123 2279 1150 2305 et
1171 2273 1386 2307 coeremoniis
1406 2274 1576 2317 praefertis
1604 2285 1735 2306 arcura-

991 2327 1111 2360 tissime
1138 2328 1325 2370 recognosci
1348 2333 1376 2360 et
1396 2327 1570 2360 examinari
1594 2328 1730 2360 manda-

989 2380 1104 2413 vimus

1034 2435 1048 2475 ξ
1069 2434 1121 2467 3⁵2.
1146 2435 1203 2474 Qui
1226 2445 1259 2468 re
1281 2435 1335 2468 diu
1366 2435 1569 2477 multumque
1591 2435 1734 2468 discussa
1789 2448 1828 2471 om
1844 2448 1935 2468 muman

990 2498 1024 2521 ac
1047 2488 1220 2531 disputata,
1244 2489 1355 2521 heatae
1374 2487 1561 2520 Franciscae
1581 2487 1661 2520 vitae
1683 2498 1734 2520 ex·
1749 2475 1936 2521 Fifflsslssliil'ssil

990 2541 1161 2575 cellentem
1180 2552 1251 2574 cum
1274 2541 1336 2574 tide
1354 2540 1568 2579 satientatem,
1590 2547 1620 2573 ct
1642 2551 1734 2583 prae-
1749 2528 1867 2575 gggssufft
1887 2534 1935 2548 Μ’

991 2594 1078 2628 clara
1104 2594 1261 2628 miracula
1282 2605 1317 2627 ex
1339 2593 1490 2627 omnibus
1515 2594 1731 2636 processibus,

1747 250 1841 274 311.st
1869 249 1935 275 tuo&

219 2646 341 2680 meritis
358 2646 524 2689 promotis,
541 2652 653 2690 postea
667 2646 830 2689 subrogati
849 2647 955 2680 dilecti
992 2647 1095 2691 primo
1115 2653 1259 2691 excepto,
1280 2647 1419 2690 satisque
1439 2647 1579 2689 legitime
1598 2647 1637 2680 ad
1657 2658 1735 2688 rem,

266 2708 345 2737 Butt.
363 2708 445 2735 Rom.
467 2708 526 2736 Vol.
545 2709 595 2736 XI.
867 2709 901 2736 03
