2227 3241
265 279 314 306 An.
331 278 360 305 C.
383 279 450 307 1607

268 1132 439 1160 nutusmmitap.

254 1160 390 1186 pacationem
402 1166 438 1186 ap-

255 1186 354 1211 probavit
395 1187 439 1208 eto·

254 1218 310 1233 mens
328 1212 380 1234 VIII.

280 1930 386 1952 officiatos
401 1931 437 1951 lio-

253 1958 336 1984 spttalis
361 1958 437 1979 iterum

253 1986 327 2010 potunt
339 1984 437 2006 conlima-

498 269 561 303 :³180

455 432 577 465 nuatim
589 432 764 465 ascendens
774 431 803 464 in
814 431 980 476 hospitalis
989 432 1142 476 praedicti
1154 433 1196 466 fa-

455 484 588 525 bricam,
604 485 736 528 eiusque
757 485 1031 518 manutentionem
1053 485 1192 519 converti

455 543 485 571 et
505 538 631 580 erogari
652 538 807 578 voluerat,
832 543 927 582 prout
948 549 985 572 ex
1006 543 1080 572 tunc
1098 538 1190 572 dein-

455 601 528 634 ceps
547 591 661 624 factum
689 591 792 624 fuerat
811 591 878 624 sinc
904 591 1010 635 aliqua
1039 592 1194 635 cuiusque

455 645 696 685 reclamatione,
715 645 813 678 immo
834 645 941 689 potius
962 655 1033 678 cum
1059 645 1190 679 univer-

453 698 510 731 sali
523 698 667 732 omnium
678 697 1194 742 satisfactione,emolumentaque

454 751 636 796 praedicta,
668 762 737 785 cum
766 752 871 785 adhuc
896 752 1050 785 ecclesiae
1074 752 1195 785 fabrica

453 805 593 848 perfecta
624 815 689 839 non
714 811 813 846 esset,
838 805 876 838 de
897 805 1025 838 licentia
1050 805 1192 838 eiusdem

453 858 585 899 Alberfi,
611 863 685 892 tunc
707 858 879 892 cardinalis
898 858 1004 899 legati,
1023 858 1121 902 ipsius
1141 868 1193 892 ec-

455 911 569 945 clesiae
587 911 737 952 fabricae,
757 922 926 955 quousque
941 911 1086 944 absoluta
1098 916 1190 952 esset,

454 964 613 1008 applicata
638 965 782 1005 fuerant,
810 965 852 998 ita
885 970 990 998 tamen
1019 970 1054 998 ut
1082 970 1193 1008 postea

454 1018 493 1051 ad
514 1018 679 1062 hospitalis
700 1018 852 1052 fabricam
872 1024 900 1052 et
917 1018 1192 1052 manutentionem

455 1075 690 1105 reverterentur
702 1083 709 1112 ;

499 1125 515 1166 Ξ
536 1123 566 1157 3.
588 1125 631 1158 Ac
651 1124 755 1158 eidem
778 1124 933 1158 Clementi
955 1124 1193 1168 praedecessori

455 1187 513 1220 pro
538 1184 629 1222 parte
652 1178 746 1211 Fabii
767 1179 968 1222 patriarchae
998 1184 1028 1212 et
1056 1178 1194 1212 nationis

455 1231 694 1274 praedictorum
731 1231 895 1265 humiliter
929 1232 1130 1276 supplicato,
1160 1238 1195 1265 ut

456 1285 653 1318 concessioni
674 1290 704 1318 et
722 1285 929 1328 assignationi
943 1285 1129 1319 huiusmodi
1143 1295 1194 1319 ro-

455 1335 516 1368 bur
543 1335 738 1380 apostolicae
769 1335 1023 1369 confirmationis
1055 1336 1193 1370 adiicere

455 1388 655 1430 dignaretur:
684 1389 769 1423 idem
794 1389 939 1423 Clemens
953 1389 1192 1433 praedecessor,

454 1441 641 1475 huiusmodi
677 1442 966 1486 supplicationibus
998 1442 1189 1484 inclinatus,

455 1495 696 1529 concessionem
726 1501 757 1529 et
787 1495 1034 1537 assignationem
1060 1496 1098 1529 ab
1125 1496 1192 1540 ipso

455 1549 588 1582 Alberto
614 1555 688 1582 tunc
717 1549 879 1582 cardinale
908 1550 1022 1591 legato,
1046 1553 1189 1593 utprae-

454 1601 577 1643 fertur,
599 1603 731 1643 factam,
760 1602 895 1635 durante
929 1602 1011 1635 dicta
1033 1602 1192 1644 legatione

454 1655 655 1688 confirmavit
680 1660 708 1688 et
730 1655 929 1699 approbavit,
952 1660 1048 1699 prout
1073 1655 1104 1687 in
1125 1655 1192 1688 eius

453 1708 565 1742 litteris
599 1708 628 1741 in
654 1708 748 1742 simili
780 1709 884 1742 forma
904 1708 1031 1749 Brevis,
1061 1709 1120 1742 sub
1141 1709 1192 1742 die

453 1771 534 1795 xxm
559 1761 743 1795 novembris
767 1772 896 1803 iinxciv,
921 1761 1126 1806 pontificatus
1143 1762 1191 1795 sui

453 1825 537 1849 anno
551 1826 599 1857 111,
616 1817 753 1861 desuper
770 1816 924 1860 expeditis
944 1817 1071 1860 plenius
1092 1816 1192 1850 conti-

452 1868 580 1902 netur¹.

497 1922 557 1965 54.
572 1922 651 1957 Cum
666 1928 772 1956 autem
789 1923 884 1966 (sicut
896 1923 988 1957 nobis
999 1933 1103 1967 nuper
1114 1923 1193 1956 dile-

453 1976 739 2010 ctorum‘filiorum
761 1976 947 2010 officialium
968 1982 1000 2010 et
1019 1977 1189 2020 deputato-

453 2040 525 2063 rum
550 2030 692 2064 eiusdem
715 2031 854 2064 nationis
871 2030 999 2064 Italicae
1016 2030 1192 2064 Ulixbonae

453 2083 724 2117 commorantium
757 2083 888 2117 nomine
920 2083 979 2117 fuit
999 2083 1191 2127 expositum)

453 2147 489 2171 ex
509 2137 673 2181 praedicta
692 2137 896 2180 impositione
918 2142 948 2170 et
962 2136 1188 2179 assignatione,

452 2201 534 2234 quae
553 2190 675 2223 nemini
700 2190 803 2232 gravis
831 2191 878 2223 vel
904 2200 1041 2224 onerosa
1062 2190 1187 2231 existit,

451 2254 629 2288 pauperum
656 2243 859 2276 infirmorum
890 2249 920 2276 et
945 2243 1189 2287 peregrinorum

450 2297 589 2330 nationis
607 2296 734 2330 Italicae
755 2296 997 2329 necessitatibus
1014 2297 1190 2340 plurimum

450 2350 674 2394 prospiciatur,
687 2357 727 2391 et,
742 2356 777 2383 ut
791 2350 876 2383 illam
892 2350 1101 2394 imposterum
1115 2361 1192 2394 quo-

451 2413 514 2447 que
539 2405 605 2437 tuta
634 2403 827 2436 conscicntia
854 2403 1020 2446 percipere
1041 2403 1187 2444 valeant,

452 2455 582 2500 cupiant
614 2455 853 2500 impositionem
886 2461 916 2488 et
949 2456 1189 2489 concessionem

453 2510 745 2543 emolumentorum
767 2509 1005 2553 praedictorum
1032 2509 1090 2553 ipsi
1115 2509 1190 2542 hos-

452 2561 552 2605 pitali,
573 2568 608 2595 ut
631 2572 727 2606 supra
752 2562 814 2595 iam
841 2562 954 2595 factam
970 2589 978 2603 ,
1001 2572 1058 2606 per
1075 2572 1133 2596 nos
1151 2562 1190 2595 de

489 2634 498 2659 1
522 2632 605 2661 Breve
621 2632 770 2661 istiusmodi
791 2633 816 2660 in
837 2632 971 2662 Buztarto
988 2640 1039 2660 ηοη
1055 2632 1190 2668 reperitur

451 2680 488 2711 (a.
500 2678 546 2711 τ,).

1036 278 1217 304 auLLAmum
1242 277 1393 302 Romanu

458 333 518 367 tur,
542 326 653 369 viginti
674 325 817 368 regalia),
834 326 921 369 quod
940 326 1193 360 emolumentum
1228 335 1310 359 novo
1328 325 1413 359 dicto
1434 324 1584 369 hospitali
1598 325 1732 358 concedi
1749 330 1780 359 et
1795 325 1961 368 assignari;

456 380 495 412 ad
516 379 690 422 quingenta
711 379 838 412 circiter
862 384 951 412 scuta
970 385 1117 414 monetae
1137 390 1194 413 an·
1229 378 1300 411 ideo
1321 378 1413 411 nobis
1433 378 1597 412 humiliter
1616 378 1790 423 supplicari
1810 378 1963 421 fecerunt,

1978 277 2027 305 An.
2043 277 2074 306 G.
2094 275 2175 307 16072·
2197 311 2199 318 ἲ

1229 437 1263 464 ιιι
1285 431 1314 464 in
1336 431 1519 475 praemissis
1536 437 1718 475 opportune
1735 431 1904 475 providere
1925 432 1964 465 de

1229 485 1424 527 benignitate
1445 485 1620 529 apostolica
1637 485 1855 528 dignaremur.
2179 515 2181 518 .

1273 539 1288 580 ξ
1307 537 1336 571 5.
1354 539 1416 572 Nos
1430 538 1527 581 igitur
1547 538 1775 582 (impositionis
1792 542 1822 573 et
1835 547 1965 572 conces·
2011 547 2182 580 οοηηῃηιηωιπ

1228 591 1325 624 sionis
1338 591 1629 624 emolumentorum
1644 591 1895 635 praedictorum,
1908 600 1964 624 seu
1977 574 2182 627 ssssnffssfssdl'ssl.
2207 605 2211 608 ⁴

1228 644 1404 677 litterarum
1427 644 1616 688 patentium,
1640 649 1694 677 aut
1721 644 1858 678 aliorum
1883 653 1964 688 quo-
1977 628 2085 656 mmmm

1229 708 1441 741 rumcumque
1459 697 1670 741 diplomatum
1699 707 1825 731 necnon
1844 697 1965 731 littera-

1229 761 1299 784 rum
1321 751 1396 784 dicti
1416 750 1586 784 Clementis
1605 749 1860 794 praedecessoris
1883 760 1962 784 con-

1229 803 1477 837 firmatoriarum
1506 804 1644 847 desuper
1672 803 1893 847 expeditarum
1917 802 1966 848 vel

1228 857 1448 901 expeditorum
1475 863 1624 897 tenores,
1651 867 1828 901 verumque
1853 856 1965 890 huius-

1229 912 1314 945 modi
1337 913 1632 946 emolumentorum
1661 922 1804 945 annuum
1824 911 1965 945 valorem

1229 965 1450 1008 praesentibus
1470 976 1529 1009 pro
1546 964 1702 1009 expressis
1719 964 1887 1008 habentes)
1906 964 1966 998 hu-

1229 1017 1367 1051 iusmodi
1389 1017 1677 1062 supplicationibus
1702 1016 1855 1058 inclinati,
1878 1026 1966 1050 emo-

1229 1071 1371 1104 lumenta
1391 1081 1427 1104 ex
1452 1070 1544 1104 dictis
1570 1069 1864 1115 dispensationibus
1891 1080 1962 1103 ma-

1230 1123 1463 1158 trimonialibus
1480 1125 1555 1168 (per
1576 1134 1660 1158 nunc
1681 1129 1712 1157 et
1735 1133 1794 1168 pro
1820 1128 1966 1168 tempore

1229 1177 1414 1211 existentem
1447 1177 1565 1210 iurium
1591 1182 1622 1210 et
1645 1176 1825 1221 spoliorum
1852 1175 1965 1210 huius-

1230 1230 1315 1263 modi
1330 1231 1534 1264 collectorem
1549 1230 1744 1273 generalem,
1758 1234 1811 1263 aut
1823 1229 1965 1272 legatum

1227 1294 1283 1316 seu
1294 1283 1504 1326 vicelegatum
1518 1283 1720 1327 Apostolicae
1728 1282 1818 1316 Sedis
1828 1282 1860 1315 in
1873 1281 1965 1316 dictis

1228 1335 1334 1379 regnis
1362 1346 1421 1380 pro
1448 1342 1593 1379 tempore
1618 1339 1896 1376 commorantem,
1920 1333 1967 1368 vi-

1228 1400 1304 1432 gore
1319 1390 1504 1423 facultatum
1517 1389 1576 1423 sibi
1591 1389 1728 1434 desuper
1740 1398 1965 1423 concessarum

1227 1453 1283 1476 seu
1304 1443 1598 1483 concedendarum,
1619 1441 1847 1485 concedendis)
1867 1441 1964 1475 modo

1227 1496 1412 1540 supradicto
1443 1496 1554 1539 (iuxta
1582 1495 1820 1540 impositionem
1842 1506 1860 1529 a
1879 1494 1965 1529 dicto

1225 1548 1356 1581 Alberto
1372 1553 1446 1582 tunc
1463 1548 1626 1581 cardinale
1640 1554 1670 1582 et
1686 1549 1791 1591 legato
1803 1575 1810 1589 ‚
1825 1553 1861 1582 ut
1873 1557 1965 1592 prae-

1227 1602 1336 1643 fertur,
1360 1602 1489 1644 factam)
1514 1601 1745 1645 provenientia,
1766 1601 1870 1635 eidem
1891 1601 1965 1635 hos·

1226 1655 1326 1698 pitali‚
1342 1655 1530 1688 auctoritate
1544 1655 1729 1699 apostolica,
1748 1661 1856 1688 tenore
1869 1664 1964 1699 prae-

1226 1708 1376 1749 sentium,
1391 1709 1430 1741 ad
1449 1715 1592 1742 nostrum
1612 1708 1745 1742 etSediS
1762 1708 1964 1752 Apostolicae

1226 1762 1462 1805 beneplacitum
1485 1761 1692 1802 concedimus
1708 1767 1738 1795 et
1751 1761 1960 1804 assignamus:

1271 1817 1286 1858 g
1308 1814 1338 1848 6.
1356 1816 1399 1848 Ac
1417 1815 1694 1849 administratores
1713 1814 1870 1859 praedicti
1890 1814 1965 1848 hos-

1226 1867 1332 1912 pitalis
1352 1874 1407 1901 aut
1427 1868 1505 1901 alios
1535 1878 1594 1912 pro
1620 1874 1765 1912 tempore
1795 1868 1964 1912 deputatos

1225 1932 1322 1966 super
1339 1922 1523 1955 huiusmodi
1538 1922 1832 1956 emolumentorum
1851 1931 1964 1966 perce-

1225 1975 1335 2019 ptione
1347 1975 1523 2016 molestari,
1538 1975 1699 2019 impediri,
1715 1975 1896 2019 perturbari
1911 1980 1966 2009 aut

1226 2028 1397 2072 inquietari
1418 2029 1601 2062 nullatenus
1628 2038 1722 2072 posse
1747 2033 1801 2062 aut
1825 2027 1962 2069 debere;

1226 2081 1335 2125 sicque
1349 2092 1407 2125 per
1420 2092 1641 2125 quoscumque
1655 2081 1775 2115 iudices
1786 2081 1965 2115 ordinarios

1227 2140 1255 2167 et
1282 2135 1456 2177 delegatos,
1480 2145 1516 2168 ac
1542 2135 1734 2168 modernum
1756 2140 1787 2168 et
1805 2144 1865 2178 pro
1885 2140 1966 2168 tem-

1225 2198 1304 2231 pore
1326 2180 1510 2221 existentem
1532 2188 1565 2220 in
1584 2187 1676 2221 dictis
1694 2187 1800 2230 regnis
1813 2187 1964 2221 collecto-

1225 2251 1304 2281 rem,
1322 2252 1358 2274 ac
1375 2246 1521 2274 nostrum
1537 2246 1568 2274 et
1581 2241 1685 2274 dictae
1702 2239 1791 2274 Sedis
1808 2240 1847 2274 de
1864 2240 1964 2281 latere

1225 2295 1364 2337 legatum
1385 2305 1440 2328 seu
1459 2294 1669 2337 vicelegatum
1691 2293 1876 2328 huiusmodi
1895 2293 1963 2337 (su-

1226 2348 1309 2381 blata
1335 2347 1379 2381 eis
1397 2353 1426 2380 ct
1451 2357 1563 2381 eorum
1589 2346 1720 2380 cuilibet
1740 2346 1850 2390 quavis
1870 2346 1963 2380 aliter

1225 2400 1388 2434 iudicandi
1424 2406 1454 2433 ct
1489 2399 1719 2444 interpretandi
1755 2399 1903 2433 facultate
1933 2404 1965 2433 et
1989 2436 1992 2439 ‚

1224 2453 1434 2497 auctoritate)
1457 2453 1593 2487 iudicari
1621 2458 1651 2487 ct
1675 2452 1801 2486 definiri
1827 2451 1958 2493 debere;

1224 2517 1259 2541 ac
1272 2507 1399 2540 irritum
1421 2512 1451 2540 et
1471 2506 1565 2539 inane
1582 2505 1739 2550 quidquid
1759 2515 1850 2539 secus
1866 2515 1964 2550 super

1223 2560 1272 2594 his
1289 2570 1306 2594 a
1327 2570 1501 2604 quoquam,
1516 2558 1626 2603 quavis
1643 2558 1844 2599 auctoritate,
1860 2558 1962 2592 scien-

1223 2619 1270 2647 ter
1293 2614 1341 2647 vel
1367 2613 1573 2656 ignoranter,
1600 2611 1772 2655 contIgerit
1797 2610 1958 2654 attentari,

1223 2666 1436 2702 decernimus.

2004 1835 2123 1858 Clausum.
