2227 3241
49 2935 55 3058 ξ

52 3062 57 3176 l

16 3216 23 3241 .=
53 3180 59 3241 l

0 240 1 243 ’
40 238 218 268 Anac-160⁴·

93 949 232 975 flegmatibus

48 980 109 998 unum
151 978 231 996 tantuin

48 1003 231 1029 congregationem

48 1029 92 1050 mis
103 1028 124 1049 in
134 1029 231 1050 ecclesiis

49 1055 75 1077 ite
83 1060 186 1077 consensu
194 1055 231 1077 Or-

50 1083 125 1104 dinarii
137 1082 230 1108 erigi-ndi

49 1111 76 1130 nit
90 1111 190 1136 potestas,

842 234 988 259 CLEMENS
1007 235 1066 259 vm
1087 235 1133 258 ΡΡ.

235 285 373 319 formam
399 285 432 318 in
456 284 642 318 huiusmodi
668 283 896 323 erectionibus,
920 283 975 315 in-

235 338 468 379 stitutionibus,
484 337 768 381 aggregationibus
782 342 812 370 et
830 347 975 370 commu-

236 392 454 426 nicationibus
467 392 586 426 servari
601 391 756 431 debitam,
771 401 877 434 neque
889 400 979 434 prae-

236 446 383 480 scribunt
402 446 553 485 modum,
577 455 641 490 quo
662 445 847 489 privilegia,
872 444 978 477 indul-

238 499 361 542 gentias
376 527 384 541 ‚
412 500 599 540 facultates,
628 499 771 542 aliasque
795 498 979 542 spirituales

239 553 358 595 gratias
379 558 411 586 et
427 553 551 586 indulta
570 553 737 596 praedicta
753 551 907 596 consequi
930 551 981 584 de-

238 606 348 647 beant,
370 617 426 640 seu
457 606 598 650 ipsarum
628 606 930 640 confraternitatum
952 611 982 639 et

240 659 528 703 congregationum
547 659 684 701 incuria,
701 670 783 704 quae
797 670 861 693 non
880 659 984 703 inqui-

239 719 316 746 runt
335 724 390 755 ea,
414 724 496 758 quae
515 719 681 758 praestare
703 719 849 758 oportet,
869 721 905 747 ut
929 713 984 746 illa

241 772 493 811 consequantur,
516 767 693 801 nonnullae
710 777 828 811 pravae
849 777 984 800 consue-

243 821 370 855 tudines
400 822 624 866 irrepserunt,
659 822 823 866 multaque
855 821 980 855 incom-

244 875 341 909 moda
358 875 433 909 inde
452 882 682 920 provenerunt.

290 928 352 973 502.
377 929 498 968 Quibus
523 940 593 970 nos,
620 941 681 974 pro
703 929 876 963 commisso
893 929 986 963 nobis

245 983 443 1026 apostolicae
466 983 700 1017 sollecitudinis
725 983 851 1023 officio,
881 989 987 1027 pater-

245 1039 351 1080 naque
366 1047 441 1080 erga
455 1048 567 1071 omnes
578 1037 803 1071 christifideles
815 1038 988 1071 charitater

245 1090 431 1134 prospicere
447 1091 601 1131 volentes,
623 1091 683 1125 hac
703 1095 812 1125 nostrat
832 1091 987 1125 constitu-

247 1143 333 1177 tione
350 1150 508 1188 perpetuo
520 1145 660 1191 ralitura
674 1145 878 1178 decernimus
893 1151 988 1188 atque

245 1197 426 1237 statuimus,
447 1203 482 1231 ut
501 1198 727 1242 imposterum,
749 1205 811 1232 tam
830 1198 927 1231 buius
944 1200 987 1231 al-

246 1261 317 1284 mae
341 1251 435 1284 Urbis
455 1257 604 1293 nostrae,
630 1263 725 1296 quam
748 1252 884 1285 aliarum
907 1252 989 1285 civi—

246 1309 347 1337 tatum
365 1310 396 1338 et
415 1305 562 1339 locorum
584 1306 682 1339 totius
700 1306 865 1339 christiani
887 1305 986 1346 orbis,

247 1357 444 1400 regularium
471 1358 640 1399 Ordinum,
665 1359 858 1401 religionum
881 1365 913 1392 et
938 1359 987 1392 in-

246 1411 434 1445 stitutorum
461 1412 592 1456 (quibus
613 1413 644 1445 in
666 1423 777 1446 eorum
805 1418 835 1446 ct
859 1413 991 1457 quibus-

248 1475 389 1509 cumque
406 1465 475 1499 aliis
489 1465 630 1499 ecclesiis
648 1471 678 1499 et
699 1466 842 1507 collegiis
864 1467 989 1499 confra-

250 1519 414 1552 ternitates
439 1520 655 1553 saecularium
678 1520 822 1562 erigendi
845 1526 873 1553 et
903 1520 991 1553 insti-

250 1572 361 1606 tuendi
372 1573 506 1607 facultas
518 1584 667 1607 concessa
679 1574 749 1616 est),
758 1584 884 1607 necnon
896 1575 989 1607 etiam

250 1626 641 1660 archiconfraternilatum
690 1633 721 1660 et
767 1628 991 1670 congregatio-

250 1680 486 1721 num,cuiusvis
499 1681 649 1722 nationis,
661 1675 800 1714 nominis
814 1688 842 1714 et
859 1681 991 1715 instituti

250 1732 324 1766 illae
350 1733 424 1774 sint,
448 1739 478 1767 et
502 1733 532 1766 in
552 1734 811 1778 quibuscumque
831 1735 990 1777 ecclesiis,

252 1786 403 1820 domibus
423 1793 454 1820 et
474 1787 639 1829 oratoriis,
670 1794 731 1821 tam
757 1789 970 1822 saecularium
984 1817 991 1830 ‚

253 1850 363 1884 quam,
381 1846 415 1874 ut
431 1841 626 1885 praefertur,
649 1852 944 1886 quorumcumque,
965 1853 996 1875 e-

255 1893 331 1926 tiam
344 1894 597 1928 mendicantium
612 1895 775 1937 ordinum,
786 1896 993 1938 religionum,

256 1952 287 1980 ct
298 1947 518 1982 institutorum
531 1949 857 1994 regularium,quavis
871 1956 932 1983 tam
946 1961 997 1984 or-

257 2000 381 2035 dinaria
399 2013 494 2046 quam
517 2003 694 2047 apostolic-¹⁴1
715 2003 906 2037 auctoritate
927 2015 997 2037 cre-

257 2060 327 2089 ctae
343 2065 380 2089 ae
401 2055 564 2090 institutae
585 2056 729 2098 existant,
750 2067 806 2090 seu
824 2057 902 2091 alias
919 2069 999 2101 quo-

256 2107 304 2141 vis
316 2108 414 2142 modo
432 2109 634 2143 introductae
652 2110 855 2154 reperiantur
868 2111 999 2154 (quibus

258 2160 337 2195 alias
365 2162 645 2196 confraternitates
673 2168 703 2195 et
732 2164 999 2206 congregationes

260 2214 459 2257 instituendi,
484 2216 628 2259 erigendi
650 2227 686 2249 ac
706 2216 765 2250 sibi
788 2217 996 2260 aggregandi,

261 2267 386 2313 illisque
400 2270 579 2314 privilegia,
594 2270 820 2312 indulgentias,
835 2271 1000 2304 facultates

263 2431 308 2459 dis
323 2434 349 2458 et
364 2431 467 2466 quibus
481 2431 754 2459 communicationes
767 2431 1000 2466 prim'lessiormn,

263 2476 523 2511 indtthcntiarum,
541 2477 728 2511 aliarumque
739 2476 902 2510 oratiarum
916 2484 1003 2511 prae-

265 2520 412 2549 dictarum
434 2522 525 2557 fiunt,
548 2522 749 2556 praescribunt
774 2522 890 2547 modum
913 2528 1000 2555 qno„

265 2566 401 2601 consequi
415 2566 546 2599 debeant,
563 2575 610 2593 seu
628 2567 758 2601 ipsarum
776 2566 1003 2600 confraternita-

268 2613 328 2638 lttm
355 2613 382 2638 el
407 2612 663 2646 congyrcyctlt'onum
695 2611 806 2638 iurarit!
820 2633 825 2643 ‚
853 2618 925 2644 quar*
948 2618 1001 2635 uon

268 2657 427 2691 inquirunt,
440 2661 491 2683 etc.
510 2662 544 2683 tr..
562 2658 609 2691 T.).

1008 283 1150 325 aliasque
1162 281 1344 325 spirituales
1355 280 1472 324 gratias
1482 285 1513 314 et
1527 279 1649 313 indulta
1662 289 1752 323 prae-

1011 336 1094 368 dicta
1116 336 1305 378 elargiendi,
1323 341 1354 369 et
1379 333 1641 368 communicandi
1663 338 1750 377 pote-

1011 394 1074 422 stas
1091 400 1108 421 a
1124 389 1278 422 Romanis
1299 389 1509 422 Pontificibus
1525 388 1754 433 praedecesso-

1012 442 1102 475 ribus
1122 442 1257 482 nostris,
1285 443 1333 475 vel
1363 454 1379 475 a
1406 442 1499 476 nobis
1521 448 1550 475 et
1570 440 1755 485 Apostolicst

1012 496 1093 529 Sede
1124 496 1278 529 attributa
1310 496 1393 539 suit),
1423 495 1584 538 magistri,
1615 495 1752 539 priores,

1014 549 1202 593 praepositi,
1223 555 1377 591 rectores,
1398 550 1642 592 gubernatores,
1662 558 1756 592 prae-

1016 609 1175 647 ceptores,
1199 604 1392 647 primicerii,
1415 604 1568 647 praelati,
1593 603 1754 642 custodes,

1016 658 1207 700 guardiam,
1231 659 1401 702 praefecti,
1422 657 1703 691 administratores
1727 662 1758 690 et

1017 711 1070 744 alii
1092 711 1245 745 officiales
1259 722 1314 745 seu
1328 712 1523 755 superiores,
1535 711 1647 755 quovis
1661 711 1758 744 modo

1017 764 1227 810 nuncupati¹;
1249 766 1447 808 regularium
1468 766 1492 799 si
1515 765 1646 809 quidem
1667 764 1759 798 Ordi-

1018 831 1108 859 num,
1128 820 1323 862 religionum
1346 826 1375 853 et
1397 819 1637 860 institutorum,
1661 829 1758 852 unam

1020 880 1143 907 tantum
1166 873 1463 907 confraternitatem
1487 879 1518 906 et
1538 873 1761 915 congregatio-

1020 938 1105 967 nem,
1130 928 1170 960 de
1191 938 1349 961 consensu
1372 934 1479 960 tamen
1503 927 1663 960 Ordinarii
1685 927 1759 967 loci,

1021 987 1052 1015 et
1071 992 1144 1014 cum
1165 981 1280 1014 litteris
1301 981 1369 1014 eius
1394 980 1675 1021 testimonialibus,
1693 980 1763 1024 qui-

1021 1037 1080 1069 bus
1093 1036 1368 1069 contraternitatis
1383 1041 1412 1068 et
1428 1034 1688 1078 congregationis
1703 1033 1764 1068 eri-

1022 1091 1145 1133 gendae
1170 1096 1199 1123 et
1225 1090 1440 1123 instituendae
1466 1090 1578 1133 pietas,
1604 1088 1657 1122 et²
1682 1088 1765 1121 cliri-

1022 1144 1143 1177 stianae
1169 1143 1334 1176 charitatis
1363 1142 1479 1180 officia,
1509 1153 1590 1186 quae
1617 1153 1766 1175 exercere

1023 1197 1121 1241 cupit,
1139 1197 1225 1241 apud
1239 1207 1293 1231 eos
1308 1197 1589 1237 commendentur,
1607 1196 1638 1229 in
1653 1207 1765 1229 eorum

1024 1256 1055 1284 ct
1075 1251 1334 1294 quibuscumque
1357 1250 1428 1283 aliis
1449 1250 1592 1283 ecclesiis
1613 1255 1643 1283 et
1663 1250 1763 1283 colle-

1024 1305 1084 1345 giis
1105 1304 1228 1347 erigere
1250 1310 1279 1337 ct
1303 1304 1509 1345 instituere³;

1069 1359 1085 1400 ἓ
1106 1357 1136 1390 3
1161 1358 1469 1391 Caeterarum‘vero
1497 1357 1767 1390 archiconfrater-

1027 1579 1121 1614 taxat,
1134 1583 1217 1617 quae
1230 1572 1408 1617 apostolica
1421 1573 1469 1605 vel
1484 1572 1649 1605 ordinaria
1661 1577 1771 1604 aucto-

1027 1627 1119 1660 ritate
1140 1626 1230 1670 prius
1248 1632 1370 1667 erecta;
1387 1637 1422 1659 ac
1440 1625 1630 1659 nullialteri
1646 1625 1769 1665 Ordini,

1028 1681 1196 1723 religioni,
1229 1680 1395 1721 instituto,
1426 1679 1773 1713 archiconfraternitati

1029 1741 1059 1767 et
1077 1734 1332 1777 congregationi,
1349 1734 1494 1767 eiusdem
1512 1734 1559 1767 vel
1579 1733 1710 1766 alterius
1723 1743 1776 1765 na-

1031 1787 1139 1828 tionis,
1163 1787 1305 1820 nominis
1326 1792 1355 1820 et
1373 1787 1510 1819 instituti
1532 1791 1705 1829 aggregata
1722 1785 1772 1826 sit,

1031 1841 1161 1885 praevio
1175 1840 1324 1874 similiter
1343 1840 1406 1873 loci
1428 1839 1590 1873 Ordinarii
1607 1849 1776 1880 consensu,

1031 1900 1146 1929 etcum
1160 1894 1227 1928 eius
1238 1893 1353 1927 litteris
1368 1893 1650 1933 testimonialibus,
1661 1892 1777 1936 quibus

1032 1949 1176 1982 eiusdem
1190 1947 1463 1981 confraternitatis
1474 1952 1503 1980 et
1517 1945 1777 1988 congregationis

1033 2002 1258 2044 aggregandae
1280 2001 1474 2041 institutum,
1502 2000 1614 2044 pietaS‚
1639 2006 1669 2032 et
1691 1998 1776 2031 cliri-

1033 2055 1154 2087 stianae
1176 2054 1340 2088 charitatis
1361 2054 1467 2087 officia
1482 2080 1489 2093 ‚
1521 2064 1603 2097 quae
1629 2061 1777 2085 exercere

1034 2109 1210 2149 consuevit,
1235 2108 1321 2152 apud
1342 2118 1398 2141 eos
1419 2107 1702 2147 commendentur,
1715 2105 1775 2138 sibi

1034 2162 1210 2204 adiungere
1232 2167 1262 2194 et
1282 2171 1457 2204 aggregare
1482 2160 1617 2203 possint.

1080 2218 1095 2258 ξ
1117 2216 1146 2248 li.
1172 2216 1252 2249 Huic
1273 2225 1347 2249 vero
1369 2213 1625 2248 confraternitati
1646 2219 1677 2247 et
1701 2223 1777 2246 con>-

1035 2269 1214 2312 gregationi
1248 2269 1438 2312 erigendae,
1475 2267 1690 2301 instituendae
1720 2276 1776 2298 seu

1073 2386 1081 2411 1
1107 2384 1171 2412 lleic
1190 2383 1338 2412 subdivisio
1363 2383 1487 2410 subditur
1507 2382 1678 2417 superiorum
1697 2388 1776 2415 prae-

1036 2429 1186 2460 (lictorunu
1207 2428 1338 2464 siquidem
1359 2432 1420 2454 suut
1440 2427 1570 2453 Ordinum
1595 2424 1776 2461 regularium,

1037 2473 1069 2500 ‹te
1085 2474 1117 2500 iis
1137 2474 1228 2500 valent
1244 2482 1275 2500 ea
1291 2482 1359 2508 quae
1375 2473 1424 2498 liae
1445 2472 1457 2505 ,ξ
1478 2475 1648 2502 statuuntnr3
1669 2469 1702 2496 de
1721 2468 1779 2495 aliis

1039 2528 1099 2546 vcro
1115 2519 1219 2545 dicetur
1234 2520 1246 2553 ἓ
1262 2527 1319 2553 seq.
1344 2518 1380 2553 [ti.
1397 2519 1445 2549 Τ.).

1072 2564 1087 2590 ⁶2
1108 2563 1273 2590 Particulam
1285 2565 1310 2590 et
1326 2562 1450 2589 addimus
1462 2569 1491 2588 ex
1504 2565 1619 2595 utraque
1635 2558 1699 2585 edit.
1712 2557 1779 2584 Che-

1039 2608 1097 2635 rub.
1115 2615 1152 2637 (n.
1169 2608 1217 2641 T.).

1019 2644 1022 2677 l
1073 2653 1088 2678 3
1109 2652 1283 2687 Subintellige
1305 2660 1334 2678 ex
1356 2652 1408 2678 tine
1428 2652 1440 2685 ἓ
1461 2658 1516 2684 seq.
1539 2651 1645 2685 possint
1660 2650 1695 2684 (n.
1712 2650 1761 2675 rst.

1656 219 1721 254 439
1767 229 1818 255 An.
1831 228 1860 256 c.
1884 228 1953 255 1604

1025 1412 1161 1444 nitatum
1191 1417 1221 1444 et
1251 1411 1539 1453 congregationum
1571 1411 1602 1444 in
1633 1410 1768 1453 singulis
1793 1395 1898 1462 truh...
1939 1396 1943 1407 Ι

1025 1466 1217 1506 civitatibus,
1235 1466 1363 1510 oppidis
1380 1466 1428 1498 vel
1449 1465 1538 1505 locis,
1555 1476 1651 1498 unam
1671 1464 1768 1498 etiam
1796 1476 1804 1488 Ἰ
1817 1476 1835 1515 ⁵}ss

1026 1519 1324 1553 confraternitatem
1339 1525 1369 1553 et
1383 1519 1667 1562 congregationem
1681 1518 1770 1551 dum·
1816 1530 1827 1542 ³

1786 1538 1971 1568 v;.=.·o·t‹·1'uor«ti-

1786 1583 1838 1597 utrm
1850 1581 1861 1596 ⁴:
1878 1581 1961 1597 nst-usu,

1858 2219 1924 2245 Eique
1941 2219 1974 2238 illa

1791 2248 1871 2266 tantum
1883 2252 1937 2271 qttne
1949 2251 1976 2264 st-

1792 2274 1812 2293 lii
1822 2279 1841 2293 iu
1851 2277 1977 2298 ‹pei-tuctur*
