2227 3241
39 216 88 244 An.
101 215 130 243 C.
153 215 222 244 1604

237 263 347 308 aliquo
365 275 402 298 ex
423 266 600 310 mensibus,
617 266 648 299 in
667 266 784 310 quibus
797 267 977 299 vacantium

236 317 468 352 beneficiorum
491 319 781 353 ecclesiasticorum
811 319 979 363 dispositio

237 372 343 413 nobis,
360 379 414 406 aut
431 373 577 406 Romano
598 373 745 406 Pontifici
760 383 819 417 pro
834 379 979 416 tempore

237 425 393 467 existenti,
415 432 444 459 et
465 426 569 459 dictae
589 427 679 467 Sedi,
700 437 758 470 per
778 425 979 459 constitutio-

235 488 292 512 nes
312 479 517 523 apostolicas,
538 490 593 512 seu
617 479 828 513 cancellariae
844 484 976 522 aposto-

236 531 316 566 licae
336 533 464 575 regulas
484 543 570 565 nunc
587 533 688 566 editas
701 538 733 566 et
751 543 811 576 pro
834 538 978 576 tempore

236 586 387 627 edendas,
397 592 556 619 reservata
575 586 713 619 extiterit
729 597 785 619 seu
803 586 910 627 suerit,
925 592 978 620 aut

236 639 410 673 ordinariis
423 639 632 672 collatoribus
645 650 703 683 per
716 640 844 673 easdem
858 639 978 673 similes

236 692 482 725 constitutiones
496 719 503 733 ‚
527 698 583 725 aut
612 693 739 735 regulas
754 719 761 733 ‚
793 703 849 726 seu
869 692 978 726 literas

235 745 509 787 alternativarum,
533 746 581 779 vel
599 746 661 779 alia
688 746 855 790 privilegia
873 751 905 779 et
924 746 975 778 in-

235 798 324 832 dulta
338 799 514 842 apostolica
531 799 690 833 concessis
707 799 863 832 hactenus
877 805 907 832 et
921 800 979 832 im-

234 857 400 896 posterum
419 853 664 893 concedendis¹‚
687 853 825 886 autiure
846 853 977 886 ordina-

234 904 284 938 rio
303 905 353 938 vel
370 905 459 945 alias,
473 905 733 949 competentibus
746 912 776 939 et
790 906 979 950 competitu-

234 956 303 1001 ris2)
317 968 430 992 vacare
447 958 629 1001 contigerit3
643 958 768 992 etiamsi
789 964 861 992 actu
877 970 973 1000 nunc,

234 1011 421 1054 praemissis
448 1017 503 1045 aut
528 1012 599 1045 aliis
627 1012 793 1056 quibusvis
821 1012 927 1046 modis
948 1018 978 1046 et

237 1074 274 1097 ex
295 1064 366 1098 illos
384 1071 414 1098 et
435 1065 505 1098 illas
525 1065 739 1099 obtinentium
756 1066 804 1099 vel
823 1076 978 1110 quorum-

235 1117 281 1151 vis
301 1118 439 1152 aliorum
462 1119 619 1163 personis,
640 1125 770 1160 vacent,
792 1125 822 1152 et
842 1120 979 1163 disposi-

57 1171 315 1208 mammemtioni
336 1173 551 1216 apostolicae,
581 1179 616 1206 ut
635 1173 838 1217 praefertur,
869 1174 916 1207 vel
942 1184 979 1206 ex

38 1216 94 1237 Ὶᾶίὲ,

236 1235 284 1268 eo,
299 1227 385 1270 quod
404 1227 479 1260 dicti
498 1227 681 1261 obtinentes
699 1227 812 1268 nostri,
829 1238 885 1261 seu
903 1238 981 1271 quo-

234 1290 449 1324 rumcumque
470 1281 607 1314 aliorum
631 1281 851 1314 Romanorum
872 1281 980 1314 Ponti-

235 1335 334 1368 ficum
356 1335 451 1368 etiam
471 1336 758 1379 praedecessorum
780 1341 977 1376 nostrorum,

235 1388 330 1422 autS.
341 1389 377 1421 R.
391 1389 424 1421 Ε.
441 1389 668 1430 cardinalium,
682 1389 776 1422 etiam
789 1389 977 1427 viventium,

235 1447 266 1475 et
291 1441 322 1474 in
349 1442 435 1474 dicta
459 1440 554 1475 Curia
575 1442 808 1485 praesentium,
836 1442 977 1474 familia-

237 1505 309 1535 res,
333 1495 477 1528 continui
507 1495 742 1528 commensales
758 1523 765 1536 ,
793 1501 848 1528 aut
877 1494 981 1528 dictae

235 1548 325 1582 Sedis
350 1548 479 1588 notarii,
504 1548 622 1581 iuri-um
643 1554 671 1582 et
692 1554 907 1592 proventuum
929 1548 978 1581 ei-

236 1602 309 1635 dem
324 1602 478 1635 Gamerae
496 1601 679 1634 debitorum
706 1602 912 1642 collectores,
932 1601 979 1634 vel

236 1655 321 1688 unici
336 1656 615 1697 sulicollectores³‚
633 1661 688 1689 aut
701 1655 899 1699 quicumque
912 1656 978 1688 Ro-

237 1719 352 1742 manae
380 1709 494 1743 Curiae
525 1715 557 1743 ct
584 1710 687 1743 dictae
713 1710 803 1743 Sedis
828 1709 981 1743 officiales

236 1763 421 1807 praesentes
449 1769 480 1796 et
500 1763 599 1796 futuri
621 1774 829 1807 quocumque
850 1763 980 1796 nomine

236 1817 425 1861 nuncupati,
448 1827 504 1851 seu
525 1828 561 1851 ex
579 1818 691 1861 quavis
711 1817 774 1851 alia
794 1820 889 1851 causa
909 1828 980 1861 spe-

237 1870 379 1911 cialiter,
408 1871 455 1904 vel
481 1871 558 1904 alias
585 1872 781 1914 generaliter
806 1872 976 1912 reservati,

235 1933 292 1957 seu
320 1934 355 1957 cx
385 1925 525 1966 generali
558 1925 776 1958 reservatione
802 1925 979 1969 apostolica

237 1976 341 2010 affecti
360 1977 510 2018 existant3
541 1988 639 2022 super
660 1978 705 2011 eis
726 1978 875 2022 quoque⁴
897 1978 980 2011 inter

237 2030 364 2075 aliquos
381 2031 419 2064 lis
439 2031 550 2075 (cuius
570 2037 687 2065 statum
709 2032 804 2065 etiam
826 2041 978 2076 praesen-

276 2137 284 2163 l
308 2136 350 2163 Sic
369 2140 482 2172 utraque
502 2136 600 2164 editio:
618 2137 665 2164 sed
682 2137 823 2165 videretur
837 2137 926 2173 potius
942 2137 979 2164 le-

236 2182 374 2216 gendum:
406 2190 538 2208 concessa
566 2182 705 2209 hactenus
732 2185 759 2209 el
787 2183 979 2217 imposterum

237 2226 416 2254 concedenda
436 2227 477 2261 (u.
492 2227 542 2261 τ.).

271 2271 289 2297 2
302 2271 420 2307 Nempe:
438 2271 592 2305 mensibus,
606 2271 656 2306 qni
670 2272 733 2305 (aul
747 2271 812 2299 iure
828 2272 979 2299 ordinario

237 2316 280 2342 vel
298 2316 374 2344 alitis
390 2317 669 2351 quomodocumque)
684 2319 849 2351 competunt
862 2319 889 2344 ot
904 2324 979 2344 com-

219 2363 333 2395 -petere
344 2364 465 2395 possunt
481 2361 605 2396 personis
620 2361 765 2397 praedictis
780 2363 816 2394 (n.
833 2363 879 2394 T.).

272 2404 288 2432 3
307 2405 349 2432 Sic
364 2406 479 2441 legimus
496 2414 556 2432 cum
573 2406 650 2432 Ball.
663 2406 730 2432 Ord.
743 2405 896 2441 praecitati3
913 2405 977 2433 edit.

237 2450 317 2477 Main.
335 2450 417 2477 liabet
435 2451 660 2484 subcotlectorz's‚
676 2451 723 2478 sed
745 2458 870 2483 erronee,
891 2455 920 2477 ut
940 2451 978 2477 vi-

238 2493 317 2522 detur
332 2495 368 2531 (a.
386 2495 435 2530 τ.>.

273 2540 289 2566 Ιι
307 2540 427 2574 Nempe:
449 2542 473 2567 el
492 2540 610 2568 etiamsi
630 2548 717 2575 super
741 2540 782 2568 eis
802 2540 837 2568 tis
854 2540 980 2575 pendeat

237 2583 381 2611 indecisa:
399 2583 458 2611 vide
473 2584 574 2612 similes
590 2584 689 2611 formas
701 2584 769 2611 infra
782 2593 842 2620 pag.
855 2584 950 2611 9:3001.
963 2584 980 2610 ‘2

240 2629 274 2663 (a.
293 2629 340 2663 r).

839 219 983 243 cmunxs
1005 220 1061 244 vui
1083 221 1134 244 pn.
1680 211 1722 243 85

1012 268 1096 301 tibus
1109 269 1222 301 haberi
1242 269 1390 303 volumus
1408 279 1467 313 pro
1485 270 1655 313 expresso)
1676 280 1754 312 pen-

1011 321 1084 354 deat
1104 322 1257 364 indecisa,
1274 323 1417 361 nomina,
1432 324 1541 357 titulos
1559 330 1590 357 et
1608 323 1752 356 denomi-

1012 375 1158 408 nationes
1179 377 1385 410 ecclesiarum
1409 388 1464 410 seu
1487 377 1697 421 capellarum,
1718 387 1754 409 ac

1012 428 1226 471 prIOratuum,
1249 441 1375 463 necnon
1397 431 1427 463 in
1448 431 1523 474 ipsis
1542 430 1750 474 prioratibus,

1013 491 1193 526 eorumque
1214 484 1356 517 ecclesiis
1370 511 1377 524 ,
1401 484 1569 524 aediliciis,
1599 484 1754 516 membris

1013 541 1043 569 et
1055 536 1259 579 pertinentiis
1272 537 1531 582 cpiibuscumque
1541 537 1753 577 S.Benedicti,

1013 594 1043 623 et
1062 599 1119 622 seu
1142 589 1299 623 aliorum¹
1325 590 1498 632 Ordinum,
1526 601 1665 635 quorum
1693 590 1755 623 exi-

1012 648 1105 683 stant,
1129 648 1164 675 ut
1180 644 1374 687 praefertur,
1398 653 1595 688 omnemque
1620 650 1751 685 statum,

1012 701 1172 737 naturam,
1193 696 1364 729 essentiam
1387 703 1417 730 et
1434 697 1684 741 dependentiam
1706 708 1755 730 re-

1012 749 1162 791 gulares,
1197 750 1376 793 apostolica
1402 750 1607 791 auctoritate,
1642 757 1754 784 tenore

1012 802 1230 846 praesentium
1247 830 1254 843 ,
1279 808 1437 846 perpetuo
1466 804 1698 847 supprimimus
1724 810 1751 837 et

1012 855 1248 898 extinguimus,
1278 866 1314 889 ac.
1343 856 1492 889 ecclesias
1517 868 1572 890 seu
1594 858 1751 901 capellas,

1012 914 1042 942 et
1061 909 1225 953 prioratus
1242 909 1428 943 huiusmodi
1448 910 1537 953 (sine
1556 917 1662 944 tamen
1685 912 1754 944 illas

1012 968 1044 995 et
1067 962 1139 996 illos
1159 962 1198 996 ad
1223 973 1375 1006 praesens
1396 963 1638 1007 quomodolibet
1666 965 1752 998 obti-

1012 1016 1156 1049 nentium
1179 1016 1400 1060 praeiudicio)
1424 1027 1460 1050 ex
1484 1028 1581 1058 nunc,
1604 1024 1702 1062 prout
1720 1030 1754 1052 ex

1012 1075 1099 1110 tunc,
1124 1075 1154 1102 et
1171 1080 1187 1102 e
1205 1075 1334 1110 contra,
1357 1070 1388 1103 in
1412 1070 1544 1104 totidem
1566 1078 1755 1116 praecepto-

1013 1123 1076 1156 rias
1089 1123 1194 1156 dictae
1206 1123 1351 1165 militiae,
1364 1124 1402 1156 ad
1418 1124 1552 1157 aliarum
1568 1124 1653 1157 illius
1666 1136 1756 1169 prae-

1013 1178 1229 1222 ceptoriarum
1253 1179 1365 1220 instar,
1383 1179 1422 1211 de
1440 1179 1568 1222 quibus,
1581 1185 1644 1212 tam
1661 1190 1676 1212 a
1691 1180 1756 1224 pri-

1014 1234 1125 1265 maeva
1145 1242 1255 1265 earum
1278 1232 1460 1273 erectione,
1484 1243 1580 1276 quam
1603 1233 1756 1277 deinceps

1014 1284 1140 1317 illarum
1156 1285 1333 1325 vacatione,
1347 1285 1442 1318 ctiam
1458 1285 1557 1329 apud*³
1569 1286 1682 1319 Sedem
1697 1297 1757 1330 pro

1015 1344 1160 1382 tempore
1193 1344 1407 1380 occurrente,
1438 1349 1496 1382 per
1522 1350 1581 1383 pro
1611 1345 1757 1383 tempore

1014 1392 1200 1425 existentem
1215 1402 1368 1434 magnum
1385 1393 1573 1434 magistrum
1590 1393 1689 1436 ipsius
1703 1393 1758 1425 mi-

1014 1444 1112 1485 litiae,
1136 1443 1222 1478 iuxta
1236 1445 1321 1477 illius
1338 1450 1454 1477 statuta
1475 1451 1506 1478 et
1525 1435 1754 1484 stabilimenta,

1014 1498 1176 1541 provideri
1189 1504 1220 1531 et
1233 1498 1360 1542 disponi
1376 1498 1503 1539 debeat,
1516 1499 1636 1532 eisdem
1648 1505 1757 1532 aucto-

1015 1550 1107 1584 ritate
1126 1556 1156 1584 et
1174 1556 1295 1593 tenore,
1311 1551 1406 1584 etiam
1426 1557 1582 1595 perpetuo
1604 1552 1757 1594 erigimus

1016 1610 1046 1638 et
1063 1604 1276 1645 instituimus3
1298 1605 1445 1648 illasque,
1459 1605 1503 1638 sic
1521 1611 1644 1639 erectas
1660 1612 1687 1638 et
1710 1606 1756 1638 in-

1015 1657 1160 1699 stitutas,
1184 1658 1288 1691 eidem
1318 1658 1451 1691 militiae
1473 1658 1533 1702 (ita
1554 1659 1641 1702 quod
1662 1659 1756 1692 liceat

1016 1711 1131 1744 suturis
1154 1721 1213 1755 pro
1232 1717 1379 1755 tempore
1400 1711 1609 1745 existentibus
1629 1723 1756 1756 praece-

1015 1765 1194 1808 ptoriarum
1218 1771 1399 1798 erectarum
1419 1765 1605 1798 huiusmodi
1628 1776 1757 1809 praece-

1014 1818 1160 1862 ptoribus
1180 1829 1239 1862 per
1258 1829 1302 1859 se,
1319 1819 1367 1852 vel
1385 1819 1497 1860 alium,
1514 1830 1569 1852 seu
1585 1819 1675 1857 alios,
1689 1820 1757 1853 eius

1015 1878 1045 1905 ct
1071 1872 1211 1916 ipsarum
1234 1873 1534 1916 pi‘aeceluoriariun
1556 1873 1755 1912 nominibus,

1013 1931 1183 1969 postquam
1198 1926 1383 1969 suppressio
1396 1932 1427 1959 et
1440 1926 1559 1959 erectio
1572 1927 1757 1960 huiusmodi

1013 1989 1105 2011 suum
1120 1979 1251 2012 sortitae
1270 1979 1390 2012 suerint
1403 1979 1564 2020 effectum,
1582 1990 1641 2013 nec
1655 1986 1759 2016 antea,

1014 2033 1214 2076 corporalem
1234 2033 1469 2076 possessionem
1492 2034 1624 2077 propria
1646 2040 1757 2066 aucto-

1014 2085 1108 2118 ritate
1136 2086 1237 2118 libere
1266 2086 1511 2129 apprehendere
1538 2092 1569 2119 et
1596 2087 1754 2125 retinere,

1013 2148 1140 2171 necnon
1162 2139 1290 2172 illarum
1310 2140 1445 2180 fructus,
1470 2140 1615 2172 redditus
1636 2145 1663 2172 et
1684 2149 1758 2182 pro-

1014 2197 1125 2225 ventus
1153 2192 1323 2236 percipere
1339 2220 1346 2233 ,
1367 2193 1516 2233 exigere,
1541 2193 1646 2225 levare
1667 2198 1695 2225 et
1726 2193 1755 2224 iu

1013 2255 1098 2286 suos,
1113 2256 1149 2279 ac
1167 2247 1355 2279 earumdem
1369 2247 1664 2291 praeceptoriarum
1682 2257 1756 2278 usus

1050 2362 1059 2386 l
1084 2360 1153 2387 Edit.
1170 2360 1248 2388 Maia.
1270 2361 1337 2395 legit
1356 2362 1449 2389 alium
1472 2362 1631 2395 0rdiuum,·
1652 2361 1755 2387 Bulla-

1014 2405 1093 2432 rium
1109 2398 1150 2432 Ss.
1163 2405 1280 2432 Mauritii
1295 2409 1322 2432 et
1337 2406 1426 2432 Lazari
1443 2405 1516 2441 tegit:
1534 2406 1606 2432 ulios
1621 2406 1756 2432 Ordines:

1014 2457 1061 2476 nos
1072 2449 1262 2484 corrigendum
1274 2454 1382 2484 esse,ut
1392 2450 1417 2476 in
1430 2450 1641 2484 textu,arbitrati
1653 2458 1756 2485 sumus,

1015 2494 1071 2521 vel:
1094 2497 1120 2522 el
1139 2503 1189 2521 sen
1204 2495 1259 2522 alti
1272 2495 1332 2522 sinc
1349 2495 1469 2521 Ordines
1482 2503 1603 2529 quorum
1616 2495 1753 2529 cristam,

1015 2543 1042 2566 ut
1056 2539 1171 2567 diximus
1186 2548 1278 2576 supra,
1295 2549 1355 2576 pag.
1370 2540 1415 2574 83,
1432 2540 1484 2567 col.
1500 2540 1528 2572 2,
1545 2544 1607 2567 nota
1622 2541 1639 2566 4
1658 2543 1694 2574 (n.
1707 2541 1754 2574 τ.).

1048 2584 1064 2610 2
1085 2584 1122 2611 ld.
1145 2585 1221 2612 Butt.
1243 2585 1303 2612 Ord.
1324 2586 1350 2612 S.
1374 2585 1488 2612 Mauritii
1510 2585 1589 2620 legit:
1612 2587 1690 2620 apud
1709 2587 1755 2614 cli-

1014 2632 1086 2657 rttaem
1107 2630 1206 2658 Sedem
1230 2631 1265 2664 (a.
1288 2631 1334 2661 τ.),

1769 221 1817 247 An.
1832 221 1862 247 C.
1886 220 1952 248 1604

1797 815 1919 841 Supprimit,

1798 1077 1819 1097 Et
1834 1084 1853 1097 ui
1864 1083 1955 1103 praere-

1770 1107 1850 1130 ptorias
1861 1107 1928 1130 erigit,

1825 1662 1848 1683 lit
1868 1663 1956 1683 militiae

1771 1691 1893 1716 [πω-ΛΜΝ
1920 1696 1957 1710 an-

1771 1719 1842 1737 uertit.
