2227 3241
59 240 107 266 An.
128 238 158 266 C.
179 238 247 267 16¹0

96 513 206 539 negasque
223 515 242 533 et

58 540 166 566 principes
188 539 242 560 idern

58 567 224 592 expostularunt.

122 994 244 1020 supradicti

59 1026 108 1047 crgo
127 1021 237 1042 auditores

59 1048 162 1074 completo
198 1053 245 1073 pro·

59 1080 119 1095 cessu
135 1076 156 1095 et
165 1079 187 1095 re
203 1080 245 1095 nia-

59 1104 105 1122 ture
119 1101 245 1125 examinata,

59 1127 130 1149 Caroli
159 1133 246 1148 canoni-

59 1155 161 1175 zationem
202 1153 247 1174 tien*

57 1187 118 1208 poste
125 1180 241 1202 retulerant

122 1848 246 1874 Supradict·

61 1874 181 1896 cardinales
196 1880 246 1895 cau·

61 1901 247 1922 samaccuratissi-

61 1934 94 1949 me
111 1930 248 1949 recensui-unt

62 1958 83 1975 et
104 1956 125 1976 in
150 1954 247 1976 eamdem

61 1982 188 2002 sententiam
199 1987 247 2003 con-

63 2011 170 2029 venerunt.

885 238 1007 262 raptvs
1028 238 1044 260 V
1067 238 1114 261 FP.

255 287 455 331 sperabatur,
476 286 688 327 successisset,
713 296 830 329 magno
849 296 920 319 cum
941 286 997 319 Ec-

257 340 372 374 clesiae
399 351 475 375 suae
504 346 676 384 augmento
701 339 843 381 decoris,
871 346 901 373 et
927 350 997 372 cre-

258 394 414 436 dentium,
432 394 620 439 praesertim
639 393 845 428 sacerdotalis
862 392 994 434 ordinis,

259 448 375 488 fructu,
399 454 522 491 gestum
549 448 587 481 iri
608 448 782 482 constabat.

303 503 319 544 g
334 501 386 535 49.
404 502 608 536 Accedebant
621 502 715 535 etiam
734 500 996 535 charissimorum

260 555 291 587 in
305 554 429 589 Christo
447 555 588 589 filiorum
603 561 786 589 nostrorum
805 554 942 598 Philippi
962 555 998 588 111

259 608 485 652 Hispaniarum
513 609 598 652 regis
618 608 778 649 catholici,
803 608 998 651 Sigismundi

258 663 352 696 etiam
374 662 413 697 ΙΙΙ
437 663 589 696 Poloniae
613 664 717 705 regis,
742 668 772 695 et
796 662 999 696 Constantiae

257 716 397 760 reginae,
415 716 586 750 illustrium
601 715 796 760 principum,
814 721 845 749 et
862 716 997 749 aliorum

258 771 434 805 multorum
452 781 564 816 preces
582 770 698 815 quibus
716 781 733 804 a
750 770 902 804 Romanis
918 771 1000 804 Pon-

259 825 399 859 tificibus
416 824 719 870 praedecessoribus
737 824 855 858 nostris
874 824 998 868 praedi-

258 879 326 919 ctis,
349 884 379 912 et
398 889 416 912 a
436 878 540 919 nobis,
561 878 593 912 id
613 877 741 922 saepius
760 878 999 922 postulaverant

259 939 289 966 et
309 932 524 976 postulabant.
567 956 570 958 .

304 988 320 1028 ἓ
335 985 386 1018 50.
403 985 631 1027 Quamobrem,
647 996 718 1019 cum
734 985 765 1018 in
780 986 890 1020 eadem
907 987 1001 1018 causa

260 1040 381 1083 absque
403 1042 492 1073 mora
512 1039 665 1083 progredi
687 1039 850 1073 auditores
871 1039 1002 1072 manda-

261 1093 426 1134 vissemus,
445 1093 503 1137 ipsi
518 1104 554 1128 ex
568 1104 651 1127 novo
670 1103 834 1138 processu,
863 1093 1002 1126 auctori-

263 1152 325 1180 tate
350 1147 548 1191 apostolica,
579 1158 637 1191 per
667 1147 876 1180 venerabiles
891 1147 1003 1180 fratres

261 1206 387 1234 nostros
422 1200 607 1245 Philippum
638 1201 827 1234 Comensem
855 1206 885 1233 et
910 1200 1002 1233 Clau—

261 1255 350 1288 dium
380 1254 602 1288 Placentinum
636 1254 805 1299 episcopos
830 1254 1000 1294 consecto,

261 1314 311 1349 ct,
338 1309 378 1342 ad
406 1319 438 1342 se
472 1308 568 1342 misso
600 1308 752 1341 mandato
784 1314 916 1349 nostro,
949 1308 1022 1341 diu'

260 1362 464 1406 multumque
486 1362 621 1404 negocio
640 1362 783 1395 discusso
806 1367 836 1395 et
856 1367 1003 1395 accurate

261 1415 459 1455 examinato,
484 1415 576 1448 nobis
600 1415 762 1459 primum,
791 1415 907 1449 deinde
928 1426 1000 1448 car-

261 1469 424 1502 dinalibus
443 1468 616 1512 praedictis
649 1469 778 1502 tandem
809 1469 1002 1510 retulerunt,

261 1514 408 1555 constare
429 1522 468 1555 de
485 1521 572 1555 Beati
592 1521 696 1555 Caroli
717 1521 884 1555 sanctitate
906 1522 1000 1563 vitae,

260 1575 446 1609 excellentia
460 1575 548 1616 fidei,
561 1580 591 1608 et
605 1575 780 1616 miraculis,
798 1580 828 1608 et
842 1575 950 1608 omnia
964 1575 1002 1608 ad

250 1628 534 1662 -canonizationem
553 1640 571 1669 a
589 1628 687 1662 sacris
705 1628 882 1662 canonibus
901 1629 1004 1673 requi—

260 1683 320 1716 sita
344 1683 485 1726 legitime
504 1683 600 1716 fuisse
620 1681 773 1727 probata,
788 1683 830 1716 ita
851 1689 895 1723 ut,
912 1683 936 1716 si
951 1693 1006 1716 no·

259 1735 308 1771 bis
329 1736 502 1777 videretur,
519 1736 558 1770 ad
572 1736 658 1770 Servi
680 1736 733 1770 Dei
752 1736 1004 1770 canonizationis

261 1789 440 1822 solemnem
458 1795 565 1823 actum
587 1790 765 1836 procedere
782 1800 949 1834 possemus
962 1791 981 1823 ¹.

307 1844 324 1884 g
349 1841 402 1876 521.
425 1843 576 1884 Restabat
609 1849 641 1876 ut
669 1843 857 1877 relationem
880 1844 1005 1877 audito-

263 1907 334 1930 rum
357 1902 385 1929 et
401 1896 583 1930 universam
599 1907 726 1930 causam
743 1897 782 1931 dc
800 1889 890 1931 more
908 1898 1002 1932 iidem

263 1950 442 1984 cardinales
474 1950 712 1984 accuratissime
745 1958 949 1984 recenserent
976 1957 1003 1985 et

263 2014 322 2048 pro
336 2004 381 2037 rei
400 2004 553 2046 gravitate
569 2010 848 2046 recognoscet-enm
870 2005 899 2037 id
918 2006 1004 2048 quod

263 2068 337 2091 cum
362 2062 447 2090 recte
469 2057 607 2091 fideliter
626 2057 877 2101 praestitissent,
902 2058 1023 2091 idem-¹

263 2121 325 2155 que
349 2121 460 2144 omnes
486 2111 695 2151 censuissent,
713 2122 749 2144 ac
774 2111 891 2145 deinde
913 2122 1005 2146 rene-

263 2164 371 2198 rabilis
397 2164 495 2198 frater
522 2170 631 2198 noster
655 2164 809 2198 Dominus
835 2164 1022 2209 episcopus*

262 2217 415 2251 Ostiensis
436 2223 466 2251 et
483 2217 709 2251 veliternensis
735 2218 764 2251 S.
789 2219 825 2251 R.
847 2219 879 2251 E.
905 2220 1005 2252 cardi-

262 2271 343 2304 nalis
363 2271 504 2305 Pinellus
533 2277 759 2316 nuncupatus,
783 2283 893 2306 corum
916 2274 1000 2306 anti-

262 2325 367 2369 quior,
395 2335 485 2358 suam
518 2326 780 2370 collegarumque
811 2327 1001 2360 sententiam

263 2389 335 2411 cum
371 2378 466 2412 totius
497 2381 623 2412 summa
648 2390 816 2422 processus
846 2380 1003 2415 retulisset

263 2431 295 2464 in
313 2431 503 2465 consistorio
521 2438 631 2466 nostro
649 2438 787 2473 secreto,
808 2433 919 2477 reliqui
940 2444 1005 2467 car-

264 2485 406 2528 dinales,
435 2487 488 2530 qui
521 2487 677 2527 aderant,
703 2487 731 2519 in
754 2487 899 2521 eamdem
926 2499 1000 2521 sen-

266 2539 397 2572 tentiam
419 2546 658 2574 concesserunt.

297 2612 308 2637 t
332 2610 402 2637 Edit.
423 2610 502 2638 Maiu.
524 2611 588 2646 legit
609 2620 774 2646 possumus,-
800 2621 848 2639 nos
875 2612 1004 2647 aptiorem

267 2655 419 2682 censuimus
439 2655 500 2683 lect.
519 2655 634 2682 Cherub.
650 2657 688 2691 (11.
706 2659 751 2690 1.).

1672 225 1728 257 651
1784 234 1831 260 An.
1854 234 1881 260 c.
1905 234 1972 260 1610

1077 284 1159 327 ξὸῑὶ.
1177 284 1379 329 Quapropter
1392 283 1537 328 sequenti
1552 283 1682 328 publico
1697 293 1770 316 con·
1802 296 1974 321 inpunite-2000.

1032 338 1172 379 sistorio,
1190 338 1221 371 in
1242 349 1305 382 quo
1323 349 1382 383 pro
1397 337 1638 371 canonizatione
1656 337 1773 371 diserte
1789 322 1977 381 itlfssfttsssstssssi'ss.

1033 392 1107 426 dixit
1135 392 1269 426 dilectus
1302 392 1392 426 silius-
1419 392 1517 426 Iulius
1548 393 1649 426 Roma
1682 376 1975 424 111111101Γὲ1111011ἵῖ11ῗῖ

1789 436 1814 450 ne
1831 430 1909 450 diserte
1923 429 1974 449 dixit

1032 452 1160 480 nostrae
1189 446 1418 480 consistorialis
1443 447 1634 485 advocatus,
1660 456 1695 479 ac
1715 455 1773 479 no·
1790 456 1974 486 etse-gisPhiiippi

1035 500 1119 534 mine
1145 501 1300 545 praedicti
1324 500 1463 545 Philippi
1488 500 1571 543 regis
1592 500 1684 533 nobis
1709 499 1771 532 lm-
1790 488 1873 531 ἓῖἷῗῖῗῗθ
1896 483 1976 508 “mph‘

1034 555 1152 588 militer
1170 555 1371 599 supplicavit,
1390 565 1449 587 nos
1467 554 1506 587 de
1524 554 1601 587 tanti
1620 553 1776 587 momenti

1034 609 1187 654 negocio,
1204 615 1238 642 ut
1258 619 1316 653 par
1337 614 1415 649 erat,
1437 607 1681 642 deliberaturos¹
1703 618 1775 640 cum

1035 663 1147 697 iisdem
1167 662 1384 696 cardinalibus
1405 668 1432 695 et
1457 662 1614 706 episcopis
1633 662 1664 694 in
1684 661 1778 696 Curia

1035 716 1257 760 praesentibus
1282 715 1519 760 respondimus,
1544 722 1575 749 et
1599 715 1778 749 cardinales

1035 777 1066 804 et
1087 771 1275 815 episcopos,
1300 770 1354 814 qui
1381 776 1454 803 tunc
1482 770 1637 809 aderant,
1662 768 1777 802 hortati

1035 835 1157 864 sumus,
1182 821 1212 858 111
1240 824 1467 868 eleemosynis,
1496 823 1623 857 ieiuniis
1644 829 1675 856 et
1699 833 1775 856 ora-

1039 878 1178 912 tionibus
1199 879 1336 923 Spiritus
1357 878 1462 911 Sancti
1490 877 1642 911 auxilium
1665 877 1777 910 devote

1037 932 1258 976 implorarent.
1897 973 1902 979 ⁸

1081 988 1097 1029 ἓ
1119 986 1170 1019 53.
1195 986 1270 1020 Cum
1290 995 1364 1019 vero
1387 986 1417 1018 in
1438 985 1650 1029 semipublico
1671 984 1777 1018 consi·
1806 992 1933 1022 connexio
1949 998 1980 1012 zo-

1793 1019 1886 1044 mipleuo
1896 1019 1979 1039 Consis-

1036 1036 1147 1081 storio,
1172 1040 1259 1084 quod
1285 1050 1320 1073 ex
1343 1050 1431 1073 more
1452 1039 1569 1073 deinde
1592 1039 1774 1077 habuimus,
1794 1045 1980 1066 tonodehm·

1793 1078 1875 1092 monem
1903 1072 1979 1092 habuit

1037 1095 1155 1129 vocatis
1173 1105 1237 1128 11011
1252 1094 1355 1127 solum
1375 1093 1594 1127 cardinalibus
1612 1093 1665 1125 sed
1682 1093 1776 1126 etiam
1795 1102 1813 1118 ρ1
1835 1104 1906 1118 amnes
1928 1099 1980 1119 bew-

1755 1145 1760 1151 ,
1791 1128 1836 1145 turn
1843 1126 1938 1146 earnium
1948 1132 1981 1145 ra·

1038 1148 1250 1193 patriarchis,
1271 1147 1541 1192 archiepiscopis,
1571 1153 1599 1179 et
1621 1146 1982 1199 0111511ορ13211111ξὲ1131ιῖΙῆ-

1039 1202 1231 1247 praedictis,
1266 1213 1302 1235 ac
1334 1201 1556 1246 praesentibus
1591 1200 1710 1234 nostris
1744 1210 1780 1233 ac

1037 1257 1127 1291 Sedis
1148 1256 1343 1300 apostolicae
1358 1254 1502 1295 notariis,
1517 1265 1552 1288 ac
1569 1254 1649 1288 sacri
1668 1254 1780 1287 Palatii

1039 1310 1138 1344 nostri
1160 1308 1335 1353 Apostolici
1363 1319 1530 1342 causarum
1554 1307 1777 1347 auditoribus,

1039 1374 1096 1396 nos
1122 1364 1161 1396 de
1193 1363 1253 1395 vita
1281 1368 1308 1395 et
1338 1362 1503 1395 miraculis
1534 1362 1620 1394 Beati
1653 1361 1778 1400 Caroli,

1038 1427 1119 1459 quae
1141 1416 1330 1460 oportebat,
1352 1415 1644 1459 proposuissemus,
1669 1418 1781 1448 omnes

1038 1470 1167 1503 beatum
1193 1469 1341 1503 Carolum
1367 1468 1624 1502 canonizandum
1646 1479 1713 1502 esse
1742 1478 1778 1501 a-

1037 1522 1137 1566 pertis
1156 1522 1317 1565 suffragiis
1339 1528 1543 1556 censuerunt.

1083 1577 1099 1618 g
1120 1575 1171 1608 54.
1202 1575 1346 1614 Quorum
1370 1575 1517 1609 unanimi
1543 1585 1700 1608 consensu
1727 1585 1782 1608 au-
1798 1581 1982 1634 seffssffigssssss

1038 1629 1120 1670 dito,
1150 1629 1335 1674 aperuimus
1361 1639 1395 1662 os
1422 1635 1568 1663 nostrum
1592 1629 1622 1661 in
1643 1629 1778 1662 benedi·
1798 1635 1846 1661 esit-

1038 1682 1208 1723 ctionibus,
1233 1689 1263 1716 et
1287 1682 1405 1725 gratias
1426 1683 1550 1726 egimus
1572 1682 1697 1716 divinae
1720 1683 1783 1716 cle-

1039 1736 1188 1777 mentiae,
1212 1737 1299 1780 quod
1322 1742 1442 1769 tantam
1461 1737 1596 1779 gratiam
1619 1735 1783 1770 tribuisset

1038 1800 1139 1834 puero
1160 1800 1229 1830 suo,
1255 1800 1289 1823 ac
1311 1800 1368 1834 per
1388 1801 1460 1823 eum
1483 1790 1701 1824 honorificare
1719 1792 1783 1823 vel—

1040 1844 1081 1876 let
1107 1843 1322 1877 ministerium
1348 1850 1518 1885 nostrum,
1552 1850 1582 1877 et
1607 1844 1779 1878 canoniza-

1041 1898 1134 1930 tionis
1171 1897 1404 1930 declararimus
1436 1897 1543 1939 diem,
1576 1898 1782 1932 adhortantes

1040 1962 1163 1991 onmes,
1197 1957 1230 1984 ut
1263 1952 1379 1985 iunctis
1405 1951 1572 1985 nobiscum
1605 1953 1778 1996 precibus,

1040 2004 1262 2048 eleemosynis,
1292 2004 1418 2037 ieiuniis
1439 2010 1469 2038 et
1493 2005 1658 2038 sacrificiis
1683 2005 1782 2049 Spiri-

1041 2064 1090 2091 tus
1115 2058 1220 2092 Sancti
1243 2058 1378 2101 gratiam
1401 2058 1577 2092 infirmitati
1599 2065 1729 2092 nostrae
1749 2059 1780 2091 111

1039 2122 1108 2146 eam
1131 2122 1197 2145 rem
1220 2118 1444 2156 procurarent.

1084 2168 1100 2208 ξ
1126 2166 1178 2199 523.
1207 2166 1360 2210 Denique,
1382 2177 1453 2200 cum
1476 2167 1554 2199 nihil
1578 2173 1710 2201 restaret
1728 2178 1780 2201 eo-
1823 2183 1980 2208 uanique-i..

1040 2230 1126 2260 rum,
1148 2230 1229 2263 quae
1250 2231 1285 2253 cx
1307 2226 1490 2254 sanctorum
1514 2221 1642 2254 Patrum
1664 2227 1775 2254 aucto·
1795 2212 1980 2258 1ζ“1ἷῖ“.“111-’1.’Ϋω“’.1ἷ

1040 2273 1150 2313 ritate,
1175 2284 1340 2307 sacrorum
1363 2284 1521 2307 canonum
1556 2273 1714 2313 decretis,
1743 2285 1778 2307 ac
1796 2265 1856 2311 stiffi*
1941 2265 1954 2310 ¹,

1039 2327 1068 2360 S.
1093 2327 1127 2359 R.
1150 2327 1182 2359 Ε.
1204 2327 1334 2371 antiqua
1356 2328 1589 2361 cousuetudine
1608 2328 1730 2369 agenda
1749 2334 1778 2361 ct
1794 2318 1982 2365 22?.¹‡i'.2¹¹³“''⁰'¹‹¹¹¹¹

1038 2381 1237 2415 observanda
1274 2388 1367 2423 sunt,
1403 2382 1498 2416 hodie
1532 2383 1562 2415 111
1594 2378 1982 2419 5110105111ηὰ.“ἕ.-1“.ζῖῗ11ἷῖ.....Ἀ»...

1039 2435 1121 2468 beati
1150 2436 1232 2469 Petri
1263 2436 1418 2480 principis
1448 2437 1666 2480 apostolorum
1690 2437 1775 2470 basi-
1795 2427 1980 2478 {ssgiffiiljlffilssif'

1039 2488 1119 2529 lica,
1150 2489 1181 2522 in
1202 2501 1265 2534 qua
1290 2491 1425 2524 solemni
1453 2491 1536 2531 ritu,
1567 2503 1638 2525 cum
1666 2491 1778 2525 iisdem

1039 2544 1273 2578 venerabilibus
1305 2545 1454 2579 fratribus
1482 2546 1598 2579 nostris
1623 2546 1653 2579 S.
1678 2546 1710 2579 E.
1741 2546 1775 2579 R.

1074 2615 1086 2641 1
1112 2615 1150 2642 lta
1166 2615 1278 2651 legimus
1299 2625 1358 2643 cum
1374 2617 1504 2644 Cherub:
1523 2617 1586 2644 edit.
1606 2617 1684 2644 Maia.
1699 2617 1779 2644 habet

1040 2658 1229 2688 deliberaturi
1256 2667 1280 2686 11,
1298 2661 1344 2694 1,).
