2227 3241
226 313 275 341 An.
292 314 321 339 C.
346 312 411 339 teos

252 2349 364 2375 Deputatio
375 2354 420 2369 ear-

238 2376 313 2396 dinalis
344 2377 420 2396 Lantes

237 2409 257 2423 in
273 2404 420 2428 protectorem.

457 302 520 333 5510

425 361 519 393 etiam
547 359 740 395 iuramento,
769 355 1015 389 ronlirniatiom·
1041 360 1166 399 aposto-

425 413 495 448 lic-A,
521 411 566 443 vel
593 410 703 454 quavis
730 409 882 441 tirmitatc
907 408 967 441 alisi
994 407 1163 448 roboratis,

425 465 548 497 statutis
586 470 616 497 et
650 462 958 501 consueuitliniluts,
995 461 1167 504 privilegiis

425 529 566 562 quoque,
584 517 714 551 indultis
728 523 755 549 et
777 517 888 549 litteris
905 515 1088 559 apostolicis
1102 515 1168 558 qui-

426 571 531 604 busvis
553 570 622 602 aliis
643 570 817 603 Ordinibus
835 580 870 602 ac
889 579 1001 602 eorum
1023 568 1167 612 superio-

427 625 514 658 ribus
534 630 560 657 et
577 624 733 668 personis,
749 624 807 656 sub
828 623 1085 667 quibuscumque
1099 632 1168 655 ver-

428 678 542 711 borum
558 677 668 710 soi-niis
682 683 711 710 ct
728 676 902 717 tenoribus,
924 676 955 708 in
969 676 1166 708 contrarium

426 731 677 776 praemissorum
710 729 953 774 quomodolibet
985 728 1164 769 concessis,

426 785 623 819 confirmatis
644 791 671 817 et
695 783 890 828 approbatis.
920 783 1040 822 Quibus
1065 782 1169 815 omni-

427 840 485 872 bus
506 845 536 872 et
556 838 699 881 singulis,
724 848 837 871 corum
865 843 991 870 tenores
1016 845 1168 880 praesen-

429 893 512 926 tibus
530 904 587 936 pro
603 891 758 935 expressis
779 897 808 924 et
825 892 864 924 ad
887 890 1019 923 verbum
1041 889 1168 923 insertis

428 946 592 986 babentes,
621 945 679 978 ime
707 945 773 978 vice
798 945 961 977 dumtaxat
989 942 1169 987 specialiter

428 1006 457 1033 ct
475 1010 622 1043 expresse
637 1000 831 1041 derogamus
848 1004 879 1032 et
893 999 1082 1040 derogatum
1101 1007 1168 1030 csse

428 1053 597 1093 volumus,
622 1052 819 1096 caeterisque
846 1051 1014 1085 contrariis
1035 1050 1168 1094 quibus-

429 1117 577 1150 cumque.

473 1161 584 1193 Datum
605 1160 724 1193 Romae
752 1159 837 1203 apud
863 1163 1006 1191 sanctum
1030 1158 1167 1191 Marcum

428 1213 486 1246 sub
521 1213 640 1245 annino
671 1212 841 1245 Piscatoris
867 1211 917 1244 die
943 1221 1006 1244 xvii
1032 1217 1169 1254 septem-

428 1267 494 1299 bris
515 1277 648 1304 nocvnt,
674 1265 881 1309 pontificatus
902 1265 1000 1298 nostri
1020 1274 1103 1297 anno
1124 1274 1165 1296 tv.

465 1329 521 1356 Dat.
544 1329 588 1356 die
610 1330 640 1355 rl'i
661 1327 823 1364 sept··mbris
847 1327 922 1356 1608,
936 1327 1030 1363 pontif.
1049 1334 1118 1354 anno
1134 1333 1168 1352 tv.

739 1517 855 1550 cxxn.

434 1642 606 1687 Dep'ztlali’o
627 1642 808 1674 cardinalis
828 1641 945 1673 Lunlcs
964 1641 996 1673 in
1017 1645 1171 1684 prolecto-

476 1707 543 1729 'rem
570 1695 705 1729 Ordinis
729 1698 872 1738 fratrum
898 1695 1062 1727 Μίηονιωη
1092 1696 1170 1728 Cou-

475 1750 675 1782 rentualimn
698 1750 801 1782 sancli
826 1749 855 1781 F
855 1749 1006 1785 lwtcisee',
1027 1759 1096 1780 cum
1123 1749 1172 1791 fa—

477 1803 634 1836 cultalttm
655 1802 901 1835 (Ieclttt'ctle'one¹.

433 1910 548 1937 Dilecto
568 1909 629 1937 filio
655 1913 756 1937 nostro
778 1910 929 1941 Marcello,
951 1909 1035 1936 tituli
1056 1911 1172 1935 sancto-

468 1970 533 1989 rum
554 1962 665 1995 Quirici
681 1966 712 1990 ot.
727 1963 861 1995 lulittae,
882 1962 1056 1996 presbytero
1076 1962 1172 1989 cardi-

469 2009 530 2043 na'li
551 2017 658 2044 Lantes
678 2020 851 2050 nuncupato

667 2088 776 2115 Faulus
807 2088 884 2121 Papa
913 2088 942 2114 V-

647 2185 759 2213 Dilecto
776 2186 817 2212 sili
838 2188 960 2218 noster,

477 2241 605 2268 salutem
622 2242 652 2266 et
669 2239 865 2273 apostoticam
881 2238 1127 2266 benedictionem.

480 2340 494 2381 ξς
515 2337 544 2370 sl.
570 2337 646 2372 Cum
669 2337 754 2369 Ordo
776 2336 907 2368 fratrum
929 2336 1086 2368 Minortnn
1101 2336 1176 2369 [lon-

436 2391 631 2424 ventunlitnn
650 2389 749 2423 sancti
766 2389 924 2422 rrum-fisci
940 2394 1119 2433 protectore
1137 2390 1174 2422 ad

436 2455 585 2488 praesens
600 2443 768 2477 destitutus
786 2442 979 2486 reperiatur:
1001 2452 1058 2475 nos
1072 2441 1175 2475 cidem

436 2498 545 2531 Ordini
576 2499 615 2532 de
644 2498 761 2531 idoneo
793 2502 977 2541 protectore
1007 2496 1176 2540 proridere

438 2552 599 2590 volentes,
619 2562 656 2583 ac
681 2551 720 2583 de
747 2552 797 2583 tuit
826 2550 991 2589 industria,
1022 2549 1176 2591 singulari

475 2634 484 2657 'l
510 2631 623 2658 Easdem
644 2631 701 2657 fere
722 2630 863 2657 facultates
884 2629 983 2656 hubent
1002 2629 1046 2655 alii
1063 2629 1176 2655 aliarum

439 2675 608 2710 Religionum
637 2679 819 2710 protectores,
845 2673 891 2700 scd
918 2673 964 2700 bas
985 2673 1178 2707 congruentius

440 2719 574 2754 ponendas
594 2720 665 2745 duxit
686 2719 865 2745 Cliernbinus.

998 306 1180 331 ntttLAntttM
1205 305 1356 330 ROMANUM

1202 354 1384 397 prudentia,
1404 353 1551 386 doctrinm
1572 360 1601 387 et
1622 354 1804 395 integritate
1829 365 1865 388 ac
1889 365 1937 387 re-

1202 407 1329 449 ligionis
1354 408 1432 448 zelo,
1453 407 1625 451 plurimam
1654 407 1683 440 in
1702 407 1839 441 Domino
1856 407 1938 441 fidu-

1201 460 1281 492 ciam
1313 460 1488 501 babentes,
1518 466 1607 493 motu
1633 460 1786 504 proprio,
1810 470 1873 493 non
1898 461 1938 493 ad

1202 513 1300 557 ipsius
1324 513 1463 554 Ordinis,
1492 519 1546 546 aut
1571 513 1638 546 eius
1655 513 1870 557 superiorum,
1891 514 1938 546 vel

1201 566 1332 600 alterius
1357 577 1416 610 pro
1441 566 1485 600 cis
1502 566 1595 600 nobis
1618 566 1789 610 superhoc
1813 566 1939 600 oblatae

1202 620 1365 666 petitionis
1387 620 1582 660 instantiam,
1602 621 1658 654 sed
1676 630 1711 653 ex
1733 623 1818 654 certat
1837 619 1941 653 scien-

1203 674 1242 706 tia
1270 680 1299 707 et
1324 674 1558 708 deliberatione
1579 675 1707 715 nostris,
1733 681 1772 715 te,
1793 685 1829 708 ex
1850 673 1941 707 cuius

1202 727 1403 771 protectione
1421 728 1462 760 ob
1484 734 1554 761 tuas
1578 727 1709 761 eximias
1734 727 1865 760 virtutes
1885 727 1941 761 01·-

1203 780 1309 813 dinem
1342 781 1541 825 praedictum
1575 781 1737 814 commodi
1765 780 1941 824 plurimum

1202 839 1425 877 suscepturum
1452 845 1519 868 esse
1544 834 1759 875 confidimus,
1787 833 1942 878 praedicti

1202 887 1340 928 Ordinis,
1356 899 1392 921 ac
1414 887 1498 921 illius
1519 889 1702 929 domorum,
1727 893 1941 921 conventuum

1203 946 1233 973 et
1253 940 1387 974 fratrum
1409 951 1701 986 quorumcumque,
1723 941 1807 985 apud
1828 951 1888 975 nos
1913 946 1943 974 et

1202 995 1315 1029 Sedent
1350 996 1565 1040 Apostolicam
1598 1001 1840 1040 protectorem,
1869 1005 1941 1028 cum

1203 1049 1353 1082 omnibus
1384 1049 1587 1083 facultatibus
1602 1076 1609 1090 ,
1645 1047 1940 1088 iurisdictionibus,

1204 1102 1382 1136 honoribus
1403 1110 1431 1136 et
1454 1103 1607 1136 oneribus
1627 1102 1728 1136 solitis
1753 1108 1783 1136 et
1808 1112 1944 1136 consuc-

1206 1156 1254 1196 tis‚
1278 1167 1314 1190 ac
1331 1156 1449 1200 quibus
1471 1156 1522 1189 alii
1535 1156 1663 1189 Ordinis
1675 1155 1860 1189 huiusmodi
1873 1156 1944 1200 pro'-

1204 1215 1340 1244 tectores
1365 1210 1411 1244 usi
1437 1216 1531 1251 sunt,
1560 1221 1596 1243 ac
1621 1209 1666 1243 uti
1698 1208 1945 1253 quomodolibet

1204 1270 1389 1307 potuerunt,
1412 1275 1467 1297 seu
1493 1263 1589 1298 etiam
1615 1263 1805 1304 debuerunt,
1833 1262 1873 1296 ad
1900 1262 1944 1296 tui

1205 1317 1300 1350 vitam
1328 1317 1472 1359 facimus,
1499 1317 1724 1351 constituimus
1749 1322 1779 1350 et
1803 1316 1942 1360 deputa-

1206 1381 1286 1404 mus.

1249 1426 1265 1466 ξ
1286 1424 1316 1457 2.
1342 1423 1496 1458 Volumus
1515 1431 1633 1465 autem,
1651 1435 1687 1458 ac
1709 1423 1764 1457 tibi
1786 1423 1816 1457 in
1831 1423 1945 1458 virtute

1204 1484 1331 1511 sanctae
1341 1478 1543 1512 obedientiae
1553 1489 1610 1523 per
1619 1483 1803 1522 praesentes
1817 1477 1944 1512 easdem

1206 1531 1402 1573 iniungimus
1423 1538 1453 1565 ct
1468 1533 1669 1573 mandamus,
1686 1538 1719 1565 ut
1741 1532 1944 1575 superiorum

1205 1584 1280 1617 dicti
1302 1584 1430 1618 Ordinis
1448 1585 1684 1624 auctoritatem,
1705 1590 1861 1628 qnantum
1876 1583 1944 1617 [ieri

1205 1638 1332 1681 poterit,
1362 1648 1551 1672 conservare
1577 1648 1679 1672 cures.
1701 1638 1737 1670 Et
1757 1643 1941 1681 propterea,

1205 1702 1277 1724 cum
1305 1691 1364 1735 ipsi
1381 1692 1564 1736 superiores
1585 1702 1696 1726 eorum
1719 1691 1816 1725 officii
1837 1691 1946 1725 debito

1204 1738 1426 1786 satisfecerint,
1442 1756 1478 1778 ac
1491 1745 1648 1788 gubernio
1663 1744 1864 1777 subditorum
1881 1745 1946 1778 sus-

1206 1797 1350 1831 sscienter
1376 1798 1598 1838 incubuerint,
1628 1803 1703 1831 tunc
1727 1797 1869 1841 negociis
1893 1807 1947 1831 eo-

1206 1852 1352 1885 rumdem
1367 1852 1501 1885 fratrum
1515 1857 1545 1885 te
1558 1861 1622 1885 non
1637 1851 1828 1885 immisceas.
1845 1851 1947 1891 Quan-

1206 1902 1374 1939 do'autem
1396 1905 1436 1938 ab
1458 1905 1533 1949 ipsis
1549 1905 1647 1938 fueris
1665 1905 1849 1949 requisitus,
1866 1905 1946 1939 utin

1207 1959 1326 1992 eisdem
1348 1959 1490 2002 negociis
1503 1957 1727 1993 auctoritatem
1748 1959 1943 2002 interponaS,

1208 2013 1253 2046 rel
1275 2023 1404 2046 necesse
1426 2013 1493 2046 sore
1515 2012 1704 2055 cognoveris
1731 2018 1766 2045 ut
1797 2011 1946 2045 eamdem

1208 2067 1429 2100 auctoritatem
1452 2072 1537 2100 tuam
1553 2066 1582 2099 in
1598 2066 1718 2100 eisdem
1736 2060 1877 2109 negociis
1897 2075 1948 2100 ex-

1208 2129 1327 2160 erceas,
1346 2126 1420 2154 tunc
1434 2120 1465 2154 id
1490 2120 1591 2153 libere
1610 2120 1714 2153 facere
1733 2119 1849 2164 possis:
1878 2119 1945 2160 sed,

1209 2174 1316 2218 quoad
1337 2173 1490 2218 potueris,
1509 2184 1566 2217 per
1582 2179 1610 2206 te
1632 2173 1735 2217 ipsum
1756 2173 1817 2206 hoc
1843 2172 1948 2206 facere

1209 2239 1312 2267 cures,
1336 2228 1481 2262 adhibito
1502 2227 1541 2260 ad
1570 2227 1775 2260 scribendum
1794 2255 1800 2267 ‚
1817 2225 1947 2270 quando

1209 2292 1290 2326 opus
1311 2281 1417 2320 suerit,
1443 2281 1473 2313 in
1492 2280 1612 2313 eisdem
1633 2280 1777 2322 negociis
1797 2289 1852 2312 seu
1873 2289 1947 2312 cau-

1209 2335 1261 2373 sis,
1286 2335 1358 2368 loco
1379 2334 1508 2373 notarii,
1532 2334 1641 2378 aliquo
1662 2344 1698 2365 ex
1724 2332 1875 2366 fratribus
1900 2332 1948 2365 di-

1210 2389 1250 2422 cti
1269 2388 1408 2422 Ordinis.

1255 2444 1271 2484 g
1300 2442 1329 2475 53.
1359 2441 1543 2475 Mandantes
1576 2446 1746 2485 propterea
1778 2439 1949 2484 praedictis

1210 2495 1430 2539 superioribus
1448 2505 1506 2528 nec
1533 2504 1597 2527 non
1619 2493 1775 2526 universis
1800 2491 1950 2525 fratribus

1211 2554 1241 2581 et
1254 2548 1401 2592 personis
1415 2547 1672 2591 quibuscumque
1697 2545 1824 2579 Ordinis
1842 2544 1950 2578 buius-

1213 2602 1299 2635 modi
1322 2602 1353 2634 in
1375 2601 1490 2634 virtute
1515 2605 1643 2633 sanctae
1668 2598 1874 2632 obedientiae
1889 2625 1896 2639 ,
1917 2603 1951 2630 ut

1213 2662 1241 2689 te
1270 2656 1301 2688 in
1329 2655 1478 2689 eumdem
1508 2658 1724 2697 protectorem
1756 2653 1840 2684 iuxta
1858 2661 1951 2695 prae-

1212 2709 1348 2741 sentium
1376 2714 1518 2740 tenorem
1549 2705 1702 2749 recipiant
1736 2710 1766 2738 et
1798 2706 1856 2745 eft,
1888 2713 1951 2747 qua

1945 305 1993 333 An.
2011 305 2040 333 c.
2061 304 2130 333 1608
2168 294 2183 321 s
2203 331 2206 342 ι

1979 1434 2099 1456 Declaratio
2108 1440 2144 1456 au·

1960 1462 2072 1483 etot-itatis.

1981 2447 2107 2469 Obedientin
2117 2445 2158 2471 οὶ·-

1961 2472 2141 2501 :tempi-aesinam
2164 2488 2165 2491 ,
2180 2492 2191 2503 Ἴ,
