2227 3241
278 286 327 313 An.
349 285 376 313 c.
396 284 462 312 1604
509 274 571 307 120

478 333 622 375 valeant)
643 331 767 365 etiamsi
797 340 908 364 eorum
935 330 1033 375 aliqui
1060 341 1097 365 ex
1122 331 1214 365 dictis

478 386 585 429 regnis
605 391 635 419 et
655 384 807 418 dominiis
833 394 973 418 coronae
999 385 1214 427 Portugalliae

479 439 647 473 occasione
667 438 908 482 praedictorum
926 438 1135 480 delictorum,
1158 449 1213 473 seu

480 498 567 525 metu
587 502 766 536 poenarum
788 491 819 524 in
841 501 906 532 eos,
927 491 982 535 qui
1002 491 1081 525 haec
1099 493 1214 526 delicta

478 546 703 588 committunt,
725 544 920 579 inflictarum
942 552 995 580 aut
1013 547 1076 580 alia
1104 547 1215 591 quavis

478 600 517 632 de
531 600 625 632 causa
651 598 862 640 recesserint,
886 604 917 632 et
941 610 977 633 ex
998 599 1089 633 dictis
1110 599 1215 641 regnis

479 653 586 686 exules
608 652 736 694 fuerint,
758 663 885 687 necnon
904 653 1000 687 etiam
1018 654 1099 687 alios
1119 664 1215 698 quos-

478 716 616 750 cumque
636 706 762 740 noviter
779 717 960 748 conversos,
985 713 1012 740 et
1035 708 1074 741 de
1098 707 1212 741 buius-

478 759 565 793 modi
588 759 816 801 hebraeorum,
838 767 871 794 ut
889 762 1079 805 praefertur,
1098 772 1216 804 genere

478 818 676 856 procreatos,
701 814 747 847 vel
767 813 806 847 ab
828 814 871 848 eis
892 815 1005 858 quovis
1025 815 1121 848 modo
1150 815 1215 849 ori-

478 867 584 909 ginem
604 867 777 909 trahentes,
801 868 896 902 etiam
919 869 1071 910 forenses,
1093 874 1217 903 exteros

479 927 509 955 et
529 921 737 965 alienigenas,
761 922 793 955 in
813 923 986 966 praedictis
1008 928 1113 956 tamen
1133 923 1214 957 Por-

478 975 629 1018 tugalliae
650 980 680 1008 et
693 975 919 1018 Algarbiorum
942 977 1059 1020 regnis,
1083 977 1218 1022 aliisque

477 1029 664 1074 provinciis,
676 1029 828 1063 dominiis
846 1036 877 1064 et
889 1030 968 1064 locis
982 1031 1085 1065 eidem
1096 1031 1217 1076 Philip-

478 1094 520 1128 po
534 1083 602 1126 regi
622 1089 653 1117 et
673 1094 813 1118 coronae
831 1085 1048 1128 Portugalliae
1065 1087 1218 1130 praefatis

479 1137 630 1170 subiectis
651 1144 912 1180 commorantes,
925 1149 962 1172 ac
982 1139 1014 1172 in
1033 1139 1095 1173 illis
1116 1140 1218 1174 domi-

480 1189 589 1222 cilium
621 1190 669 1224 vel
701 1190 932 1225 habitationem
971 1192 1083 1236 quovis
1121 1194 1218 1227 modo

479 1243 656 1285 habentes,
681 1250 735 1277 aut
756 1244 886 1278 illorum
906 1245 1005 1287 filios,
1034 1252 1168 1291 nepotes
1189 1253 1217 1280 et

480 1296 720 1338 descendentes,
742 1299 848 1341 quoad
862 1305 1056 1342 praesentes,
1073 1300 1217 1334 videlicet

480 1350 511 1382 in
533 1351 641 1393 regnis
662 1356 690 1384 et
712 1351 875 1393 dominiis,
900 1363 937 1385 ex
958 1363 1043 1386 nunc.
1063 1360 1161 1397 prout
1182 1365 1218 1388 ex

481 1410 566 1445 tunc,
590 1415 662 1437 cum
676 1405 819 1449 primum
838 1413 1025 1449 praesentes
1046 1407 1169 1441 litterae
1188 1408 1218 1441 in

480 1457 601 1491 eisdem
622 1458 729 1501 regnis
747 1465 777 1492 et
795 1460 945 1493 dominiis
960 1462 1056 1494 modo
1071 1467 1101 1494 et
1118 1462 1220 1495 forma

480 1512 692 1556 infrascriptis
713 1513 896 1556 publicatae
916 1514 1049 1555 fuerint3
1067 1526 1130 1559 quo
1145 1526 1219 1549 vero

481 1565 520 1598 ad
550 1565 709 1606 absentes,
742 1576 778 1599 ex
804 1577 889 1599 nunc
916 1567 1038 1611 pariter
1069 1575 1163 1612 prout
1185 1580 1220 1602 ex

483 1625 567 1661 tunc,
592 1631 663 1653 eum
686 1620 826 1664 primum
848 1622 888 1655 ad
907 1633 1005 1665 regna
1026 1629 1056 1656 et
1077 1624 1220 1658 dominia

481 1673 633 1717 praefata,
656 1673 686 1707 in
709 1674 770 1707 illis
788 1675 826 1708 de
848 1680 975 1708 caetero
991 1677 1145 1714 mansuri,
1169 1688 1219 1711 re-

481 1727 562 1760 versi
576 1727 705 1769 suerint,
723 1728 901 1761 dummodo
916 1729 961 1761 illi
983 1729 1105 1763 scilicet
1119 1731 1173 1774 qui
1188 1731 1219 1764 in

481 1780 581 1821 ltalia,
604 1780 716 1821 Gallia,
740 1781 912 1815 Germania
934 1788 962 1816 et
983 1782 1053 1816 aliis
1073 1784 1220 1828 Europae

482 1833 687 1876 regionibus,
718 1835 892 1878 provinciis
922 1842 953 1869 et
984 1837 1062 1870 locis
1090 1837 1221 1881 quibus-

482 1897 621 1930 cumque
638 1893 892 1929 commorantur,
913 1889 996 1922 intra
1013 1900 1145 1931 annum,
1167 1891 1221 1935 qui

481 1950 556 1973 roro
575 1946 662 1974 extra
682 1941 853 1985 Europam,
882 1941 965 1975 intra
991 1942 1158 1977 biennium
1182 1945 1220 1978 ad

482 2004 655 2035 summum,
667 2006 684 2028 a
696 1995 746 2028 die
758 1995 986 2039 publicationis
999 1997 1220 2040 praesentium

483 2047 513 2080 in
543 2048 661 2082 eisdem
692 2050 798 2092 regnis
822 2055 852 2083 et
876 2050 1027 2084 dominiis
1057 2051 1221 2085 faciendae

483 2103 748 2146 computandum,
760 2104 798 2137 ad
814 2114 910 2146 regna
926 2110 956 2137 et
969 2105 1114 2139 dominia
1130 2116 1222 2150 prae-

483 2156 545 2189 fata
563 2161 776 2198 revertantur,
797 2157 1028 2201 cuiuscumque
1046 2158 1091 2191 illi
1108 2164 1218 2201 status,

482 2209 619 2252 gradus,
644 2210 766 2244 ordinis
794 2216 823 2244 et
853 2211 1049 2244 conditionis
1079 2212 1218 2254 suerint,

484 2270 546 2296 tam
569 2263 641 2296 laici
668 2274 766 2308 quam
789 2264 918 2305 clerici,
943 2264 1038 2297 etiam
1062 2265 1092 2298 in
1123 2266 1222 2300 saeris

482 2317 655 2350 Ordinibus
667 2317 842 2359 constituti,
853 2317 1103 2360 saecularesffll
1117 2320 1222 2353 cuius-

482 2373 526 2405 vis
551 2372 679 2406 Ordinis
708 2373 803 2406 etiam
826 2373 972 2407 militaris
994 2374 1168 2416 regulares,
1193 2380 1223 2408 et

484 2426 514 2459 in
545 2437 749 2470 quacumque
774 2426 929 2469 dignitate
957 2427 1121 2461 constituti
1148 2428 1218 2462 fue-

484 2480 558 2521 rint,
583 2480 707 2513 etiamsi
735 2486 920 2524 praesentes
946 2481 976 2514 in
1003 2481 1095 2515 dictis
1116 2482 1222 2523 regnis

483 2539 513 2566 et.
541 2533 711 2574 dominiis,
736 2545 836 2578 usque
866 2535 896 2567 in
925 2534 1008 2567 diem
1038 2535 1221 2578 praedictae

483 2586 720 2629 publicationis,
745 2593 798 2621 aut
818 2587 857 2620 ab
879 2588 940 2621 illis
961 2588 1107 2621 absentes
1125 2589 1220 2622 etiam

484 2639 644 2683 deinceps,
660 2641 851 2684 supradictis
866 2641 1040 2685 respective
1061 2641 1151 2675 annis
1162 2642 1221 2675 du-

484 2693 638 2735 rantibus,
664 2695 693 2728 in
716 2695 823 2737 regnis
841 2700 872 2729 et
893 2694 1046 2729 dominiis
1068 2695 1221 2739 praefatis

1020 281 1196 307 BELLARIUM
1220 282 1371 307 ROMANUM

1248 332 1297 364 vel
1317 336 1404 365 extra
1421 331 1475 365 illa
1494 341 1554 375 pro
1579 330 1748 365 haereticis
1771 332 1883 375 habiti,
1900 339 1928 367 et
1951 340 1985 368 ut

1250 385 1327 418 tales
1352 384 1524 425 declarati,
1545 395 1581 418 ac
1603 395 1663 428 pro
1684 385 1800 419 talibus
1820 387 1981 429 accusati,

1250 438 1413 482 inquisiti,
1440 438 1594 472 diffamati
1624 439 1753 483 publice
1783 440 1831 473 vel
1859 442 1985 475 occulte

1249 492 1420 534 extiterint,
1453 503 1489 526 ae
1521 492 1644 527 etiarnsi
1666 504 1779 528 eorum
1804 494 1904 539 aliqui
1936 495 1985 529 iu-

1249 546 1406 580 dicialiter
1437 546 1673 589 abiuraverint‚
1704 558 1764 581 nec
1795 558 1861 582 non
1889 549 1985 583 etiam

1250 600 1416 641 carcerati,
1444 606 1636 634 nontamen
1667 612 1703 635 ex
1731 604 1827 636 causa
1855 603 1987 636 secundi

1251 653 1378 697 lapsus,
1397 653 1444 686 vel
1473 654 1531 687 sub
1557 654 1760 689 cautionibus
1783 655 1914 689 relaxati
1939 667 1988 690 re-

1250 706 1417 750 periantur
1434 707 1480 749 (et
1500 707 1623 741 etiamsi
1645 713 1758 741 contra
1778 708 1849 742 illos
1868 709 1908 742 sit
1927 710 1989 743 lata

1251 760 1409 792 sententia
1438 771 1511 793 cum
1544 761 1705 794 bonorum
1734 761 1985 804 confiscatione,

1252 813 1430 847 dummodo
1460 814 1530 847 talis
1555 814 1714 848 sententia
1733 825 1799 848 non
1825 816 1865 850 sit
1883 816 1990 860 publi-

1252 871 1322 899 cata
1340 873 1367 900 et
1391 867 1599 911 exequutioni
1621 868 1826 910 demandata,
1848 874 1878 902 et
1898 870 1990 903 dum-

1253 920 1350 954 modo
1364 921 1460 955 etiam
1479 921 1539 966 ipsi
1561 922 1715 956 carcerati
1730 923 1778 956 vel
1796 923 1855 956 sub
1873 923 1991 957 cautio-

1252 974 1346 1008 nibus
1357 975 1500 1017 relaxati,
1514 975 1568 1020 qui
1579 976 1617 1010 de
1631 976 1758 1010 haeresi
1772 977 1820 1010 vel
1834 977 1991 1021 apostasia

1253 1040 1270 1062 a
1285 1029 1347 1062 fide
1362 1029 1567 1063 condemnati
1583 1030 1713 1071 suerint,
1728 1036 1782 1064 aut
1793 1030 1929 1065 confessi
1943 1031 1991 1065 vel

1253 1082 1390 1116 convicti
1412 1082 1594 1124 extiterint,
1618 1083 1857 1118 abiurationem
1882 1094 1991 1118 coram

1252 1136 1499 1180 Inquisitoribus
1512 1137 1691 1171 haereticae
1708 1137 1872 1182 pravitatis
1890 1138 1989 1172 dicto-

1254 1201 1326 1223 rum
1348 1201 1522 1233 regnorum
1537 1219 1544 1233 ,
1568 1202 1604 1225 ac
1633 1192 1763 1226 illorum
1790 1192 1938 1234 notario,
1962 1198 1992 1226 et

1254 1245 1380 1278 duobus
1399 1246 1513 1279 saltem
1534 1245 1668 1280 testibus
1689 1246 1721 1279 in
1742 1246 1872 1280 illorum
1891 1246 1993 1280 tribu-

1253 1297 1318 1330 nali
1349 1298 1452 1331 faeere
1487 1304 1671 1340 teneantur,
1704 1310 1767 1344 qua
1789 1299 1992 1333 abiuratione

1254 1351 1345 1391 faeta,
1362 1351 1463 1393 etiam·
1476 1352 1597 1396 absque
1615 1352 1722 1397 aliqua
1739 1353 1868 1397 publica
1881 1353 1992 1397 poeni·
2008 1394 2011 1398 .

1254 1404 1351 1437 tentia
1369 1415 1427 1448 per
1445 1415 1498 1438 eos
1516 1406 1673 1446 facienda,
1691 1405 1837 1447 relaxari,
1855 1411 1885 1439 et
1901 1416 1994 1450 prae-

1253 1459 1333 1492 senti
1360 1459 1483 1502 gratia,
1511 1459 1607 1493 etiam
1637 1460 1744 1504 quoad
1769 1459 1991 1493 remissionem

1253 1523 1431 1556 poenarum
1454 1513 1682 1557 temporalium
1704 1519 1735 1546 et
1753 1513 1932 1553 bonorum,
1959 1519 1993 1546 ut

1254 1566 1446 1609 praefertur,
1460 1566 1600 1608 gaudere
1622 1565 1772 1609 debeant)
1784 1566 1823 1599 ab
1842 1565 1994 1599 omnibus

1254 1624 1282 1652 et
1297 1620 1431 1662 singulis
1445 1630 1503 1663 per
1516 1620 1645 1653 eosdem
1661 1620 1826 1660 haetenus,
1843 1626 1873 1653 et
1887 1620 1993 1663 quoad

1254 1673 1402 1707 absentes
1423 1673 1574 1717 deinceps
1595 1673 1686 1707 dictis
1707 1673 1798 1706 anuis
1819 1673 1993 1717 respective

1255 1727 1460 1768 durantilms,
1481 1721 1689 1771 perpetratis,
1715 1727 1809 1760 etiam
1831 1726 1990 1767 haereses,

1255 1786 1285 1814 et
1297 1780 1336 1813 ab
1351 1781 1462 1814 eadem
1474 1780 1537 1814 side
1551 1780 1753 1824 apostasias¹‚
1766 1785 1797 1813 et
1809 1780 1890 1813 alios
1903 1786 1995 1824 quos-

1256 1845 1395 1878 cumque
1407 1834 1524 1878 impios
1537 1844 1664 1867 errores
1674 1833 1907 1874 redolentibus,
1925 1843 1996 1867 cae-

1256 1888 1396 1933 terisque
1420 1888 1626 1932 quantumvis
1650 1888 1818 1931 gravibus,
1846 1887 1995 1931 gravissi·

1256 1943 1326 1983 mis,
1350 1942 1537 1976 enormibus
1555 1947 1584 1976 et
1603 1941 1847 1983 enormissimis,
1864 1952 1904 1975 ac
1917 1941 1994 1975 ali'as

1255 1996 1448 2040 qualificatis
1472 1996 1622 2040 peccatis,
1647 1995 1848 2036 criminibus,
1872 1994 1995 2028 delictis

1255 2054 1286 2082 et
1306 2049 1487 2083 excessibus
1501 2049 1706 2090 ,lutiusn‘iodi,
1723 2047 1848 2082 etiamsi
1869 2047 1923 2081 itta
1935 2048 1994 2081 sub

1255 2104 1395 2146 generali
1411 2103 1614 2148 expressione
1630 2113 1696 2136 non
1708 2102 1866 2144 venirent,
1883 2107 1913 2135 et
1925 2112 1995 2146 spe-

1256 2157 1368 2191 cialem
1387 2163 1497 2190 notam
1515 2156 1729 2200 requirerent,
1742 2165 1800 2189 nec
1812 2165 1877 2188 non
1891 2165 1908 2188 a
1921 2154 1994 2199 qui-

1256 2211 1362 2244 busvis
1385 2210 1781 2250 excommunicationum,
1805 2207 1991 2252 suspensio-

1256 2276 1345 2306 num,
1361 2264 1607 2298 interdictorum
1623 2269 1654 2297 et
1671 2263 1741 2296 aliis
1761 2261 1994 2300 ecelesiasticis,

1256 2319 1507 2363 temporalibus,
1529 2317 1770 2362 corporalibus,
1792 2316 1887 2350 etiam
1908 2315 1994 2359 eapi-

1256 2374 1374 2415 talibus
1398 2373 1578 2414 sententiis,
1607 2372 1751 2406 censuris
1775 2377 1805 2406 et
1825 2370 1949 2415 poenis,
1976 2381 1994 2403 a

1255 2428 1325 2460 iure
1349 2428 1397 2460 vel
1419 2427 1457 2459 ab
1478 2426 1622 2466 homine,
1643 2431 1671 2459 et
1697 2435 1713 2458 a
1735 2424 1993 2468 quibuscumque

1256 2487 1367 2514 contra
1402 2480 1597 2514 haereticam
1632 2478 1821 2523 pravitatem
1857 2476 1994 2521 Inquisi-

1256 2534 1380 2568 toribus
1422 2532 1674 2578 praemissorum
1713 2536 1745 2565 et
1782 2530 1842 2564 alia
1882 2529 1994 2574 quavis

1290 2660 1303 2686 1
1321 2659 1365 2686 Sic
1386 2659 1468 2686 habet
1491 2657 1556 2685 edit.
1572 2656 1650 2684 Main.
1669 2657 1718 2684 uisi
1734 2656 1794 2692 quis
1811 2655 1885 2684 malit
1905 2656 1994 2692 legere

1256 2703 1429 2739 apostasiam
1445 2704 1479 2738 (a.
1496 2702 1543 2733 Τ.).

2001 286 2051 314 An.
2072 286 2100 315 C,
2116 287 2187 317 160&
2197 305 2203 314 1

2190 1690 2218 1721 ἣν.
2180 1163 2217 1677 ffl-sei-:emesswssdmzffltgtw253w5
2189 1131 2202 1145 κ
2192 1028 2213 1108 μη..
2196 872 2210 997 .-
2187 823 2202 844 ‘—
