2227 3241
463 266 526 298 (jtlss
1010 272 1085 294 mut
1095 270 1184 294 imru
1210 270 1272 293 nou
1281 270 1359 293 imru

417 328 561 362 Placidus
575 328 744 370 episcopus
769 319 973 368 Melphiensis
999 323 1086 357 Pauli
1104 322 1128 356 V
1146 322 1184 356 ad
1210 322 1358 356 Mathiam
1380 321 1564 364 HuugarIae
1589 324 1619 355 et
1643 321 1812 356 Bohemiac
1837 333 1947 367 regem

507 381 661 421 nuncius,
687 379 749 411 072
774 378 800 415 b.

419 434 563 467 l'olouinc
590 433 814 474 ecclesiastIci,
840 432 870 464 in
896 431 1031 464 comitiis
1063 429 1166 463 locum
1199 428 1397 471 obtinentes,
1423 429 1611 462 sententiam
1642 429 1673 461 in
1698 429 1802 461 causis
1825 427 1948 463 bellicis

505 491 535 520 et
560 484 777 520 criminalibus
809 485 890 518 terre
922 487 1071 528 possunt,
1096 484 1173 528 quin
1205 482 1470 526 irregularitatem
1497 484 1676 523 incurrant,
1703 481 1743 514 26
1769 481 1794 515 b.
1822 481 1947 516 Polonis

505 549 693 573 concessum
719 548 736 572 a
760 538 856 572 Paulo
883 537 906 570 V
932 536 1123 579 iubilaeum,
1149 537 1212 570 582
1237 547 1265 570 a.

418 594 586 636 l‘ompeIus
612 591 691 625 tituli
717 592 746 625 S.
771 590 920 625 Balbinae
946 590 1117 625 cardinalis
1142 590 1332 633 Arigonius,
1360 590 1421 623 289
1447 590 1472 623 b.

418 645 629 689 l‘ortugalliae
655 649 686 678 et
702 644 921 688 Algarbiorum
947 654 1080 688 regnum
1095 671 1101 687 ,
1118 644 1136 676 3
1154 655 1183 676 u..
1198 643 1406 678 Commissum
1424 643 1586 678 collectori
1609 643 1753 687 generali
1776 643 1949 687 spoliorum

376 719 407 749 ι
505 699 543 733 ad
561 698 725 732 Camcram
744 698 956 742 Apostolicam
984 698 1226 742 pertinentium,
1244 701 1277 732 ut
1294 697 1477 731 monialium
1504 707 1669 731 numerum
1695 698 1727 730 in
1751 697 1950 730 monasteriis

505 751 701 796 praescribat
726 751 764 786 ad
798 751 928 785 sormam
959 750 1092 786 Concilii
1115 751 1310 795 Tridentini,
1338 752 1378 785 ib.
1404 751 1592 794 Absolutio‚
1617 755 1649 785 et
1673 752 1766 785 venia
1790 750 1950 795 generalis

507 814 660 839 concessa
685 806 723 838 iis
748 806 802 850 qui
827 806 974 840 conversi
999 814 1016 839 a
1042 805 1202 840 Iudaismo
1237 805 1277 839 ad
1309 804 1403 839 tidem
1437 805 1658 847 christianam,
1691 805 1804 838 iterum
1835 805 1951 849 relapsi

506 862 609 900 erant,
636 858 698 892 118
724 857 739 889 b
759 862 788 890 el
811 869 872 902 seq.

414 911 649 946 I'redicatorum
673 911 779 951 Ordo,
807 912 867 945 457
894 912 919 944 b.
942 910 1103 945 Fratribus
1129 911 1261 945 vetitum
1287 921 1343 954 pro
1368 911 1602 956 consequendis
1627 912 1657 945 in
1679 910 1802 947 Ordine
1827 910 1951 956 praela-

506 966 582 999 turis
608 964 819 999 saecularium
842 965 966 998 favores
987 966 1191 1009 perquirere,
1217 964 1294 998 ibid.
1320 968 1350 999 et
1374 976 1436 1010 seq.

416 1018 612 1051 Protectores
637 1016 816 1050 cardinales
842 1015 998 1050 Ordioum
1026 1016 1244 1063 religiosorum
1272 1018 1429 1062 quomodo
1455 1018 1646 1062 deputentur
1670 1022 1701 1053 et
1726 1017 1843 1064 quibus
1873 1026 1951 1063 gau-

504 1071 599 1104 deant
624 1069 836 1112 lacunalibus,
863 1070 926 1103 550
952 1070 977 1102 b.

415 1125 621 1158 l‘rotonotarii
647 1123 819 1168 Apostolici
844 1123 1003 1157 honorarii
1028 1125 1190 1158 canonicis
1221 1128 1252 1158 et
1283 1125 1504 1168 cpiscoporum
1534 1124 1722 1160 officialibus
1757 1125 1951 1169 praecedere

504 1189 564 1212 non
592 1182 740 1222 possunt,
765 1178 806 1211 78
831 1178 848 1209 h
865 1188 944 1221 seqq.

1170 1284 1194 1317 R

417 1391 670 1425 Ravennatensis
694 1389 856 1423 Ecclesiae
882 1390 1061 1433 petitiones,
1080 1389 1141 1422 148
1162 1399 1198 1429 a;
1225 1390 1255 1422 ei
1275 1389 1476 1432 suffraganae
1500 1391 1690 1434 assignatae,
1717 1392 1776 1425 151
1804 1403 1833 1425 α.

417 1444 624 1488 Ray-mundus
645 1444 702 1488 (S.)
726 1444 765 1477 de
790 1443 957 1477 Pennal'crt
982 1442 1137 1477 Ordinem
1163 1443 1194 1476 B.
1221 1443 1258 1476 M.
1285 1444 1324 1478 de
1356 1443 1502 1478 Mercede
1534 1445 1774 1490 Redemptionis
1807 1446 1954 1490 Captivo-

508 1508 576 1531 rum
602 1498 757 1540 instituit,
783 1498 845 1530 :342
872 1498 899 1529 b.

418 1551 592 1596 Regulares
618 1551 773 1595 parochos
799 1560 912 1585 vocare
938 1549 1066 1592 debent,
1084 1551 1172 1594 prius
1198 1559 1293 1595 quam
1318 1551 1475 1586 cadavera
1499 1563 1560 1586 non
1587 1553 1780 1597 regularium
1811 1553 1851 1588 ad
1879 1562 1954 1588 suas

507 1605 659 1639 ecclesias
695 1604 855 1646 deserant,
883 1604 921 1637 16
947 1615 976 1636 α.
1002 1603 1038 1637 Et
1073 1604 1242 1648 parochiae
1278 1606 1403 1639 tertiam
1436 1609 1557 1650 partem
1583 1607 1793 1651 funeralium,
1818 1617 1875 1642 seu
1900 1608 1954 1650 id,

508 1659 591 1704 quod
626 1659 686 1693 loci
719 1658 915 1693 consuetudo
948 1657 1072 1700 tulerit,
1103 1657 1244 1699 solvere,
1280 1658 1355 1691 ibid.
1387 1659 1455 1693 Non
1480 1665 1612 1703 possunt
1646 1671 1745 1695 novos
1775 1665 1954 1695 conventus

507 1715 631 1755 erigere
651 1714 711 1746 nisi
728 1712 767 1746 de
785 1712 912 1745 licentia
924 1710 1085 1746 Ordinarii
1104 1712 1157 1755 qui
1175 1716 1382 1754 recognoscat
1401 1721 1440 1745 an
1457 1713 1621 1747 commode
1638 1714 1679 1748 ali
1697 1718 1855 1758 poterunt,
1871 1714 1911 1748 22
1925 1725 1954 1748 a.

508 1765 642 1800 Possunt
672 1766 710 1799 ad
736 1765 850 1799 Sedem
877 1764 1090 1808 Apostolieam
1114 1763 1293 1807 appellare,
1320 1766 1345 1797 si
1371 1764 1532 1800 Ordtnarii
1558 1766 1697 1801 locorum
1722 1767 1883 1801 licentiam
1908 1767 1954 1801 eis

510 1817 672 1861 denegent
697 1828 795 1852 novos
827 1817 973 1861 erigendi
998 1820 1190 1859 conventus,
1215 1818 1247 1851 in
1279 1816 1395 1861 quibus
1420 1819 1584 1861 regulares
1609 1822 1677 1854 sine
1702 1820 1835 1854 aliorum
1860 1820 1957 1855 detri-

510 1875 614 1905 mento
641 1875 773 1915 possunt
790 1872 970 1913 sustentari,
987 1870 1042 1904 sed
1064 1871 1189 1904 interim
1207 1868 1323 1903 debent
1341 1872 1539 1915 suspendere
1565 1883 1718 1907 novorum
1742 1877 1956 1907 conventuum

513 1927 718 1966 erectionem,
747 1925 786 1959 ⁶22
812 1936 841 1957 a.
866 1923 989 1967 Quibus
1015 1924 1054 1957 dc
1090 1925 1194 1958 causis
1226 1924 1349 1966 possint
1380 1926 1420 1960 ad
1444 1926 1616 1961 monalium
1641 1929 1832 1961 monasteria
1859 1935 1958 1960 acce-

514 1978 609 2021 dere,
634 1980 675 2012 69
701 1990 729 2012 α.
756 1978 856 2012 Unam
881 1982 998 2012 tantum
1032 1978 1344 2020 confraternitatem,
1370 1988 1427 2012 seu
1452 1980 1733 2023 congregationem
1757 1980 1824 2013 suis
1848 1980 1880 2013 in
1905 1988 1958 2013 ec-

513 2032 617 2066 clesiis
652 2036 785 2076 possunt
818 2034 959 2076 erigere,
985 2036 1016 2066 et
1047 2031 1177 2076 quidem
1203 2031 1242 2064 de
1266 2030 1394 2065 licentia
1420 2030 1599 2074 Ordinarii,
1628 2031 1688 2071 139
1713 2042 1742 2064 α.
1768 2030 1957 2074 Superiores

512 2093 571 2117 non
598 2088 729 2127 possunt
754 2094 946 2127 cognoscere
972 2095 1100 2118 suorum
1125 2083 1324 2118 subditorum
1344 2093 1466 2126 causas,
1488 2094 1569 2129 quae
1586 2085 1746 2128 pertinent
1763 2083 1801 2118 ad
1820 2082 1957 2118 tribunal

512 2137 542 2170 S.
561 2136 679 2178 Officii,
701 2138 763 2171 347
782 2142 813 2171 ct
831 2148 891 2182 seq.
918 2137 1102 2181 Regulares,
1129 2139 1155 2171 si
1181 2139 1261 2171 intra
1287 2137 1424 2171 claustra
1448 2137 1579 2180 degunt,
1606 2136 1663 2169 fori
1687 2135 1856 2180 privilegio
1880 2127 1967 2179 gaus

512 2187 604 2229 dent,
629 2188 691 2221 436
716 2199 777 2233 seq.
807 2188 841 2221 ln
860 2188 964 2222 indias
982 2188 1207 2224 Occidentales
1224 2190 1263 2223 ad
1283 2190 1448 2223 missiones
1466 2188 1665 2232 peragendas
1686 2196 1886 2233 quacumque
1906 2189 1957 2221 via

512 2249 648 2284 pergere
674 2245 814 2284 possunt,
840 2242 900 2275 501
920 2242 946 2275 b.
968 2242 1107 2286 Pergere
1126 2247 1231 2277 tamen
1248 2245 1334 2276 recta
1351 2242 1485 2285 debent,
1503 2242 1562 2276 571
1582 2241 1598 2274 b
1615 2252 1696 2286 seqq.
1721 2240 1959 2275 confessarium

514 2302 553 2326 cx
580 2293 748 2338 privilegio
773 2296 931 2328 cruciatae
957 2295 1077 2339 eligere
1101 2295 1161 2329 sibi
1182 2299 1360 2341 nequeunt,
1382 2296 1456 2329 559.
1481 2295 1553 2328 Suis
1577 2295 1609 2328 in
1635 2293 1780 2328 domibus
1805 2294 1957 2328 lectiones

512 2347 689 2391 linguarum
722 2348 910 2392 hebraicae,
943 2359 1077 2393 graecae
1103 2354 1133 2384 et
1159 2350 1306 2384 arabicae
1343 2358 1467 2382 necnon
1492 2348 1608 2381 latinae
1641 2346 1758 2382 debent
1793 2348 1958 2382 instituere

513 2411 569 2445 pro
593 2401 799 2435 missionibus
825 2403 1027 2446 peragendis,
1053 2404 1115 2438 625
1142 2403 1172 2437 ι’).
1196 2402 1402 2438 studentibus
1429 2401 1599 2446 privilegia
1623 2400 1858 2443 conceduntur,
1885 2400 1958 2433 626.

426 2454 609 2488 Residentia
634 2456 870 2499 canonicorum,
898 2457 915 2488 9
937 2467 965 2489 α.

425 2507 595 2542 Rhodanus
621 2509 752 2551 fluvius,
779 2509 816 2543 81
844 2520 873 2543 α.
900 2509 999 2554 Leges
1025 2520 1081 2554 pro
1105 2519 1259 2554 aggerum
1283 2509 1526 2543 conservatione
1551 2509 1710 2549 sancitae,
1735 2506 1810 2540 ibid.

426 2560 584 2594 Romanae
610 2560 772 2596 Ecclesiae
798 2565 900 2596 terrae
925 2566 956 2596 et
980 2562 1047 2597 loca
1072 2573 1132 2596 non
1159 2562 1367 2605 infeudanda,
1395 2562 1456 2595 ⁶267
1481 2572 1562 2605 seqq.

426 2613 637 2648 Romanorum
668 2617 785 2649 civium
818 2615 1002 2660 privilegia,
1030 2616 1092 2649 299
1117 2616 1142 2649 b.
1169 2616 1200 2650 Si
1225 2615 1264 2649 ab
1291 2617 1437 2650 intestato
1463 2616 1651 2656 moriantur,
1678 2623 1785 2648 eorum
1811 2612 1894 2647 bona
1918 2613 1958 2647 ad

516 2678 568 2699 eos
593 2668 782 2711 deveniunt,
809 2671 861 2713 qui
888 2673 959 2703 sunt
985 2669 1115 2712 legitimi
1143 2669 1312 2711 haeredes,
1339 2668 1411 2701 5300.
