2227 3241
34 228 84 256 An.
101 227 131 255 C.
149 226 216 254 1604

66 607 214 638 Eineudatuin-

33 641 74 684 3101?
82 640 171 661 imprimi
183 640 214 654 iu-

70 874 214 900 'typographis

31 907 111 927 poenas
141 901 213 921 initient

32 928 81 948 illud
97 927 214 953 imprimen-

32 954 87 975 tibus
95 959 135 974 non
147 959 216 974 serva-

32 981 58 1001 tis
68 981 100 1003 iis.
111 986 165 1006 quae
181 980 215 1000 hic

31 1007 208 1034 praescribuntur.

74 2531 179 2558 Cavetque
194 2537 220 2552 ne

38 2558 98 2579 aliter
119 2559 220 2585 impressa
250 2580 256 2586 ,

37 2584 130 2615 missalia
139 2591 177 2606 usu
188 2591 219 2607 re-

38 2613 148 2638 cipiantur.

843 221 989 246 CLEMENS
1009 222 1067 246 vll}
1088 224 1138 246 1¹1³.

230 278 261 307 et
285 272 317 307 in
336 271 457 315 regulis
478 276 508 305 et
534 270 672 304 rubricis
701 269 809 314 aliqua
839 269 970 303 uberius

230 331 262 360 et
281 325 399 360 elarius
419 335 569 369 expressa
589 324 669 365 sint3
690 334 773 368 quae
791 329 910 363 tamen,
934 334 970 356 ex

230 379 360 412 illorum
380 378 548 423 principiis
576 383 607 411 et
634 375 853 410 fundamentis
879 376 969 420 quasi

229 432 388 473 deducta,
413 432 544 465 illorum
565 441 696 465 sensum
716 429 836 463 imitari
863 429 971 473 potius

230 491 261 518 et
280 486 445 530 supplere,
475 487 572 529 q'uam
602 483 726 528 aliquid
757 482 833 516 novi
854 482 971 516 afferre

230 538 390 572 videntur.

274 591 289 635 ἓ
309 591 340 624 4.
363 590 487 625 Missale
504 591 626 634 itaque,
643 590 730 634 quod
750 589 835 623 idem
857 589 931 622 Pius
948 590 970 622 V

231 645 391 686 ediderat,
419 644 465 678 sic
488 644 693 686 recognitum
718 643 750 676 in
777 645 888 676 nostra
921 648 972 687 ty-

229 697 409 742 pographia
429 697 582 730 Vaticana
595 707 692 741 quam
710 696 972 730 emendatissime

229 750 384 795 imprimi,
402 756 433 784 et
445 751 485 784 ad
500 761 707 784 communem
725 750 896 784 utilitatem
911 761 971 793 pu-

229 804 344 838 blicari
364 804 528 838 iussimus.

275 859 291 900 5
312 857 343 891 5.
371 858 411 891 Ut
430 863 537 891 autem
559 857 644 892 illius
659 869 745 898 usuS,
767 857 798 890 in
820 857 972 891 omnibus

231 911 398 945 christiani
409 912 498 945 orbis
508 912 665 956 partibus,
678 911 844 956 perpetuis
858 912 972 946 futuris

231 964 433 1009 temporibus
459 971 688 1006 conservetur,
718 965 824 1009 ipsum
843 965 970 998 missale

230 1017 264 1050 in
284 1017 369 1051 alma
388 1018 473 1051 Urbe
493 1021 605 1052 nostra
625 1018 658 1051 in
685 1018 796 1052 eadem
821 1023 970 1062 typogra-

229 1069 306 1114 phia
323 1075 460 1112 tantum,
478 1076 510 1105 et
525 1082 591 1105 non
610 1071 699 1113 alibi,
716 1070 859 1116 imprimi
877 1082 970 1115 posse

230 1123 445 1157 decernimus.
469 1124 564 1158 Extra
576 1125 696 1159 Urbem
716 1135 789 1159 vero
810 1124 897 1158 iuxta
917 1135 970 1158 ex-

230 1174 353 1219 emplar
377 1174 409 1208 in
434 1174 520 1209 dicta
546 1175 756 1220 typographia
787 1186 875 1209 nunc
897 1175 967 1208 edi-

230 1232 309 1269 tum,
323 1233 354 1260 et
369 1238 434 1261 non
447 1228 551 1269 aliter,
564 1229 625 1262 hac
637 1229 707 1272 lege
720 1228 862 1273 imprimi
877 1239 971 1273 posse

230 1281 471 1324 permittimus,
503 1288 540 1316 ut
573 1282 727 1316 nimirum
763 1283 971 1327 typographis

230 1336 507 1381 quibuscumque,
537 1337 618 1371 illud
649 1338 835 1382 in‘iprimere
856 1339 968 1371 volen-

232 1391 328 1433 tibus,
359 1391 392 1425 id
413 1392 520 1425 facere
540 1391 655 1433 liceat,
687 1392 842 1436 requisita
864 1398 970 1426 tamen

230 1446 320 1490 prius
349 1452 380 1480 et
406 1446 438 1479 in
459 1447 586 1491 scriptis
611 1447 743 1481 obtenta
776 1447 968 1480 dilectorum

230 1500 374 1534 filiorum
408 1500 637 1545 inquisitorum
668 1501 850 1534 haereticae
890 1512 968 1545 pra-

231 1554 356 1596 vitatis,
386 1554 418 1588 in
446 1554 484 1588 iis
511 1555 591 1588 locis
618 1555 651 1587 in
678 1555 796 1599 quibus
828 1555 967 1597 fuerint,

230 1608 285 1642 ubi
323 1619 399 1642 vero
440 1618 505 1641 non
546 1608 663 1641 fuerint
679 1636 686 1649 ,
724 1608 968 1642 Ordinariorum

230 1663 377 1696 locorum
412 1661 552 1696 licentia.
581 1662 752 1706 Alioquin,
788 1662 813 1696 si
850 1663 971 1707 absque

231 1715 417 1750 huiusmodi
443 1716 573 1750 licentia
604 1716 725 1750 dietum
758 1716 887 1750 missale
912 1717 971 1750 sub

231 1780 438 1815 quacumque
456 1771 559 1804 forma
576 1771 614 1804 de
633 1776 760 1812 caetero
773 1770 833 1815 ipsi
852 1771 968 1815 impri-

232 1835 331 1866 mere,
355 1830 409 1858 aut
425 1825 623 1869 bibliopolae
644 1825 785 1859 vendere
805 1835 971 1869 praesum-

231 1879 365 1924 pserint,
394 1878 586 1924 typographi
608 1885 639 1912 et
656 1879 866 1923 bibliopolae,
883 1886 971 1913 extra

232 1933 355 1967 Statum
387 1938 536 1967 nostrum
562 1933 813 1967 ecclesiasticum
836 1933 971 1967 existen-

232 1993 289 2029 tes,
315 1987 660 2021 excommunicationis
676 1987 760 2020 latae
780 1988 968 2028 sententiae,

232 2052 251 2074 a
269 2051 333 2085 qua
357 2041 419 2074 nisi
440 2051 458 2074 a
473 2041 621 2075 Romano
638 2041 807 2082 Pontifice,
830 2047 972 2085 praeter-

232 2106 329 2140 quam
351 2095 383 2128 in
404 2095 519 2128 mortis
545 2095 683 2128 articulo
708 2095 886 2136 constituti,
910 2095 969 2129 ab·

232 2149 311 2184 solvi
336 2154 517 2193 nequeant,
546 2148 578 2181 in
604 2149 689 2182 alma
710 2159 785 2182 vero
806 2149 901 2190 Urbe,
936 2161 973 2184 ac

233 2203 359 2248 reliquo
380 2203 470 2237 Statu
482 2202 706 2236 Ecclesiastico
721 2209 969 2243 commorantes,

233 2257 487 2301 quingentorum
516 2255 709 2289 ducatorum
742 2256 811 2289 auri
842 2257 881 2290 de
910 2257 970 2292 Ca-

234 2313 343 2353 mera,
374 2321 412 2345 ac
440 2310 624 2345 amissionis
649 2310 807 2344 librorum
833 2317 864 2344 et
886 2317 974 2356 typo-

234 2376 306 2399 rum
326 2365 485 2407 omnium‚
501 2365 653 2399 Gamerae
666 2365 852 2410 praedictae
870 2366 973 2410 appli-

235 2419 426 2461 candorum,
450 2429 584 2464 poenas,
607 2419 731 2463 absque
748 2420 809 2452 alisi
831 2419 975 2453 declara-

236 2472 334 2514 tione,
357 2473 623 2507 irremissibiliter
644 2473 810 2507 incurrant
831 2484 869 2507 eo
891 2473 971 2518 ipso.

273 2528 296 2569 -ξ
317 2525 347 2560 6.
371 2527 409 2560 Εῑ
425 2526 637 2561 nihilominus
658 2527 849 2561 eorumdem
865 2527 975 2561 missa-

236 2581 327 2622 lium,
347 2591 406 2625 per
430 2591 485 2615 eos
507 2581 546 2615 de
570 2586 700 2615 caetero
720 2581 841 2626 absque
866 2581 976 2615 liuius-

239 2634 326 2668 modi
348 2634 477 2669 licentia
498 2634 804 2680 imprimendorum,
825 2640 880 2669 aut
901 2645 975 2669 ven-

318 2696 397 2725 Bull.
417 2697 501 2725 Rom.
523 2712 556 2718 —
575 2698 633 2726 Vol.
650 2698 700 2726 XI.
882 2696 915 2724 12

1679 213 1720 246 89

1004 270 1198 311 dendorum,
1216 282 1309 304 usum
1328 272 1447 315 ubique
1462 272 1610 304 locorum
1624 277 1652 304 et
1671 282 1749 313 gen-

1005 323 1096 364 tium,
1120 325 1178 357 sub
1192 325 1312 358 eisdem
1328 325 1451 369 poenis,
1466 331 1626 369 perpetuo
1646 325 1748 358 inter-

1005 377 1142 411 dicimus
1168 385 1199 411 et
1218 379 1443 422 prohibemus.

1050 432 1066 472 g
1083 431 1110 463 7.
1136 431 1199 474 Ipsi
1219 437 1328 465 autem
1348 432 1556 476 inquisitores
1576 444 1633 466 seu
1652 433 1746 466 Ordi-

1004 483 1086 517 narii
1099 485 1256 527 locorum,
1267 491 1440 529 antequam
1455 486 1642 520 huiusmodi
1656 486 1749 520 licen-

1007 537 1080 570 tiam
1094 538 1284 579 concedant,
1301 539 1442 572 missalia
1455 540 1494 572 ab
1509 540 1586 583 ipsis
1599 545 1749 584 typogra-

1005 590 1078 634 phis
1097 590 1331 635 imprimenda,
1349 598 1380 625 et
1400 598 1572 637 postquam
1591 593 1749 637 impressa

1004 643 1142 684 fuerint,
1172 655 1245 677 cum
1282 644 1344 678 hoc
1376 645 1497 678 missali
1511 673 1518 686 ,
1554 646 1749 679 auctoritate

1005 698 1114 730 nostra
1136 697 1304 740 recognito
1321 703 1351 731 et
1371 708 1459 731 nunc
1479 698 1653 742 impresso,
1677 698 1750 732 dili-

1005 749 1191 792 gentissime
1212 751 1391 792 conferant,
1411 762 1471 785 nec
1491 751 1523 784 in
1543 751 1605 785 illis
1626 752 1749 796 aliquid

1005 803 1081 836 addi
1102 803 1152 837 vel
1169 803 1295 837 detrahi
1308 804 1510 848 permittant,
1530 815 1589 838 nec
1607 805 1638 838 in
1656 816 1750 849 prae-

1006 856 1111 889 missis
1124 862 1291 900 praetextu
1303 857 1450 891 incuriae
1459 858 1749 902 typographorum,

1005 916 1060 943 aut
1076 920 1142 943 non
1162 910 1265 944 factae
1285 921 1343 955 per
1364 918 1577 953 correctores,
1600 913 1649 946 rel
1670 913 1749 946 alios

1005 963 1045 996 ab
1075 963 1152 1007 ipsis
1177 964 1283 997 forsan
1314 965 1525 1009 deputandos,
1550 965 1746 1008 diligentiae,

1005 1027 1039 1050 se
1063 1016 1173 1060 aliquo
1203 1018 1301 1051 modo
1330 1029 1501 1060 excusare,
1534 1019 1687 1063 quodque
1716 1019 1749 1052 in

1005 1068 1225 1114 infrascriptas
1238 1081 1360 1115 poenas
1377 1082 1442 1105 non
1460 1071 1657 1105 incurrerint
1673 1072 1749 1106 alle-

1005 1132 1081 1166 gare
1102 1123 1239 1165 valeant,
1264 1130 1295 1158 et
1314 1124 1346 1158 in
1367 1124 1436 1169 ipsa
1453 1124 1583 1158 licentia
1598 1124 1748 1168 originali

1006 1176 1045 1209 de
1065 1176 1238 1211 collatione
1258 1178 1350 1220 facta,
1368 1184 1400 1212 et
1416 1179 1503 1223 quod
1520 1178 1654 1212 omnino
1672 1189 1749 1212 con-

1006 1230 1151 1272 cordent,
1168 1241 1267 1264 manu
1280 1231 1415 1276 propria
1432 1237 1634 1273 attestentur,
1657 1232 1748 1266 cuius

1006 1284 1154 1318 licentiae
1168 1285 1260 1329 copia
1278 1285 1369 1319 initio
1383 1286 1432 1319 vel
1446 1286 1477 1318 in
1492 1287 1578 1320 calce
1593 1287 1748 1331 cuiusque

1006 1340 1143 1373 missalis
1160 1351 1289 1384 semper
1310 1340 1525 1384 imprimatur.
1546 1341 1637 1380 Quod
1655 1341 1680 1375 si
1698 1353 1748 1375 se—

1006 1407 1061 1429 cus
1082 1395 1228 1436 fecerint,
1247 1395 1456 1439 inquisitores
1470 1396 1628 1437 videlicet,
1645 1397 1749 1440 priva-

1007 1449 1102 1482 tionis
1120 1460 1253 1483 suorum
1276 1449 1471 1491 officiorum,
1489 1460 1525 1483 ac
1538 1450 1749 1484 inhabilitatis

1005 1504 1045 1538 ad
1077 1504 1131 1537 illa
1163 1511 1191 1537 et
1225 1504 1288 1536 alia
1313 1503 1527 1547 imposterum
1553 1504 1746 1545 obtinenda3

1005 1557 1163 1591 antistites
1175 1563 1282 1590 autem
1297 1563 1325 1591 et
1338 1557 1498 1591 Ordinarii
1512 1557 1670 1599 locorum,
1680 1569 1750 1592 sus-

1005 1613 1170 1658 pensionis
1195 1624 1212 1646 a
1234 1612 1349 1646 divinis
1377 1623 1413 1646 ac
1440 1612 1604 1646 interdicti
1632 1613 1671 1646 ab
1701 1613 1749 1646 in-

1006 1678 1116 1710 gressu
1137 1666 1303 1707 ccclesiae;
1321 1677 1432 1700 eorum
1453 1677 1528 1700 vero
1542 1666 1664 1708 vicarii,
1685 1667 1750 1711 pri-

1006 1721 1141 1754 vationis
1161 1720 1308 1754 similiter
1329 1719 1511 1753 officiorum
1532 1726 1560 1753 et
1574 1720 1750 1755 beneficio-

1006 1786 1077 1809 rum
1099 1785 1252 1816 suorum,
1283 1780 1313 1808 et
1341 1774 1553 1808 inhabilitatis
1578 1775 1617 1809 ad
1645 1775 1699 1809 illa
1720 1781 1750 1809 et

1006 1829 1068 1863 alia
1088 1829 1299 1874 imposterum
1314 1828 1507 1870 obtinenda,
1526 1840 1562 1862 ac
1582 1835 1750 1873 praeterea

1006 1883 1371 1924 excommunicationis,
1394 1883 1517 1927 absque
1545 1884 1606 1917 alia
1637 1885 1746 1918 decla-

1006 1938 1143 1979 ratione,
1170 1944 1204 1972 ut
1225 1938 1417 1982 praefertur,
1441 1949 1562 1983 poenas
1582 1939 1750 1973 incurrant

1006 2002 1044 2026 eo
1065 1992 1145 2036 ipso.

1051 2046 1111 2088 §8
1136 2046 1303 2080 Caeterum
1323 2056 1504 2090 pauperum
1525 2047 1745 2088 ecclesiarum,

1008 2099 1199 2134 clericorum
1223 2105 1252 2133 et
1278 2110 1491 2144 personarum
1511 2100 1745 2133 ecclesiastica-

1008 2164 1091 2195 rum,
1108 2164 1145 2187 ac
1163 2154 1438 2199 typographorum
1454 2160 1484 2187 et
1497 2154 1746 2198 bibliopolarum

1008 2218 1291 2252 quorumcumque
1305 2207 1537 2248 indemnitatis,
1554 2218 1589 2241 ex
1604 2207 1749 2250 benigni-

1009 2266 1072 2294 tate
1096 2261 1283 2305 apostolica,
1311 2261 1470 2295 rationem
1492 2261 1658 2303 habentes,
1683 2262 1746 2295 cis-

1009 2315 1081 2348 dem
1101 2315 1242 2349 missalia
1256 2315 1411 2349 hactenus
1425 2316 1580 2360 impressa
1601 2325 1700 2359 penes
1718 2326 1751 2349 se

1009 2369 1202 2403 habentibus
1229 2369 1282 2413 (iis
1309 2369 1474 2403 dumtaxat
1499 2369 1648 2413 exceptis,
1670 2380 1752 2413 (piae

1009 2423 1201 2457 auctoritate
1226 2425 1336 2457 nostra
1352 2451 1359 2465 ,
1390 2429 1424 2457 ut
1448 2423 1668 2467 supradictum
1691 2428 1748 2463 est,

1010 2477 1180 2511 interdicta
1201 2483 1229 2511 et
1252 2477 1407 2520 abrogata
1421 2477 1574 2519 fuerunt),
1596 2482 1629 2509 ut
1647 2486 1683 2509 ca
1704 2487 1752 2509 rc-

1011 2528 1113 2562 tinere
1135 2534 1165 2562 et
1182 2529 1244 2562 illis
1264 2528 1328 2569 uti,
1359 2539 1461 2572 eaque
1483 2528 1621 2562 rendere
1638 2538 1749 2572 respe-

1011 2582 1092 2616 ctive
1106 2582 1239 2626 possint,
1256 2582 1405 2616 similiter
1425 2581 1644 2626 permittimus
1662 2587 1691 2615 et
1706 2581 1753 2614 in-

1010 2636 1191 2679 dulgemus.

1767 223 1819 249 An.
1836 222 1863 250 C.
1883 222 1950 250 1604

1778 437 1862 457 Poenae
1879 440 1949 457 romm

1765 464 1900 489 inquisitores
1931 466 1949 483 et

1765 491 1888 510 Ordmarios
1904 497 1950 510 >au-

1764 519 1818 537 ritae
1835 517 1873 537 has
1893 518 1949 540 leuc·

1765 550 1805 564 nun
1822 546 1937 565 seruantes.

1803 2050 1861 2073 Quae
1879 2050 1949 2075 probi-

1765 2077 1807 2097 tuta
1830 2083 1869 2096 non
1891 2079 1949 2099 sunt,

1764 2104 1825 2123 tendi
1841 2103 1911 2123 adlim-
1928 2106 1946 2122 et

1764 2133 1850 2151 retineri
1866 2132 1949 2156 permit-

1765 2159 1795 2177 Ιιῐ.
