2227 3241
226 273 272 298 An.
291 272 318 298 s..
347 271 412 299 1608
459 263 522 295 5:20

273 803 343 823 Onera
359 808 409 822 [ov-

225 831 281 851 nulla
303 830 409 855 cappella-

224 863 255 877 nis
270 858 376 882 imposuit.

422 321 584 354 annuatim
601 320 823 363 exigerentet¹
839 320 1075 365 perciperent²‚
1090 331 1161 354 cum

422 374 492 407 aliis
512 373 637 416 collegii
656 379 685 406 et
703 373 872 407 doctorum
892 373 1077 408 huiusmodi
1093 375 1163 408 red-

423 427 553 467 ditibus,
576 426 785 471 proventibus
806 432 836 459 et
854 427 1081 460 emolumentis
1106 428 1162 462 ad-

423 480 662 520 ministrarent,
679 485 708 512 et
734 479 866 513 cuilibet
887 480 1087 524 cappellano,
1108 481 1161 525 qui

423 533 591 566 missarum
609 532 699 566 oneri
717 559 722 572 ‚
748 538 781 565 ut
810 532 913 573 infra,
939 533 1136 577 imponendo
1153 562 1160 575 ,

423 585 750 630 plene-satisfecerit,
774 586 905 620 servatis
926 586 1044 630 regulis
1063 597 1159 632 prae-

424 638 534 679 dictis,
558 648 626 672 eam
649 649 808 672 summam
831 639 1041 681 t1·ibuerent³,
1066 651 1162 684 quam

425 692 455 725 in
478 691 571 725 dictis
594 692 713 735 regulis
736 692 993 726 distribuendam
1014 703 1082 726 esse
1101 699 1164 727 sta-

425 750 538 778 lueret.

470 799 486 840 5
513 798 560 832 13.
584 798 818 842 Cappellaniis⁴
839 799 972 842 singulis
992 792 1165 844 praedictis

425 862 507 884 onus
529 850 643 886 missac
657 851 866 896 quotidianae
880 852 1092 886 celebrandae
1104 853 1164 886 im-

423 904 541 948 posuit,
569 915 664 948 quam
684 904 800 947 singuli
817 915 881 949 per.
895 905 1027 950 seipsos,
1051 906 1081 939 et
1100 917 1164 939 non

423 967 482 1002 per
498 957 578 990 alios
596 957 804 1001 interpositos
821 959 1015 1001 sacerdotes,
1029 959 1167 993 celebra--

423 1016 506 1051 rent,
522 1010 582 1044 hac
601 1017 707 1044 tamen
729 1011 957 1053 declaratione,
973 1018 1009 1045 ut
1029 1023 1093 1046 uno
1114 1013 1165 1046 die

426 1063 582 1108 cuiusque
599 1063 823 1098 hebdomadae
841 1075 875 1098 ex
895 1065 1001 1109 aliqua
1022 1065 1165 1108 legitima

423 1118 517 1150 causa
535 1127 649 1150 vacare
665 1118 800 1162 possint,
813 1119 991 1152 dummodo
1006 1119 1080 1152 alibi
1097 1119 1166 1153 mis-

423 1180 477 1204 sae
497 1170 690 1204 sacrificium
712 1181 776 1204 non
808 1171 941 1213 saciant,
966 1178 1013 1213 et,
1037 1173 1060 1206 si
1083 1174 1165 1207 forte

423 1223 521 1267 aliqui
551 1224 589 1257 ad
623 1230 748 1268 tempus
776 1225 822 1258 vel
850 1231 1009 1269 perpetuo
1037 1226 1162 1260 detine-

423 1284 537 1312 rentur
558 1279 791 1323 impedimento
810 1279 984 1324 quominus
1002 1281 1165 1316 celebrare

422 1338 574 1376 possent,
605 1339 680 1367 tunc
704 1344 762 1377 per
784 1335 864 1367 alios
890 1336 1072 1370 saeculares
1090 1336 1162 1370 ido-

423 1397 568 1431 neosque
588 1388 771 1422 sacerdotes
798 1399 879 1422 onus
907 1390 1093 1433 explerent:
1126 1391 1183 1424 ab*

424 1441 472 1475 liis
490 1441 716 1486 exciperentur
734 1441 811 1483 dics,
832 1443 949 1486 quibus
966 1454 1002 1477 ex
1020 1445 1164 1479 rubrica-

424 1507 495 1529 rum
515 1496 714 1540 praescripto
735 1497 784 1531 vel
805 1497 965 1531 Ecclesiae
981 1498 1166 1533 Ambrosia-

424 1560 484 1583 nae
509 1555 638 1594 recepto
664 1555 694 1583 ct
718 1550 897 1594 approbato
918 1550 982 1584 ritu
1008 1550 1166 1586 celebrari

423 1603 556 1636 vetitum
575 1609 619 1636 est
632 1631 639 1644 ,
661 1603 708 1636 vel
726 1613 789 1636 una
808 1609 929 1637 tantum
951 1604 1046 1638 missa
1064 1606 1166 1649 quali-

425 1657 478 1690 bet
495 1657 525 1690 in
544 1656 676 1690 ecclesia
696 1657 890 1691 celebranda
915 1664 979 1699 cst,
998 1658 1071 1692 item
1099 1659 1166 1693 dies

425 1710 611 1744 litaniarum
638 1711 800 1744 minorum
818 1711 838 1752 ⁵,
874 1718 905 1745 et
929 1722 1001 1745 cum
1027 1714 1162 1747 sanctis-

424 1765 542 1798 simum
569 1765 789 1798 Eucharistiae
815 1765 1082 1807 Sacramentum,
1110 1778 1165 1800 scu

424 1818 646 1852 sanctissimus
670 1818 798 1852 Domini
831 1819 930 1853 nostri
956 1820 1025 1853 Iesu
1051 1819 1165 1854 Christi

425 1872 538 1906 Clavus
562 1882 622 1917 pro
651 1871 797 1906 oratione
825 1872 1038 1916 quadraginta
1063 1873 1162 1907 hora-

426 1937 497 1959 rum
516 1926 547 1959 in
565 1925 680 1959 maiori
699 1925 803 1959 dictae
820 1926 974 1960 ecclesiae
991 1927 1083 1960 altari
1097 1938 1167 1972 pro-

425 1979 549 2024 positus
567 1985 630 2021 est,
652 1985 684 2013 et
709 1979 849 2023 denique
873 1990 946 2013 cum
973 1980 1027 2013 alii
1052 1989 1163 2014 sacer-

426 2034 516 2067 dotes
536 2044 571 2067 ex
593 2033 703 2077 quavis
724 2035 819 2067 causa
843 2034 1007 2068 celebrare
1027 2045 1091 2068 non
1111 2036 1165 2070 de-

426 2086 512 2119 bent.
541 2086 580 2119 Ut
606 2091 711 2119 autem
746 2087 942 2131 cappellanis
970 2087 1163 2131 praedictis,

427 2139 466 2172 ad
491 2139 616 2173 animos
641 2140 850 2173 relaxandum
878 2146 908 2173 et
942 2140 1083 2185 propriis
1108 2141 1165 2175 do-

428 2194 632 2238 mesticisque
650 2194 745 2227 rebus
763 2195 1015 2236 consulendum,
1035 2195 1166 2239 aliquod

429 2247 584 2291 temporis
600 2247 738 2291 spatium
758 2248 860 2288 daret,
873 2247 993 2282 eisdem
1011 2248 1166 2293 permisit,

428 2302 515 2345 quod
542 2301 609 2335 dies
634 2301 869 2345 quinquaginta
887 2301 918 2334 in
940 2312 1046 2344 anno,
1070 2302 1165 2336 etiam

427 2354 628 2400 interpolatis
643 2354 766 2396 dicbus,
781 2355 891 2389 abesse
905 2355 1058 2398 valerent,
1070 2356 1166 2389 modo

464 2465 472 2489 1
499 2462 657 2490 Particuhm
673 2465 697 2490 et
714 2461 793 2489 etiam
809 2461 933 2489 addimus
948 2464 983 2496 (n.
996 2462 1045 2497 τ.).

461 2508 478 2534 2
498 2507 623 2542 Legimus
653 2507 835 2542 perciperent
865 2506 923 2534 loco
952 2508 1168 2543 perciperentur

430 2554 463 2579 ἠ.
478 2559 502 2578 τ,
521 2573 526 2578 .

428 2569 431 2582 i
461 2597 477 2624 3
498 2552 567 2623 fidit.
584 2595 663 2622 Main.
681 2596 744 2631 legit
759 2596 897 2623 tribueret
911 2598 946 2631 (a.
967 2597 1015 2630 T.).

462 2641 476 2666 A
497 2641 589 2676 Aptius
608 2640 697 2667 forsan
713 2640 849 2676 legeretur
866 2640 1033 2675 Capellanis
1047 2642 1085 2676 (n,
1101 2641 1148 2675 τ.).

462 2686 477 2712 5
497 2685 551 2712 Nisi
569 2685 627 2720 quis
643 2685 717 2713 malit
733 2685 823 2721 legere
840 2685 986 2714 maiorum
1000 2686 1038 2721 (a.
1059 2686 1108 2721 r).

998 273 1179 298 nULLARtUM
1205 274 1357 299 nonANUM

1202 2676 1286 2710 iliius
1305 2676 1440 2711 tabellae
1454 2675 1677 2710 observatione
1691 2674 1818 2717 exemit,
1830 2674 1862 2709 in
1876 2684 1940 2719 qua

1951 278 1999 304 An.
2016 277 2043 305 c.
2066 278 2131 307 1608

1196 321 1319 356 interea
1342 333 1399 367 per
1419 323 1498 357 alios
1521 325 1705 359 sacerdotes
1722 325 1836 359 missae
1853 326 1934 360 cele·
2190 317 2199 339 '⁵

1196 375 1335 409 brationi
1360 376 1543 410 satisfacere
1561 387 1624 411 non
1647 378 1841 412 omitterent.

1242 430 1258 471 ξ
1285 428 1336 461 14.
1360 429 1418 463 Sex
1437 429 1468 462 lii
1488 430 1665 474 cappellani
1692 431 1730 464 de
1755 431 1934 474 praedicto·
1994 449 2132 475 Cas-petimen
2148 455 2165 462 ’-

1197 492 1267 514 rum
1290 481 1457 516 doctorum
1482 493 1618 517 numero
1636 483 1880 517 desumerentur
1896 485 1935 518 ad
1951 476 2134 529 fiffgssttffl‘ffffss'sssssli

1197 535 1428 580 praescriptum
1451 537 1557 579 legum
1581 543 1612 570 ct
1633 537 1817 580 regularum
1837 548 1933 582 prae-
1951 529 2067 556 ps³⁰⁰⁰¹'³''
2165 531 2174 534 .,

1198 587 1380 630 dictarum,
1414 589 1605 623 electionem
1637 600 1846 633 personarum
1876 589 1936 623 sibi
2137 597 2203 644 j

1198 640 1330 682 viventi,
1352 647 1392 683 et,
1417 647 1487 685 post
1509 642 1578 676 eius
1598 642 1734 683 obitum,
1758 652 1933 676 conserva·
2154 651 2156 655 ·

1200 694 1322 728 toribus
1346 695 1468 729 eisdem
1493 701 1651 739 perpetuo
1669 694 1858 736 reservavit;
1879 706 1935 728 ex-

1198 758 1307 790 presse
1331 747 1498 789 inhibens,
1537 759 1577 782 ne
1605 748 1736 782 alterius
1765 747 1939 782 saecularis

1199 801 1246 833 vel
1271 801 1428 844 regularis
1445 801 1572 836 Ordinis
1594 802 1777 836 sacerdotes
1797 812 1939 836 assume-

1200 859 1320 896 rentur,
1345 861 1384 896 et,
1409 855 1464 888 ubi
1485 866 1576 890 secus
1593 856 1694 897 fieret,
1716 865 1939 900 quaecumque

1199 907 1313 941 electio
1331 908 1373 941 ita
1390 909 1479 942 nulla
1496 914 1526 942 et
1540 909 1680 943 invalida
1697 915 1789 950 esset,
1803 914 1837 943 ut
1849 919 1939 943 num-

1200 971 1294 1004 quam
1317 961 1559 1005 suffragaretur.

1244 1014 1259 1058 ᾖ
1280 1013 1331 1047 15.
1352 1014 1539 1059 Cappellani
1560 1015 1757 1050 indumentis
1782 1016 1935 1051 sacerdo·

1200 1066 1315 1100 talibus
1340 1067 1371 1100 in
1397 1067 1540 1101 sacristia
1564 1068 1744 1112 aquilonari
1765 1068 1885 1110 induti,
1906 1069 1937 1102 in

1199 1120 1331 1164 proprio
1356 1120 1500 1155 eiusdem
1524 1127 1653 1156 sanctae
1677 1121 1795 1156 Mariae
1816 1122 1855 1156 de
1879 1123 1937 1156 Ar-

1200 1173 1278 1207 bore
1304 1174 1397 1208 altari
1422 1185 1550 1219 semper
1574 1175 1784 1217 celebrarent,
1804 1175 1867 1209 nisi
1893 1181 1938 1210 ta-

1200 1237 1273 1260 men
1302 1227 1476 1271 aliquando
1513 1228 1553 1262 ob
1591 1229 1722 1273 aliquod
1756 1229 1940 1263 inevitabile
2080 1253 2094 1261 .

1200 1279 1469 1324 impedimentum
1489 1281 1538 1315 vel
1559 1287 1727 1325 urgentem
1745 1293 1874 1316 causam
1891 1293 1940 1316 sa-

1200 1335 1295 1369 crista
1316 1346 1445 1370 necesse
1466 1336 1627 1379 iudicarit,
1647 1338 1773 1382 aliquos
1794 1348 1830 1372 ex
1847 1338 1940 1374 dictis

1200 1390 1397 1434 cappellanis
1425 1391 1464 1424 ad
1494 1391 1555 1424 alia
1579 1391 1693 1425 altaria
1716 1392 1815 1437 ipsius
1838 1394 1940 1428 eccle-

1199 1444 1264 1477 siae
1284 1444 1549 1479 transmittendos
1571 1455 1649 1487 esse,
1670 1456 1734 1490 quo
1755 1457 1841 1488 casn,
1861 1457 1897 1481 ac
1914 1447 1938 1481 si
1980 1472 1984 1479 .

1200 1497 1231 1530 in
1259 1497 1392 1542 proprio
1421 1498 1623 1532 celebrarent
1648 1499 1739 1532 altari
1763 1510 1936 1534 censeren-

1201 1556 1266 1584 tur:
1289 1561 1384 1595 quem
1405 1558 1511 1585 tamen
1530 1552 1695 1586 sacristam
1714 1560 1832 1596 monet,
1846 1559 1881 1588 ut
1894 1565 1940 1588 sa-

1200 1605 1346 1638 cerdotes
1368 1605 1407 1638 ad
1427 1605 1551 1650 reliqua
1581 1606 1693 1640 altaria
1714 1606 1756 1640 ita
1776 1607 1936 1652 disponat,

1200 1664 1234 1692 ut
1255 1659 1316 1692 hoc
1340 1658 1452 1692 beatae
1470 1658 1610 1702 Virginis
1636 1659 1675 1693 ab
1703 1661 1772 1694 aliis
1800 1672 1896 1705 quam
1922 1673 1943 1696 a·

1201 1712 1364 1745 destinatis
1382 1713 1578 1757 cappellanis
1599 1714 1731 1748 minime
1749 1721 1935 1759 occupetur.

1200 1766 1246 1807 Et,
1270 1765 1423 1810 quoniam
1443 1766 1620 1810 cappellani
1639 1767 1794 1811 praedicti
1811 1778 1847 1802 ex
1865 1769 1939 1803 dicti

1201 1819 1328 1862 collegii
1349 1829 1486 1853 numero
1504 1820 1706 1862 desumendi,
1726 1826 1760 1854 ut
1777 1832 1884 1866 supra,
1904 1830 1941 1856 ex

1201 1872 1300 1917 ipsius
1324 1873 1450 1915 collegii
1472 1873 1648 1918 praecipuo
1674 1873 1818 1908 instituto
1838 1874 1871 1908 in
1891 1875 1940 1909 di-

1200 1926 1298 1960 versis
1325 1926 1531 1960 scientiarum
1556 1933 1586 1960 et
1614 1927 1850 1971 professionum
1875 1933 1941 1962 stu-

1201 1980 1272 2021 diis,
1293 1979 1522 2023 scriptionibus
1540 1986 1571 2013 et
1591 1980 1879 2023 lucubrationibus,
1906 1987 1941 2016 ut

1200 2043 1313 2077 supra,
1338 2033 1456 2066 versari
1486 2038 1517 2066 et
1533 2033 1670 2075 assidue
1691 2033 1866 2077 defatigare
1889 2040 1937 2069 te-

1201 2092 1339 2126 nentur,
1361 2096 1415 2119 eos
1439 2092 1470 2119 et
1495 2096 1606 2120 eorum
1633 2087 1810 2130 quemlibet
1833 2098 1851 2121 a
1875 2098 1937 2132 pu-

1201 2139 1294 2173 blicis
1312 2139 1549 2179 sunctionibus,
1572 2140 1697 2174 actibus
1721 2140 1941 2183 collegialibus

1202 2193 1289 2234 cleri,
1310 2193 1635 2238 processionibusque
1653 2199 1683 2227 ct
1700 2194 1940 2238 supplicationi-

1202 2248 1259 2280 bus
1280 2247 1484 2290 generalibus
1502 2248 1547 2280 rel
1569 2247 1762 2291 specialibus
1777 2275 1784 2289 ,
1807 2247 1941 2292 aliisque

1201 2300 1412 2335 conventibus
1430 2306 1459 2334 et
1476 2300 1701 2344 congressibus
1719 2301 1894 2335 declaravit
1910 2307 1942 2336 ct

1201 2355 1361 2396 declarat,
1385 2354 1479 2388 salvis
1500 2354 1729 2398 infrascriptis,
1753 2361 1938 2399 exemptos3

1201 2414 1232 2442 et
1250 2414 1355 2442 tamen
1374 2408 1525 2442 omnibus
1543 2415 1573 2442 et
1594 2408 1852 2453 quibuscumque
1869 2408 1938 2453 pri-

1200 2461 1341 2505 vilegiis,
1366 2461 1644 2502 immunitatibus,
1669 2461 1937 2506 exemptionibus,

1201 2515 1475 2561 praeeminentiis,
1498 2522 1527 2549 et
1559 2514 1790 2560 praerogativis
1815 2515 1940 2558 gaude-

1201 2575 1283 2611 rent,
1300 2575 1331 2603 et
1347 2569 1538 2614 potirentur,
1552 2574 1648 2613 prout
1665 2568 1717 2602 alii
1735 2568 1940 2602 ecclesiastici

1202 2623 1342 2665 gaudere
1364 2629 1391 2656 et
1414 2622 1510 2666 potiri
1531 2622 1652 2655 solent:
1674 2631 1711 2654 ac
1721 2626 1887 2665 praeterea
1900 2621 1939 2654 ab

1967 1033 2076 1060 Lug-esque
2086 1038 2136 1054 non·
2160 1023 2163 1026 ,

1953 1061 2020 1107 pallas
2035 1060 2066 1081 eis
2083 1059 2136 1081 indi·
2159 1077 2163 1080 .
