2227 3241
257 304 303 328 Λη.
323 302 349 328 e⁴
378 302 443 328 tssoss
494 293 554 324 ‘180

1031 304 1212 327 nULLAntttM
1237 303 1390 328 ROMANUM

454 359 481 385 et
503 352 583 383 intra
610 357 733 394 tempus
753 361 769 382 a
792 350 859 382 iure
873 355 1026 383 statutum
1048 351 1094 383 vel
1123 351 1192 384 fun-
1208 352 1211 388 l
1226 352 1421 385 absolvendi:
1451 364 1486 385 ac
1512 364 1583 386 eum
1606 354 1660 394 cis,
1685 361 1714 386 et
1735 365 1866 398 prorsus
1890 367 1961 388 cum

454 404 581 436 datione
616 409 670 435 :uit
699 403 775 435 alias
805 403 992 447 requisitum
1019 415 1051 436 se
1077 405 1115 436 ad
1145 393 1391 455 sa-Jquibusvis
1408 406 1477 439 aliis
1498 407 1623 439 clericis
1647 413 1677 440 et
1701 409 1846 451 personis
1863 410 1964 442 eccle-

453 456 629 488 cerdotinm
650 456 831 500 promoveri
851 467 914 489 non
933 457 1076 495 fecerint,
1098 457 1192 501 quive
1226 458 1360 491 siasticis
1380 469 1477 502 super
1497 470 1702 503 quacumque
1717 460 1963 503 irregularitate,

453 509 605 541 beneficia
639 509 851 542 ecclesiastica
886 516 998 543 contra
1028 510 1189 543 Constitu-

453 563 570 594 tionem
599 562 698 595 l'elicis
725 563 955 596 recordationis
987 564 1113 596 loannis
1134 565 1191 597 Pa-

451 625 510 659 pae
550 616 627 648 xxtl
668 616 923 659 praedecessoris
956 617 1075 656 nostri,
1110 628 1192 661 quae

453 669 563 712 incipit
592 669 825 704 Eewcrabilisk
855 676 905 701 aut
940 670 1018 702 alias
1051 671 1193 704 indebite

452 721 668 762 retinuerint,
693 722 815 754 etiamsi
852 723 931 765 ipsi,
960 734 995 755 ac
1017 724 1110 756 etiam
1138 724 1191 756 alii

452 776 647 820 quicumque
665 788 698 809 ex
715 777 784 809 aliis
802 777 1061 821 quibuscumque
1076 778 1189 819 causis,

452 831 571 863 fructus
597 830 828 863 ecclesiasticos
854 824 1017 871 indebite,
1053 837 1081 864 et
1114 842 1192 875 quo-

453 885 690 927 modocumque
720 884 942 927 perceperint,
967 890 997 917 et
1028 890 1193 928 praeterea

452 947 525 977 eos,
549 936 604 980 qui
626 937 832 977 adulteritum
858 937 1033 977 incestum,
1057 938 1189 971 sacrile-

452 990 550 1031 gium,
581 989 825 1023 fornicationem
853 996 882 1023 et
907 990 992 1024 aliud
1014 991 1192 1034 quodcum-

452 1054 515 1086 que
535 1049 700 1087 peceatum
717 1043 820 1076 carnis
839 1045 1107 1087 perpetraverint·,
1123 1055 1194 1077 nec-

451 1106 516 1128 non
542 1096 722 1129 litterarum
757 1102 787 1129 et
815 1097 1087 1140 supplicationum
1115 1107 1192 1141 apo-

452 1149 638 1182 stolicarum
662 1150 817 1190 falsarios,
838 1151 1012 1191 usurarios,
1035 1157 1190 1194 raptores,

454 1202 680 1240 incendiarios,
702 1208 729 1235 et
752 1203 888 1236 aliorum
912 1214 1194 1248 quorumcumque

453 1254 625 1287 criminum
648 1255 687 1287 ad
713 1255 817 1288 sorum
840 1256 1091 1289 ecclesiasticum
1113 1267 1192 1301 per-

454 1309 624 1342 tinentium
642 1319 724 1349 reos,
743 1315 805 1342 tam
824 1310 958 1343 clericos
969 1321 1065 1354 quani
1085 1310 1193 1351 laicos,

452 1364 476 1396 si
502 1363 563 1397 hoc
584 1375 601 1397 a
624 1369 651 1397 te
672 1364 837 1397 humiliter
857 1364 1024 1408 petierint3
1053 1364 1191 1397 homici-

453 1418 508 1450 das
535 1418 739 1460 voluntarios,
754 1417 912 1458 videlicet,
937 1428 973 1451 ac
991 1417 1021 1450 in
1039 1418 1194 1462 susceptis

453 1471 621 1504 ordinibus
642 1471 837 1504 simoniacos
855 1472 1000 1511 clericos,
1021 1472 1066 1505 eis
1086 1472 1125 1504 ab
1143 1472 1191 1504 al-

453 1525 528 1558 taris
549 1525 726 1558 ministerio
743 1531 898 1569 perpetuo
916 1525 1087 1569 suspensis,
1116 1525 1195 1559 alios

452 1589 528 1612 vero
553 1579 708 1611 simoniae
730 1579 799 1611 labe
825 1579 994 1612 occasione
1020 1579 1193 1612 beneficio-

454 1642 523 1666 rum
551 1632 696 1672 infectos,
725 1631 889 1664 beneficiis
910 1632 985 1675 ipsis
1010 1632 1098 1676 prius
1122 1642 1194 1665 rea-

453 1686 526 1718 liter
547 1685 698 1725 dimissis,
721 1690 762 1724 ct,
780 1684 834 1727 qui
860 1686 979 1717 fructus
1005 1684 1194 1718 ecclesiasti-

454 1750 507 1772 cos
529 1739 670 1771 indebite
692 1739 905 1782 perceperint,
927 1738 999 1779 illis,
1021 1749 1080 1782 pro
1101 1740 1195 1771 sacul-

453 1798 516 1825 tate
535 1792 790 1837 impetrantium,
812 1792 946 1825 arbitrio
972 1798 1026 1826 tuo
1053 1793 1194 1826 ecclesiis

454 1851 484 1879 et
504 1845 583 1879 locis
599 1873 605 1886 ,
619 1846 714 1891 ⁸unde
736 1846 870 1889 profecti
895 1851 990 1886 sunt,
1015 1846 1168 1879 restitutis
1183 1874 1190 1888 ‚

454 1900 500 1932 vel
524 1899 555 1932 in
581 1909 740 1943 pauperes
758 1899 908 1941 erogatis,
928 1900 975 1932 vel
1002 1899 1095 1932 etiam
1118 1899 1194 1943 ipsis

455 1952 702 1996 impetrantibus
731 1952 762 1984 in
792 1957 860 1986 toto
884 1953 931 1985 vel
958 1952 989 1985 in
1018 1958 1109 1996 parte
1138 1963 1191 1986 re-

455 2006 581 2044 missis3
607 2016 733 2038 necnon
755 2010 937 2049 apostatas,
961 2010 1130 2049 postquam
1154 2006 1192 2039 ad

454 2059 536 2092 ovile
556 2059 724 2098 redierint,
747 2059 805 2099 vel,
826 2059 849 2091 si
872 2059 1044 2092 necessitas
1064 2065 1118 2092 aut
1137 2059 1194 2091 uti-

453 2112 525 2144 litas
545 2112 765 2155 postulaverit,
786 2113 825 2145 ad
843 2112 922 2145 alios
942 2112 1076 2146 Ordines
1101 2123 1194 2156 pares

453 2168 501 2199 vel
516 2165 898 2204 strictiorest1·ansierint;
914 2172 942 2199 et
956 2176 1089 2209 prorsus
1103 2177 1195 2210 quos-

455 2230 593 2263 cumque
612 2218 691 2251 alios
710 2218 740 2250 in
762 2218 912 2252 omnibus
937 2225 967 2252 et
986 2219 1195 2262 quibuscum-

454 2284 516 2317 que
537 2273 606 2306 aliis
627 2273 772 2312 casibus,
797 2273 891 2305 ctiam
914 2273 1018 2306 dictae
1043 2273 1116 2307 Sedi
1144 2285 1194 2306 re-

453 2327 585 2360 servatis
595 2328 670 2370 (non
683 2328 789 2359 tamen
801 2326 878 2358 alias
889 2326 1047 2359 contentis
1064 2327 1095 2359 in
1114 2326 1196 2360 litte-

454 2380 497 2413 ris
511 2380 562 2413 die
575 2380 697 2413 Coenae
712 2379 836 2412 Domini
855 2379 915 2421 legi
935 2379 1119 2422 consuetis),
1137 2390 1195 2413 nee

454 2444 519 2467 non
540 2432 895 2473 excommunicationis,
917 2433 1051 2476 aliisque
1068 2438 1195 2466 senten-

456 2486 517 2526 tiis,
545 2485 689 2519 censuris
714 2491 745 2519 et
769 2485 880 2529 poenis
906 2486 1141 2527 ecclesiasticis,
1166 2491 1196 2519 et

455 2539 699 2583 temporalibus,
723 2549 802 2582 quas
822 2544 995 2582 propterea
1014 2540 1196 2583 quomodo-

457 2593 531 2626 libet
553 2593 768 2633 incurrerint,
792 2593 887 2626 etiam
910 2593 940 2626 in
966 2599 1104 2637 utroque
1126 2594 1195 2627 foro

493 2708 502 2734 1
527 2707 602 2739 Quae
623 2707 647 2734 in
670 2707 804 2736 Rullario
824 2688 878 2736 non
900 2710 941 2734 est
956 2708 1050 2742 (n.T.).

1227 521 1284 554 per
1307 521 1361 543 eos
1383 512 1459 554 (non
1484 518 1588 544 tamen
1610 513 1778 546 occasione
1799 514 1963 547 homicidii

1228 565 1395 597 voluntarii
1430 565 1477 598 vel
1509 565 1688 608 bigamiae)
1721 567 1966 610 quomodolibet

1226 612 1420 658 contractffl,
1444 619 1566 651 etiamsi
1594 618 1651 662 ipsi
1678 619 1820 652 censuris
1849 619 1961 652 liuius-

1228 671 1312 704 modi
1335 671 1379 704 sic
1407 671 1490 713 ligati
1515 672 1626 705 missas
1658 678 1687 705 et
1710 673 1771 705 alia
1791 672 1898 705 divina
1918 674 1965 706 os-

1228 724 1298 756 licia
1316 725 1393 765 (non
1412 730 1516 757 tamen
1531 725 1562 757 in
1577 730 1797 768 contemptum
1816 725 1965 767 clavium)

1227 777 1469 817 celebraverint,
1492 777 1538 810 vel
1560 778 1637 811 alias
1657 789 1689 810 se
1714 788 1747 810 se
1774 778 1888 811 divinis
1909 779 1965 811 im—

1228 829 1416 863 miscuerint
1443 830 1499 874 [ita
1517 836 1548 863 ut
1572 831 1716 864 nondum
1735 831 1874 875 promoti
1896 842 1966 865 om-

1227 892 1282 915 ncs
1302 883 1398 916 etiam
1413 893 1521 917 sacros
1543 889 1573 917 et
1593 885 1824 928 presbiteratus
1838 884 1967 918 ordines

1226 936 1405 980 suscipere,
1431 948 1467 969 ac
1489 943 1550 970 tam
1571 937 1628 981 ipsi
1648 948 1743 981 quam
1770 937 1823 970 alii
1855 938 1887 970 in
1913 949 1966 971 su-

1227 990 1342 1033 sceptis
1362 990 1456 1023 etiam
1480 991 1510 1023 in
1529 991 1638 1024 altaris
1659 991 1837 1024 ministerio
1856 991 1967 1025 minis-

1228 1047 1323 1083 trare,
1347 1037 1384 1076 ac
1413 1055 1637 1088 quaecumque
1666 1050 1696 1077 et
1720 1045 1968 1089 qualiacumque

1227 1095 1383 1129 beneficia
1412 1097 1626 1130 ecclesiastica
1653 1108 1725 1130 cuin
1751 1100 1827 1131 eura
1853 1104 1883 1131 et
1899 1099 1968 1132 sine

1227 1151 1302 1181 curii
1320 1177 1326 1189 ,
1355 1150 1636 1194 qualitercumque
1663 1150 1846 1194 qualificata
1864 1151 1968 1195 (quae

1229 1208 1333 1235 tamen
1352 1203 1445 1246 plura
1461 1213 1526 1236 non
1544 1203 1617 1245 sint,
1634 1214 1730 1248 quam
1747 1214 1829 1247 quae
1849 1214 1865 1236 a
1887 1204 1967 1237 Con-

1227 1255 1302 1289 cilio
1322 1256 1510 1289 Tridentino
1535 1256 1787 1300 permittuntur)
1808 1256 1964 1300 recipere,

1228 1309 1349 1353 illaque
1374 1315 1404 1342 et
1428 1320 1487 1353 per
1513 1320 1566 1343 eos
1592 1310 1722 1343 obtenta
1752 1310 1892 1344 retinere
1923 1310 1964 1343 li-

1228 1362 1303 1395 bere
1330 1368 1359 1396 et
1391 1362 1476 1396 licite
1508 1363 1672 1406 valeant];
1702 1373 1738 1396 ac
1763 1374 1860 1406 super
1885 1364 1967 1396 male

1229 1416 1354 1456 ablatis,
1376 1422 1406 1449 et
1430 1416 1563 1449 retentis
1587 1417 1719 1449 incertis
1741 1417 1843 1459 (sacta
1863 1417 1963 1460 prius,

1228 1469 1252 1502 si
1282 1476 1312 1502 et
1340 1476 1435 1513 prout
1455 1470 1584 1514 poterit,
1606 1470 1713 1503 debita
1739 1470 1968 1513 satisfactione)

1229 1523 1452 1567 dispensandi3
1474 1529 1504 1557 et
1531 1523 1570 1556 ab
1599 1523 1644 1557 eis
1673 1523 1808 1566 aliisque
1838 1525 1967 1568 praedi-

1229 1577 1287 1609 ctis
1304 1587 1433 1610 omnem
1453 1577 1662 1611 inhabilitatis
1687 1584 1718 1612 et
1736 1578 1884 1612 infamiae
1902 1589 1969 1611 ma-

1229 1631 1332 1663 culam
1361 1631 1425 1663 sive
1451 1636 1571 1671 notam,
1596 1638 1709 1664 contra
1727 1643 1780 1666 eos
1801 1632 1968 1675 insurgen-

1229 1690 1312 1722 tem,
1337 1684 1462 1727 penitus
1482 1684 1653 1724 abolendi,
1683 1690 1708 1717 et
1738 1684 1769 1717 in
1794 1685 1967 1728 pristinum

1228 1743 1343 1769 statum
1372 1738 1572 1770 restituendi.

1273 1792 1289 1832 ξ
1316 1790 1344 1823 7.
1375 1792 1417 1823 Ac
1442 1786 1606 1834 quibusvis
1636 1791 1665 1824 in
1698 1797 1802 1824 aetate
1826 1792 1969 1833 legitima

1228 1844 1425 1883 constitutis,
1450 1855 1485 1877 ac
1505 1845 1582 1877 alias
1603 1844 1758 1886 idoneis²,
1778 1850 1813 1878 ut
1836 1846 1874 1878 ad
1893 1855 1966 1878 om-

1228 1907 1294 1936 nes,
1318 1903 1359 1937 ct,
1384 1897 1438 1940 qui
1460 1903 1682 1941 competenter
1702 1897 1883 1931 beneficiati
1902 1899 1969 1931 sue-

1229 1951 1292 1983 rint
1322 1951 1368 1984 vel
1402 1951 1497 1984 etiam
1530 1951 1609 1994 (ubi
1642 1956 1672 1984 et
1703 1952 1909 1985 ecclesiarum
1939 1958 1970 1985 et

1228 2005 1373 2037 locorum
1396 2005 1568 2038 necessitas
1589 2011 1643 2038 aut
1669 2006 1789 2038 utilitas
1810 2005 1841 2038 id
1861 2016 1969 2039 suase-

1229 2058 1291 2100 rit)
1317 2058 1356 2091 ad
1378 2057 1502 2090 titulum
1523 2057 1720 2102 patrimonii,
1743 2058 1836 2091 etiam
1857 2059 1895 2091 ad
1914 2068 1967 2091 sa-

1229 2122 1300 2144 eros
1324 2117 1365 2144 et·
1379 2112 1616 2155 presbyteratus
1637 2111 1765 2145 ordines
1789 2122 1808 2144 a
1835 2122 1892 2145 suo
1913 2111 1970 2145 Or-

1229 2164 1355 2197 dinario
1381 2165 1413 2197 in
1438 2165 1560 2198 unitate
1587 2165 1660 2198 fidei
1690 2170 1720 2197 et
1752 2164 1856 2198 dictae
1881 2165 1971 2198 Sedis

1229 2218 1412 2251 obedientia
1431 2218 1631 2262 persistente,
1652 2219 1710 2257 vel,
1728 2229 1800 2251 cum
1827 2218 1969 2252 eiusdem

1229 2278 1284 2305 aut
1313 2271 1421 2305 vicarii
1457 2272 1505 2305 sui
1540 2272 1744 2312 testimonio,
1777 2272 1920 2315 alioquin
1952 2283 1970 2306 a

1231 2335 1439 2369 quocumque
1454 2325 1625 2358 maluerint
1645 2325 1804 2358 catholico
1817 2325 1967 2365 antistite,

1230 2378 1366 2421 gratiam
1402 2384 1432 2411 et
1456 2378 1718 2411 communionem
1752 2378 1855 2410 dictae
1880 2378 1970 2411 Sedis

1230 2433 1369 2465 habente
1401 2437 1489 2466 extra
1518 2433 1695 2465 Romanam
1726 2431 1852 2465 Curiam
1882 2437 1914 2465 et
1937 2432 1969 2464 in

1230 2486 1361 2530 propria
1379 2486 1516 2519 dioecesi
1545 2486 1714 2523 residente,
1744 2485 1837 2518 etiam
1863 2486 1969 2529 quoad
2019 2532 2028 2536 N

1267 2577 1276 2602 1
1301 2575 1366 2602 Heic
1382 2575 1557 2609 subintellige
1572 2575 1769 2609 dispensandi,
1786 2574 1858 2609 quod
1873 2583 1970 2610 seque-

1231 2624 1275 2646 tur
1295 2623 1388 2654 postea
1405 2620 1440 2654 (a.
1459 2625 1509 2651 τ.).

1265 2665 1280 2691 2
1300 2663 1478 2698 Subintellige
1498 2663 1647 2691 licentiam
1668 2663 1822 2698 tribuendi,
1844 2666 1874 2690 ut
1887 2664 1969 2700 paulo

1231 2711 1292 2744 post
1311 2708 1419 2735 dicetur
1432 2707 1472 2743 (n.
1489 2709 1538 2740 T.).

2182 0 2227 58 Ψ

1980 306 2027 334 An.
2045 307 2072 334 C.
2095 307 2162 336 1608

2018 1798 2074 1818 Alias
2089 1797 2124 1818 hic
2137 1798 2167 1818 in-

1984 1824 2067 1845 dicatas
2083 1824 2167 1850 dispen-

1984 1851 2078 1872 sationes
2093 1856 2167 1872 conce-

1984 1877 2054 1898 dandi.
