2227 3241
499 315 563 350 ’706
816 344 818 346 ,
1038 319 1214 345 BULLARH'M

543 371 678 406 aliorum
702 369 895 409 eximuntur,
908 371 952 401 -et
975 368 1128 411 episeopo
1144 366 1216 427 Psi-¹

542 425 667 459 rentino
702 425 822 457 tantum
861 429 922 454 nee
959 430 1022 454 non
1056 419 1216 454 Romano-

543 477 688 511 Pontifici
723 485 780 520 pro
815 478 959 517 tempore
994 474 1143 508 existenti
1167 477 1199 507 et

545 528 747 574 Apostolicae
787 528 862 562 Sedi
885 527 1067 563 immediate
1099 525 1198 561 subii-

545 584 683 624 ciuntur,
701 581 774 615 109.

457 643 593 680 CCCLll.
624 644 790 689 Episcopis
815 641 1102 687 Herbipolensibus
1125 650 1199 675 eon·

547 699 671 733 ceditur
687 697 820 732 facultas
838 700 902 730 tre's
918 698 1123 730 canonicatus
1143 705 1201 739 pro

547 750 704 794 theologis
720 759 737 784 a
761 749 841 783 lulio
856 748 943 792 Papa
963 748 1005 781 lll
1021 751 1202 783 reservatos

547 804 734 838 conferendi
748 802 932 837 doctoribus
952 803 1031 836 iuris
1044 802 1200 844 canonici,

548 858 623 892 110.

460 918 610 955 CCCLlll.
638 918 793 954 Reduetio
825 918 864 953 ad
889 919 974 952 viam
990 917 1068 951 iuris
1085 916 1203 950 littera-

549 983 619 1008 rum
659 973 816 1007 {acuitatis
856 970 1043 1014 obbligandi
1082 970 1203 1003 fruetus

550 1036 734 1061 mensarum
766 1024 995 1069 magistralium
1021 1023 1202 1056 militarium

551 1081 582 1116 S.
608 1080 715 1115 lacobi
746 1080 786 1113 de
818 1079 946 1122 spatha,
971 1078 1010 1112 de
1036 1077 1204 1111 Alcautara

551 1139 583 1168 et
606 1134 780 1174 Calatrava,
805 1133 910 1166 clarae
934 1132 1108 1164 memoriae
1133 1130 1223 1163 Pin-1

551 1188 638 1233 lippo
662 1187 690 1221 ll
714 1188 784 1230 regi
807 1185 963 1220 catholieo
987 1183 1061 1218 olim
1077 1193 1206 1217 conces-

553 1254 618 1286 sae,
637 1244 711 1277 113.

465 1308 616 1344 CCCLlV.
634 1308 797 1342 Absolutio
815 1310 847 1340 et
863 1308 956 1339 venia
974 1304 1134 1349 generalis
1151 1314 1207 1348 pro

553 1365 716 1397 conversis
740 1371 758 1395 a
782 1360 941 1394 ludaismo
958 1359 998 1407 ad
1015 1359 1109 1392 fidem
1125 1358 1204 1391 cliri-

553 1418 812 1460 stianam,iisque
823 1417 875 1460 qui
890 1414 929 1448 al)
944 1416 982 1447 iis
997 1413 1206 1454 descendunt,

555 1472 586 1504 in
612 1470 690 1504 locis
715 1471 784 1513 regi
808 1467 1019 1511 Portugalliae
1044 1465 1207 1508 subiectis,

467 1587 603 1623 CCCLV.
629 1587 797 1630 Derogatio
821 1587 928 1619 statuti
953 1584 1082 1618 Militiae
1109 1585 1207 1617 sancti

557 1640 663 1675 iacobi
689 1640 728 1674 de
754 1639 880 1684 Spatha,
902 1638 985 1683 quod
1021 1638 1209 1671 thesaurarii

558 1705 616 1730 seu
641 1696 791 1728 sacristae
810 1692 1017 1726 eeclesiarum
1035 1691 1138 1725 dietae
1155 1691 1210 1724 Mi-

557 1749 643 1783 litiae
665 1758 720 1791 pro
745 1751 887 1790 tempore
912 1746 1096 1790 dxpulandi.
1123 1744 1209 1778 liabi-

558 1805 624 1836 tum
647 1801 778 1835 fratrum
805 1800 1040 1844 capellanorum
1066 1799 1209 1833 eiusdem

558 1854 688 1890 Militiae
713 1855 878 1898 suscipere
896 1863 956 1886 non
971 1851 1210 1894 tenemus-‚1524

471 1916 620 1953 CCCLVI.
656 1916 858 1950 lutei-dicitur
893 1914 1042 1949 fratribus
1081 1900 1231 1949 Ordinis

558 1971 673 2006 Beatae
697 1970 813 2004 Mariae
837 1969 877 2003 de
895 1969 997 2003 Monte
1015 1968 1157 2002 Cau-melo
1174 1968 1211 2002 ad

559 2025 729 2060 tribunalia
761 2023 934 2056 saecularia
966 2024 1136 2066 quominus
1166 2032 1213 2055 re-

560 2080 703 2116 currant,
729 2075 786 2109 sed
807 2074 845 2108 ad
869 2077 1005 2119 priorem
1031 2074 1213 2117 generalem

559 2130 611 2164 vel
651 2134 861 2175 protectorem
900 2126 1044 2165 Ordinis,
1086 2127 1135 2160 vel
1175 2127 1214 2161 ad

560 2194 732 2236 summum
747 2184 942 2223 Pontificem,
962 2182 1035 2215 125.

473 2246 637 2283 CCCLVlI.
662 2246 708 2280 Ne
734 2248 806 2291 quis
831 2246 861 2278 in
888 2243 976 2279 Italia
1001 2243 1144 2278 habitum
1165 2253 1216 2278 ex-

560 2303 703 2342 ternum,
736 2298 871 2332 similem
897 2299 926 2331 ei
958 2301 1218 2342 quemqgestant

563 2354 678 2389 fratres
703 2353 865 2387 reformati
886 2362 942 2386 seu
959 2351 1142 2385 discalceati
1159 2350 1216 2386 Or-

564 2408 649 2443 dinis
673 2406 885 2441 Eremitarum
910 2406 938 2438 S.
964 2405 1144 2448 Augustini,
1162 2404 1218 2438 de-

565 2461 655 2496 ferat.
690 2460 729 2495 Et
753 2469 846 2493 nemo
882 2469 921 2492 ex
947 2460 1025 2501 ipsis
1057 2457 1095 2491 ad
1121 2456 1217 2491 alium

566 2512 721 2550 Ordinem
735 2522 828 2558 quam
844 2510 1125 2545 Carthusianorutn
1138 2514 1219 2544 tran-

567 2571 644 2607 seat,
661 2567 736 2600 126.

479 2619 658 2663 CCCtytii.
698 2618 790 2660 Quod
821 2613 977 2662 personae
1008 2616 1138 2652 Ordinis
1163 2627 1219 2651 seu

569 2671 830 2717 Congregationis
844 2670 1094 2705 Coelestinorum
1110 2671 1221 2704 utrius-

571 2736 634 2774 que
663 2736 761 2762 sexus
790 2727 830 2763 ad
864 2726 925 2761 alia
954 2724 1124 2760 tribunalia
1155 2732 1221 2758 sae-

1239 320 1390 346 noussen

1321 367 1440 402 cularia
1464 368 1626 413 appellare
1651 369 1701 403 vel
1725 369 1765 403 ad
1790 369 1842 404 illa
1866 371 1973 405 confu-

1321 430 1399 464 gere
1424 422 1554 455 minime
1570 420 1706 464 valeant,
1722 422 1795 456 127.

1233 472 1384 508 CCCLIX.
1404 473 1600 518 Appi-obatio
1615 477 1802 509 statutorum
1819 474 1975 509 editorum

1323 526 1363 561 ab
1380 525 1502 562 Ordine
1519 527 1651 562 fratrum
1666 526 1780 562 beatae
1800 528 1919 562 Mariae
1935 527 1976 562 de

1322 579 1471 614 Mercede
1495 580 1736 625 Redemptionis
1760 580 1975 626 Captivorum,

1323 634 1362 668 ad
1373 634 1633 668 reformationem
1641 636 1743 678 ipsius
1752 633 1893 676 Ordinis,
1901 632 1975 668 128.

1235 695 1372 731 CCCLX.
1398 695 1597 740 Praeseripta
1614 696 1712 730 forma
1729 696 1976 741 appellationum

1324 750 1627 794 interponendarum
1653 759 1669 784 a
1701 749 1851 784 fratribus
1875 749 1978 785 Ordi-

1325 805 1374 837 nis
1408 803 1617 837 Eremitarum
1653 804 1754 837 sancti
1785 803 1978 846 Augustini,

1325 856 1512 902 prohibetur
1543 857 1713 901 quominus
1744 860 1911 890 recurrant
1938 855 1978 890 ad

1326 909 1495 944 tribunalia
1520 909 1709 952 saecularia,
1728 909 1801 943 135.

1238 972 1389 1007 CCCLXl.
1425 972 1471 1006 De
1496 972 1616 1006 ambitu
1652 971 1802 1006 fratribus
1833 972 1981 1006 Eremitis

1327 1025 1458 1061 Ordinis
1483 1028 1584 1060 saneti
1605 1025 1775 1068 Augustini
1801 1025 1980 1067 interdicto,

1327 1081 1401 1114 136.

1241 1143 1407 1179 CCCLXll.
1434 1143 1648 1186 Praescriptio
1672 1142 1802 1184 formae,
1827 1150 1890 1186 qua
1921 1139 1982 1176 Oi·-

1329 1197 1422 1231 dines
1445 1195 1622 1239 Regulares
1644 1198 1678 1229 et
1701 1194 1982 1228 Confraternitates

1329 1249 1511 1283 saeculares
1537 1249 1576 1283 de
1602 1251 1728 1282 caetero
1744 1249 1790 1282 uti
1815 1247 1982 1282 debentin

1331 1304 1494 1346 erigendis
1511 1307 1549 1336 et
1569 1302 1784 1346 aggregandis
1801 1301 1984 1345 Congrega-
2046 1312 2049 1313 ⁷

1332 1357 1471 1392 tionibus
1496 1360 1526 1390 et
1541 1354 1878 1397 Confraternitatibus,
1903 1358 1935 1388 et
1951 1357 1982 1389 in

1332 1413 1619 1447 communicatione
1649 1420 1777 1445 suarum
1810 1409 1982 1453 indulgen-

1332 1469 1446 1501 tiarum
1479 1469 1510 1499 et
1533 1464 1741 1507 indultorum,
1767 1464 1987 1508 eleemosyna-

1333 1528 1469 1564 rumque
1494 1518 1696 1560 collectione,
1714 1521 1745 1551 et
1768 1517 1986 1551 confessorum

1333 1573 1498 1613 electione,
1516 1571 1589 1605 138.

1246 1635 1428 1671 CCCLXlll.
1454 1635 1609 1668 Statutum
1635 1637 1669 1667 ut
1693 1632 1865 1677 capitulum
1891 1641 1989 1677 gene-

1333 1689 1399 1722 rale
1424 1686 1556 1722 Ordinis
1580 1686 1801 1720 Cistereiensis
1830 1685 1988 1729 regularis

1336 1740 1724 1783 Obserxantiaeinregnis
1734 1739 1989 1774 Castellaetertio

1335 1804 1463 1840 quoque
1488 1804 1570 1828 anno
1595 1793 1786 1833 celebretur,
1805 1793 1878 1827 143.

1247 1858 1425 1895 ccetxiv.
1465 1857 1585 1893 Cedula
1623 1856 1852 1892 consistorialis
1891 1865 1990 1902 super

1336 1918 1418 1947 statu
1443 1912 1651 1946 eeclesiarum
1682 1911 1936 1945 Ravennatensis
1960 1913 1992 1944 et

1336 1967 1555 2006 Bononiensis,
1576 1969 1607 1999 et
1623 1964 1895 2008 suffraganearum
1913 1963 1990 1998 assi-

1338 2019 1502 2062 gnatione,
1521 2017 1595 2051 146.

1250 2081 1416 2118 CCCLXV.
1457 2080 1634 2115 Declaratio
1670 2078 1755 2125 quod
1780 2077 1991 2114 ecclesiastici

1339 2137 1430 2178 regni
1444 2133 1598 2168 Castellae
1613 2135 1779 2167 teneantur
1788 2130 1992 2166 contribuere
2022 2162 2026 2163 γ

1339 2181 1486 2233 ςθὺεῖίεθ
1521 2197 1578 2221 seu
1613 2186 1696 2220 sitae
1735 2186 1903 2229 impositae
1936 2194 1993 2229 pro

1341 2241 1541 2288 praestandis
1567 2238 1912 2285 supet-additionalibus
1931 2248 1994 2273 ser-

1340 2297 1426 2329 vitiis
1451 2296 1519 2338 regi
1535 2293 1690 2327 catholieo
1715 2292 1827 2327 oblatis
1844 2301 1861 2325 a
1885 2291 1994 2336 regnis

1341 2348 1496 2383 Castellae
1521 2347 1710 2392 praeiictis,
1737 2348 1825 2380 iuxta
1849 2344 1994 2379 declara-

1342 2403 1460 2436 tionem
1492 2402 1523 2435 in
1549 2400 1668 2434 ultimis
1703 2400 1839 2433 comitiis
1863 2398 1993 2440 factam,

1342 2459 1565 2500 praeterquam
1602 2452 1707 2498 quoad
1739 2462 1795 2493 ea,
1821 2461 1902 2497 quae
1937 2461 1995 2496 pro

1341 2508 1451 2543 usibus
1465 2508 1602 2553 propriis
1618 2509 1863 2546 consumuutur3
1881 2507 1912 2539 et
1927 2514 1996 2548 pro-

1342 2555 1467 2606 rogatio
1489 2562 1636 2595 sexennii
1652 2559 1692 2594 ad
1710 2558 1795 2593 aliud
1814 2559 1995 2600 triennium,

1343 2617 1422 2649 intra
1455 2614 1540 2660 quod
1566 2617 1687 2655 tamen,
1721 2613 1747 2646 si
1779 2615 1841 2646 tota
1873 2621 1996 2646 summa

1342 2672 1493 2713 congesta
1516 2669 1622 2710 fuerit,
1647 2676 1685 2701 eo
1710 2668 1779 2710 ipso
1803 2666 1905 2710 gratia
1930 2675 1993 2699 ox-

1344 2724 1435 2767 pii-et,
1453 2720 1525 2756 154.
