2227 3241
75 250 122 279 An.
145 249 175 278 C,
192 249 259 277 1603

113 791 257 813 Praesentium

73 820 189 840 tttturarum
196 818 258 839 firmi-

100 1541 197 1561 Clausula
210 1541 256 1561 sub-

73 1568 122 1593 Ιιιιᾰ,
137 1569 173 1589 otc.

114 2234 259 2261 Exequutores

75 2261 187 2287 designati.

887 248 1034 273 CLEMENS
1054 249 1111 272 vm
1137 249 1187 274 PP.

272 296 368 330 etiam
390 296 559 329 nominum
581 302 612 330 et
632 296 875 339 cognomimum
897 295 1010 338 singu-

271 351 378 384 lorum
406 350 491 384 dieta
519 351 605 384 bona
624 349 761 394 precarii
775 360 831 383 seu
845 349 1010 393 precaria-

272 409 331 443 tus,
347 403 395 436 vel
414 403 656 448 emphytheusis
671 403 735 436 sive
750 402 881 436 alterius
900 403 1013 436 similis

272 463 458 491 contractus
476 457 569 491 titulo
585 457 833 501 possidentium,
857 457 1013 490 aliorum-

271 522 334 555 que
363 510 635 551 necessariorum,
659 509 810 554 specialis
834 509 965 542 licentia
983 515 1011 543 et

271 564 468 608 particulare
494 563 614 597 eisdem
636 562 876 607 possidentibus
900 563 1010 597 indul-

273 623 339 650 tum
354 617 395 650 ad
407 616 585 660 praemissa
599 616 709 649 omnia
723 621 753 648 et
771 616 898 658 singula
918 627 935 649 a
955 627 1012 650 no-

272 669 320 703 bis
341 669 491 713 dictaque
501 669 583 703 Sede
593 680 782 703 concessum
799 676 829 704 et
842 671 1010 704 obtentum

273 723 393 757 suisset.

317 778 333 819 ξ
347 776 377 810 9.
395 777 583 811 Praesentes
597 788 728 822 quoque
742 778 866 812 litteras
879 779 918 812 de
938 779 1013 812 sub-

272 830 442 875 reptionis,
469 842 526 864 seu
546 831 702 865 nullitatis
719 832 807 873 vitio,
832 838 888 865 aut
907 832 1012 866 inten-

234 899 238 903 -
273 883 368 917 tionis
381 889 512 918 nostrae
531 890 587 918 aut
599 885 713 929 quovis
733 885 797 919 alio
811 886 938 920 defectu
956 897 1011 920 no·

273 937 345 978 tari,
373 937 559 982 impugnari
585 944 640 971 aut
659 938 803 982 infringi,
830 940 1009 981 retractari,

272 989 456 1031 invalidari,
480 996 535 1024 aut
560 990 592 1023 in
617 990 666 1024 ius
690 992 739 1024 vel
760 992 1010 1025 controversiam

271 1043 429 1085 revocari,
445 1053 502 1077 seu
522 1044 674 1078 adversus
694 1044 765 1079 illas
783 1046 1013 1090 quodcumque

271 1096 350 1130 iuris
370 1097 419 1130 vel
437 1096 524 1138 sacti,
547 1103 602 1130 aut
615 1098 737 1140 gratiae
751 1098 933 1132 remedium
954 1099 1014 1132 im-

270 1149 392 1194 petrari
410 1150 595 1183 nullatenus
612 1160 718 1194 posse,
734 1151 812 1195 quin
827 1152 923 1185 etiam
944 1152 1013 1187 illas

271 1202 334 1235 vim
355 1202 462 1243 realis,
485 1203 581 1236 validi
599 1209 630 1237 et
650 1204 790 1238 efficacis
807 1215 844 1238 ac
862 1206 1014 1250 utrinque

271 1255 456 1290 iuramento
471 1257 578 1290 vallati
598 1264 782 1292 contractus
802 1260 963 1304 pactique,
985 1267 1015 1295 et

271 1309 426 1343 solemnis
447 1311 681 1352 conventionis,
702 1318 801 1356 prout
820 1323 932 1346 revera
953 1320 1010 1354 est,

271 1363 403 1404 habere,
421 1369 462 1404 et,
486 1370 521 1397 ut
546 1366 634 1405 tales,
658 1365 690 1398 in
709 1366 1013 1410 considerationem,

271 1421 302 1449 et
326 1417 537 1452 favorabilem
562 1429 623 1462 pro
653 1419 746 1452 dictis
771 1419 1013 1463 emphytheusis

271 1472 524 1517 exequutionem
549 1474 676 1507 cadere.

317 1536 333 1576 g
360 1532 412 1566 10.
436 1532 565 1577 Sicque,
590 1539 621 1566 et
640 1543 706 1566 non
724 1533 816 1566 aliter
837 1545 895 1578 per
915 1544 1012 1578 quos-

271 1598 411 1632 cumque
431 1588 557 1622 iudices
574 1588 759 1622 ordinarios
783 1594 813 1622 et
835 1589 1010 1631 delegatos,

270 1643 383 1687 quavis
403 1642 597 1676 auctoritate
614 1643 795 1685 fungentes,
816 1654 853 1677 ac
872 1644 902 1677 S.
920 1644 955 1677 R.
976 1644 1009 1676 Ε,

270 1697 464 1737 cardinales,
488 1697 586 1730 etiam
608 1697 646 1730 de
668 1697 768 1730 latere
787 1697 921 1739 legatos,
946 1697 1014 1730 dic-

271 1756 387 1794 taeque
397 1751 488 1784 Sedis
499 1750 647 1791 nuncios,
664 1761 793 1784 necnon
806 1751 919 1784 Palatii
931 1752 1015 1796 Apo-

269 1804 375 1838 stolici
397 1814 568 1838 causarum
583 1804 760 1845 auditores,
784 1805 909 1838 sublata
923 1805 968 1839 eis
986 1811 1016 1839 et

271 1869 384 1892 eorum
406 1858 540 1892 cuilibet
560 1858 672 1903 quavis
693 1858 787 1892 aliter
808 1859 972 1893 iudicandi
987 1865 1017 1893 et

271 1913 505 1957 interpretandi
519 1913 670 1947 facultate
684 1919 714 1946 et
728 1913 928 1953 auctoritate,
946 1914 1017 1946 ubi-

271 1977 335 2011 que
355 1972 386 2000 et
405 1966 437 2000 in
458 1966 568 2010 quavis
590 1966 741 2000 instantia
762 1966 897 2000 iudicari
913 1973 943 2000 et
963 1967 1017 2001 de-

272 2020 359 2054 liniri
387 2021 521 2061 debere,
550 2020 677 2054 irritum
709 2032 839 2065 (pioque
864 2027 894 2054 ct
923 2021 1017 2055 inane

272 2074 433 2119 quidquid
459 2085 551 2108 secus
578 2086 677 2118 super
708 2075 756 2108 liis
788 2086 805 2108 a
833 2086 1014 2119 quoquam,

273 2127 385 2172 quavis
394 2127 597 2170 auctoritate,
610 2128 748 2162 scienter
759 2129 806 2162 vel
822 2128 1019 2172 ignoranter,

274 2181 446 2224 contigerit
465 2181 626 2215 attentari.

318 2238 335 2278 ξ
362 2235 414 2268 11.
438 2235 595 2274 Quocirca
609 2236 847 2269 venerabilibus
867 2236 1018 2270 fratribus

274 2289 445 2323 Mutinensi
460 2294 491 2322 et
503 2288 655 2333 Regiensi
668 2289 840 2333 episcopis,
850 2300 886 2323 ac
900 2290 1017 2323 dilecto

274 2343 341 2377 titio
362 2353 535 2377 causarum
557 2343 666 2376 curiae
687 2343 840 2377 Gamerae
858 2343 1018 2387 Apostoli-

273 2406 328 2430 cae
344 2396 487 2439 generali
503 2396 644 2430 auditori
658 2406 717 2440 per
731 2402 916 2440 praesentes
930 2407 1018 2430 eom-

273 2450 431 2484 mittimus
445 2456 475 2484 et
489 2451 692 2487 mandamus,
705 2456 864 2494 quatenus
882 2450 953 2494 ipsi,
970 2452 1016 2484 vel

272 2505 348 2545 duo,
372 2510 428 2538 aut
446 2515 530 2538 unus
548 2515 660 2538 eorum
684 2515 741 2548 per
765 2515 809 2545 se,
832 2504 882 2538 vel
902 2504 1014 2545 alium,

271 2568 328 2591 seu
343 2557 434 2598 alios,
451 2564 638 2602 praesentes
652 2558 772 2591 litteras
786 2563 817 2591 et
834 2557 866 2590 in
881 2557 925 2590 eis
939 2568 1016 2591 con-

238 2621 247 2630 ·
272 2616 359 2645 tenta
379 2621 617 2656 quaecumque,
641 2611 707 2651 ubi,
732 2611 863 2655 quando
881 2616 911 2644 et
930 2622 1013 2655 quo—

273 2665 332 2699 ties
352 2674 433 2709 opus
454 2665 561 2706 suerit,
589 2665 779 2699 solemniter
800 2665 1013 2709 publicantes,

336 2726 415 2754 Bull.
436 2726 519 2755 Rom.
535 2743 570 2747 —
587 2728 648 2755 Vol.
669 2727 718 2756 XI.
899 2728 914 2753 8

1048 302 1145 340 atque
1167 296 1197 329 in
1226 297 1411 340 praemissis
1437 296 1575 330 efficacis
1596 296 1794 329 defensionis

1048 350 1210 394 praesidio
1236 351 1578 391 assistet-ites‚t'acia11t,
1603 351 1793 384 auctoritate

1048 406 1168 443 nostra,
1185 405 1362 447 praemissa
1377 405 1488 438 onmia
1509 411 1540 437 et
1557 404 1684 447 singula
1701 415 1793 437 suum

1048 457 1230 500 plenarium
1246 459 1394 491 effectum
1410 458 1565 503 consequi
1585 464 1616 492 et
1632 458 1792 499 obtinere,

1048 521 1085 543 ac
1105 520 1163 554 per
1184 521 1238 549 eos
1264 512 1303 544 ad
1328 522 1409 555 quos
1434 518 1568 555 spectat,
1581 518 1611 545 et
1635 511 1795 555 spectabit

1048 564 1297 607 quomodolibet
1319 565 1350 597 in
1376 566 1534 603 futurum,
1566 565 1795 598 inviolabiliter

1048 628 1084 650 ac
1109 618 1300 651 inconcusse
1320 625 1479 663 perpetuo
1500 619 1681 652 observari:
1710 629 1791 652 con-

1049 671 1242 704 tradictores
1267 682 1492 715 quoscumque
1509 683 1567 715 per
1591 683 1743 705 censuras
1764 678 1794 705 et

1048 735 1169 768 poenas
1188 725 1432 765 ecclesiasticas,
1456 725 1584 769 aliaque
1609 730 1793 769 opportuna

1048 778 1127 811 iuris
1145 783 1175 812 et
1196 778 1268 811 facti
1289 778 1444 819 remedia,
1468 778 1686 822 appellatione
1704 784 1792 822 post-

1048 832 1164 876 posita,
1188 833 1438 876 compescendo,
1463 832 1612 865 invocato
1631 831 1727 865 etiam
1753 832 1793 865 ad

1048 885 1120 926 hoc,
1144 885 1170 919 si
1192 896 1273 930 opus
1295 886 1401 928 suerit,
1427 886 1545 920 auxilio
1568 885 1693 919 brachii
1718 896 1789 919 sae-

1048 939 1178 973 cularis.

1093 993 1107 1035 ξ
1132 992 1184 1026 ¹12.
1209 993 1278 1026 Non
1297 992 1500 1026 obstantibus
1518 993 1569 1026 fel.
1587 993 1714 1026 record.
1731 993 1792 1026 Bo-

1048 1045 1156 1078 nisacii
1169 1045 1274 1089 Papae
1286 1045 1353 1079 VIII
1365 1045 1625 1089 praedecessoris
1639 1045 1740 1079 nostri
1754 1045 1794 1078 de

1048 1100 1123 1139 una,
1148 1104 1179 1132 et
1195 1098 1227 1131 in
1246 1098 1385 1131 concilio
1400 1098 1542 1141 generali
1561 1098 1647 1132 edita
1663 1099 1701 1132 de
1715 1099 1794 1132 dua-

1049 1151 1108 1184 bus
1140 1151 1251 1191 dietis,
1280 1152 1460 1185 dummodo
1485 1151 1570 1184 ultra
1601 1158 1662 1185 tres
1692 1151 1794 1185 dietas

1049 1204 1165 1248 aliquis
1185 1205 1378 1238 auctoritate
1401 1204 1621 1249 praesentium
1643 1204 1682 1238 ad
1703 1204 1791 1237 iudi-

1049 1258 1134 1291 cium
1148 1268 1213 1291 non
1233 1258 1391 1299 trahatur,
1407 1268 1444 1291 ac
1458 1258 1548 1291 Pauli
1566 1259 1590 1291 ll
1611 1263 1642 1291 et
1655 1257 1794 1291 aliorum

1049 1323 1332 1357 quorumcumque
1352 1313 1574 1345 Romanorum
1600 1312 1793 1346 Pontiticum

1049 1367 1144 1400 etiam
1165 1367 1453 1410 praedecessorum
1472 1372 1619 1399 nostrum
1639 1366 1678 1399 (le
1698 1367 1795 1400 rebus

1048 1420 1207 1453 Ecclesiae
1227 1430 1292 1453 non
1308 1420 1498 1461 alienandis,
1522 1419 1658 1464 aliisque
1676 1420 1795 1453 consti-

1049 1475 1227 1508 tutionibus
1249 1481 1279 1509 et
1303 1475 1566 1508 ordinationibus
1595 1474 1792 1518 apostolicis,

1048 1541 1175 1564 necnon
1197 1531 1458 1576 quibuscumque
1473 1531 1575 1575 pactis
1589 1536 1619 1564 et,
1636 1531 1795 1564 conditio-

1047 1585 1154 1626 nibus,
1168 1585 1264 1619 etiam
1280 1585 1463 1619 iuramento
1474 1585 1609 1626 vallatis,
1625 1586 1663 1619 de
1677 1586 1795 1629 quibus

1050 1641 1080 1674 in
1102 1641 1366 1674 investiturarum
1386 1641 1619 1681 instrumentis,
1643 1652 1680 1674 ac
1698 1641 1794 1675 ctiam

1050 1695 1239 1729 monasterii
1266 1700 1295 1728 et
1328 1695 1455 1729 Ordinis
1476 1695 1732 1739 praedictorum,
1763 1707 1796 1730 e-

1051 1751 1126 1783 tiam
1138 1750 1334 1790 iuramento,
1347 1749 1598 1782 confirmatione
1610 1751 1798 1794 apostolica,

1050 1804 1098 1837 vel
1112 1803 1224 1848 quavis
1238 1803 1390 1836 firmitate
1410 1802 1472 1835 alia
1487 1803 1658 1841 roboratis,
1672 1805 1798 1837 statutis

1051 1864 1082 1892 et
1100 1857 1402 1898 consuetudinilms,
1421 1857 1658 1898 stabilimentis‚
1686 1858 1798 1891 usibus

1052 1918 1082 1946 et
1102 1912 1238 1952 naturis,
1263 1911 1439 1956 privilegiis
1454 1921 1596 1955 quoque,
1614 1911 1746 1945 indultis
1767 1918 1796 1945 ct

1052 1966 1167 2000 litteris
1188 1965 1374 2009 apostolicis
1400 1965 1519 1998 eisdem
1543 1965 1742 1999 monasterio
1768 1972 1797 1999 ct

1052 2020 1174 2061 Ordini‚
1199 2030 1378 2063 eorumque
1395 2018 1619 2063 superioribus
1636 2025 1665 2052 et
1684 2030 1797 2063 perso-

1053 2075 1112 2115 nis,
1136 2084 1262 2108 necnon
1282 2073 1401 2113 abbati,
1425 2084 1482 2106 scu
1503 2073 1794 2110 commendatario.

1053 2134 1108 2162 aut
1128 2128 1397 2167 administratori,
1421 2128 1469 2161 vel
1494 2127 1719 2167 reservatario,
1744 2134 1795 2160 aut

1053 2183 1117 2216 alio
1137 2181 1348 2226 praesidenti,
1370 2192 1406 2214 ac
1428 2181 1601 2214 conventui
1623 2181 1798 2225 praedi-:tis

1054 2237 1084 2269 in
1107 2235 1305 2269 contrarium
1333 2235 1587 2279 praemissorum
1614 2235 1798 2279 quomodo-

1053 2290 1132 2322 libet
1145 2289 1316 2329 concessis,
1339 2288 1539 2321 confirmatis
1554 2294 1580 2321 et
1598 2287 1794 2332 approbatis:

1053 2343 1171 2387 quibus
1192 2342 1343 2375 omnibus
1365 2347 1395 2375 et
1415 2341 1561 2384 singulis,
1579 2352 1691 2375 corum
1711 2347 1799 2374 teno-

1053 2407 1104 2430 res
1123 2396 1347 2440 praesentihus
1368 2406 1428 2439 pro
1449 2394 1607 2438 expressis
1629 2395 1795 2431 habentes,

1053 2450 1113 2484 hac
1133 2450 1200 2483 vice
1214 2451 1392 2486 dumtaxat,
1409 2448 1592 2493 specialiter
1606 2454 1633 2481 ct
1651 2458 1798 2491 expresse

1053 2505 1266 2547 derogamus,
1296 2502 1497 2546 caeterisque
1522 2501 1694 2535 contrariis
1719 2501 1793 2545 qui-

1053 2559 1265 2602 buscumquc.

1740 238 1783 273 57
1807 249 1857 276 Au.
1879 249 1907 276 c.
1927 249 1993 276 1603

1862 1005 1994 1026 obstantium

1809 1032 1927 1058 derugatto.

1840 2601 1952 2621 Restm-tm
1963 2606 1999 2621 <eu

1098 2616 1113 2654 ,ξ’
1144 2612 1194 2645 13.
1229 2613 1409 2649 Caeterum,
1441 2616 1597 2654 intantum
1619 2610 1733 2644 attinet
1756 2610 1998 2653 ad,Mn-,121⁰pm...

1812 2658 1876 2675 seuit:
1910 2661 1933 2672 ι·ιι
1943 2662 1954 2674 1¹
1965 2663 1972 2675 t

1053 2666 1137 2700 bona
1159 2676 1194 2699 ca
1213 2665 1376 2699 civitatum
1399 2663 1538 2698 Mutinae
1559 2670 1589 2698 et
1611 2670 1714 2698 terrae
1735 2664 1797 2697 No-
1812 2682 1886 2702 smne,
