2227 3241
268 285 315 312 An.
332 285 362 312 C.
385 284 451 312 1604
497 278 538 308 68

269 1141 385 1166 Assignntio
394 1140 444 1161 cleri

260 1173 279 1189 et
291 1169 370 1194 pupuli,

282 1730 324 1751 Dos
339 1732 439 1758 episcopo

255 1761 379 1779 constituta.

274 2369 433 2396 l'rivilt‘ginrum

249 2401 366 2418 confessio.

470 333 606 365 iusmodi
633 332 663 364 in
689 331 904 364 cathedralem
936 331 1103 363 eeclesiam
1131 341 1203 364 rum

468 386 634 427 dignitate,
657 385 744 424 sede,
768 387 876 417 mensa
890 389 919 417 et
935 384 1004 417 aliis
1025 384 1204 427 insignibus

467 438 712 481 episcopalibus,
730 447 855 470 necnon
872 437 1204 481 omnihusetsingulis

465 491 655 534 pririlegiis‚
689 491 866 524 honoribus
887 497 918 524 et
939 491 1062 525 iuribus
1088 491 1203 524 debitis

465 550 495 576 et
511 544 672 577 consuetis
690 554 749 587 pro
766 555 832 577 uno
853 544 1005 589 episcopo
1023 545 1201 590 Camplensi

464 597 695 640 nuncupando,
712 596 766 640 qui
785 597 815 629 in
832 598 943 631 eadem
963 598 1096 632 eeclesia
1114 598 1203 632 Cam-

462 650 566 693 plensi
592 651 741 692 resideat,
759 651 1057 686 etiui·isdictionem
1080 652 1202 697 episco-

463 704 580 748 palem,
609 704 784 748 omniaque
810 711 840 738 et
861 705 987 748 singula
1007 707 1087 747 alia,
1118 717 1201 750 quae

463 757 610 798 ordinis,
646 757 879 792 iurisdictionis
908 764 939 792 et
967 760 1200 804 cuiuscumque

462 811 594 844 alterius
608 812 750 845 muneris
769 812 960 856 episcopalis
975 819 1060 855 sunt,
1081 814 1201 858 babeat

461 869 491 896 et
513 870 658 898 exerceat
675 865 756 908 (sine
777 866 976 908 praeiudicio
1000 867 1199 910 praetensio-

460 926 537 949 num
552 923 583 950 et
596 917 715 951 iuriuin
729 918 877 952 abbatiae
894 919 1068 952 saecularis
1088 925 1119 953 et
1136 920 1201 953 eol-

460 969 597 1012 legiatae
622 971 776 1004 ecelesiae
796 977 983 1006 sanctorum
1012 973 1144 1006 Mariani
1169 979 1200 1007 et

461 1024 567 1057 lacobi
582 1025 621 1058 de
635 1025 776 1069 CamplO,
794 1026 848 1058 sed
867 1026 929 1059 illis
942 1037 1070 1071 semper
1082 1027 1200 1070 salvis),

459 1076 609 1112 similiter
620 1084 778 1123 perpetuo
788 1079 943 1122 erigimus
953 1086 980 1114 et
993 1080 1198 1114 instituimus.

505 1133 521 1173 ξ
542 1130 572 1164 3.
596 1131 643 1166 Ae
660 1133 719 1177 ipsi
734 1133 899 1173 ecclesiae,
917 1134 960 1166 sic
979 1134 1009 1166 in
1032 1134 1200 1168 cathedra-

460 1186 522 1219 lem
544 1191 681 1227 erectae,
699 1192 817 1220 terram
833 1187 955 1230 Campli
976 1188 1152 1231 praefatam
1167 1189 1198 1221 in

459 1238 630 1280 civitatem,
651 1244 686 1272 ut
705 1240 898 1283 praefertur,
916 1247 1067 1281 erectam,
1084 1251 1142 1285 pro
1157 1241 1200 1274 ci-

457 1291 562 1331 vitate;
577 1292 728 1336 illiusque
741 1292 863 1326 incolas
877 1300 906 1326 et
920 1293 1129 1335 habitatores,
1141 1305 1199 1338 pro

456 1345 589 1386 civibus,
610 1350 641 1379 et
658 1345 759 1387 viltas,
779 1346 953 1387 territoria,
974 1347 1154 1381 districtum
1170 1354 1200 1381 et

456 1398 645 1432 comitatum
664 1399 862 1441 huiusmodi,
879 1411 939 1444 pro
954 1400 1104 1441 dioecesi;
1125 1412 1199 1435 nec-

455 1463 520 1485 non
541 1452 788 1494 ecclesiasticos,
812 1464 871 1497 pro
890 1455 988 1495 clero;
1008 1460 1038 1488 et
1055 1456 1198 1488 saecula-

457 1516 507 1538 res
524 1516 678 1550 personas
699 1506 730 1539 in
752 1507 879 1540 civitate
897 1513 928 1540 et
941 1508 1080 1541 dioecesi
1100 1508 1194 1541 Cam-

455 1558 558 1601 plensi
584 1558 770 1592 huiusmodi
798 1560 963 1602 degentes,
991 1571 1050 1604 pro
1075 1562 1196 1605 populo

455 1612 578 1656 pariter
597 1618 754 1658 perpetuo
776 1614 984 1647 concedimus
1006 1620 1035 1647 et
1056 1615 1197 1658 assigna-

457 1676 537 1698 mus.

499 1721 516 1761 ξ
537 1718 567 1752 lt.
589 1719 719 1753 Necnon
733 1721 916 1764 praedictae
932 1732 1061 1755 mensae
1075 1722 1196 1766 episco-

454 1772 519 1816 pali
540 1773 717 1817 Camplensi
732 1784 792 1818 pro
807 1774 873 1808 eius
886 1776 960 1808 dote
978 1776 1195 1819 quadringen-

455 1832 503 1884 Ὧς
520 1827 653 1861 du‹·atos
671 1834 820 1861 monetae
843 1829 1120 1873 metropolitanae,
1138 1841 1196 1874 per

453 1881 583 1913 eosdem
606 1882 868 1915 communitatem
890 1887 921 1915 et
937 1882 1086 1916 homines
1106 1883 1195 1917 Cam-

451 1934 578 1977 plenses
595 1946 691 1979 super
708 1946 821 1969 eorum
842 1935 936 1969 bonis
955 1936 1124 1969 stabilibus
1137 1948 1194 1980 pu-

451 1988 536 2022 blico
564 1994 742 2033 perpetuae
765 1989 951 2023 donationis
976 1989 1193 2024 instrumento

451 2042 641 2085 assignatos,
661 2043 746 2076 ultra
771 2043 903 2076 domum
922 2043 997 2076 satis
1011 2043 1150 2087 amplam
1163 2048 1194 2077 et

450 2097 655 2130 commodam
670 2096 821 2130 similiter
834 2097 873 2130 ab
885 2097 930 2130 eis
944 2107 1003 2140 pno
1017 2097 1113 2129 futuri
1129 2096 1194 2141 epi-

448 2149 538 2194 scopi
550 2149 749 2194 Camplensis
758 2149 959 2183 habitatione
968 2155 1127 2194 perpetuo
1138 2151 1193 2183 do*

421 2202 426 2207 ”
448 2208 569 2244 natam,
593 2213 628 2236 ac
647 2203 727 2236 alios
738 2203 871 2243 fructus,
893 2203 1038 2237 redditus
1058 2209 1088 2237 et
1111 2214 1189 2247 pro-

449 2262 562 2289 ventus
576 2256 621 2289 illi
643 2256 779 2297 debitos,
797 2256 908 2289 itidem
927 2262 1084 2300 perpetuo
1097 2257 1194 2301 appli-

449 2319 561 2343 camus
582 2315 613 2342 et
632 2309 893 2354 appropriamus.

494 2364 510 2405 ξ
531 2363 561 2396 5.
578 2364 712 2407 Insuper
729 2363 908 2405 eeclesiam,
922 2363 966 2397 sic
980 2363 1010 2396 in
1026 2364 1193 2397 cathedra-

449 2417 511 2450 lem
530 2422 683 2458 erectam,
703 2427 740 2450 ae
757 2427 817 2461 pro
839 2423 985 2461 tempore
1006 2417 1192 2451 existentem

448 2470 636 2515 episcopum
650 2470 754 2504 dietae
768 2470 970 2514 Apostolicae
988 2471 1060 2504 Sedi
1079 2471 1192 2504 imme-

449 2525 545 2566 diate,
570 2524 730 2558 civitatem
752 2535 827 2558 vero
849 2530 880 2558 et
901 2525 1075 2558 dioecesim
1096 2525 1190 2559 Cain-

448 2578 605 2620 plensem,
629 2587 806 2622 earumque
831 2578 954 2611 elerum
984 2583 1015 2611 et
1034 2578 1192 2622 populum

448 2630 634 2665 huiusmodi
649 2631 754 2665 eidem
769 2631 922 2676 episcopo
936 2632 1118 2675 Camplensi
1132 2642 1192 2676 pro

450 2689 593 2729 tempore
626 2685 772 2720 existenti
809 2686 948 2721 mediate
983 2685 1187 2720 subjicimus.

1042 283 1223 308 BULLARIUM
1243 283 1395 308 ROMANUM

1239 331 1302 365 Nee
1321 342 1386 365 non
1405 332 1556 376 capitulo,
1577 332 1675 372 clero,
1699 330 1819 364 civitati
1839 336 1869 364 et
1889 331 1977 365 dioe-

1239 385 1301 418 cesi
1313 385 1503 429 Cainplensi.
1515 385 1710 428 illarumque
1724 384 1856 426 civibus,
1865 384 1977 418 incolis

1239 445 1269 471 et
1292 438 1540 479 habitatoribus,
1567 444 1602 472 ut
1621 438 1771 472 omnibus
1793 443 1825 471 et
1843 437 1977 480 singulis

1238 492 1428 535 privilegiis,
1459 491 1729 536 exemptionibus,
1759 490 1973 531 libertatibus,

1239 545 1509 586 immunitatibus,
1533 545 1656 588 gratiis,
1685 544 1847 578 favoribus
1871 549 1903 577 et
1926 543 1976 576 in-

1238 599 1335 632 dultis
1349 599 1480 643 (quibus
1494 598 1547 631 alii
1562 597 1702 642 episcopi
1721 603 1751 631 et
1771 598 1907 631 aliarum
1923 608 1976 632 ca-

1238 652 1430 686 thedralium
1443 652 1652 686 ecclesiarum
1667 652 1817 696 capitula,
1831 652 1976 696 aliaeque

1237 706 1380 740 civitates
1401 712 1431 740 et
1456 707 1630 747 dioeceses,
1659 716 1696 739 ac
1721 716 1831 739 earum
1858 705 1973 747 clerus,

1236 759 1361 793 incolae
1386 766 1417 794 et
1444 760 1655 801 habitatores,
1684 760 1716 792 in
1741 769 1858 802 genere
1878 759 1927 793 vel
1945 759 1976 792 in

1235 813 1352 857 speeie,
1383 824 1419 846 ae
1453 814 1529 846 alias
1554 813 1801 858 quomodolibet
1827 817 1974 854 utuntur,

1235 866 1397 907 fruuntur,
1427 867 1597 911 potiuntur
1623 872 1653 901 et
1678 866 1830 910 gaudent,
1860 876 1896 899 ac
1916 865 1974 907 uti,

1234 919 1307 959 frui,
1327 921 1425 964 potiri
1447 927 1477 954 et
1501 921 1642 963 gaudere
1666 925 1800 964 possunt.
1823 925 1854 953 et
1879 925 1973 964 pote-

1235 980 1309 1006 runt
1330 974 1576 1017 quomodolibet
1594 974 1627 1007 in
1642 973 1798 1018 futurum)
1818 973 1877 1015 uti,
1898 973 1973 1015 frui,

1234 1027 1330 1070 potiri
1351 1032 1381 1060 et
1401 1029 1542 1070 gaudere
1559 1028 1661 1061 libere
1683 1033 1713 1061 et
1733 1027 1819 1061 licite
1836 1026 1973 1068 valeant,

1233 1080 1382 1114 similiter
1399 1087 1557 1125 perpetuo
1577 1081 1795 1124 indulgemus.

1278 1134 1334 1177 56.
1351 1135 1485 1178 Insuper
1496 1135 1708 1175 attendentes,
1722 1134 1855 1174 fructus,
1868 1133 1978 1168 reddi-
1990 1143 2174 1193 sifflssnffflssissss‘

1235 1193 1284 1221 tus
1297 1193 1327 1221 et
1340 1194 1516 1232 proventus
1537 1198 1666 1221 mensae
1680 1188 1872 1232 episcopalis
1885 1188 1976 1222 Cam·
1990 1199 2008 1219 si
2023 1198 2123 1221 ecelesia.

1234 1241 1354 1284 plensis
1374 1241 1562 1275 huiusmodi
1588 1242 1750 1275 tenuiores
1775 1252 1854 1282 esse,
1877 1251 1975 1285 quam

1233 1300 1268 1328 ut
1286 1305 1345 1338 pro
1371 1300 1519 1339 tempore
1540 1295 1676 1328 existens
1693 1295 1865 1339 episeopus
1881 1294 1976 1328 Cam—

1233 1348 1351 1392 plensis
1361 1349 1448 1381 iuxta
1460 1348 1656 1392 pontificalis
1671 1348 1834 1391 dignitatis
1848 1348 1976 1391 exigen-

1232 1401 1308 1435 tiam
1323 1402 1495 1435 sustentari
1507 1403 1620 1442 valeat,
1636 1412 1672 1436 ac
1686 1400 1906 1442 Hortensem¹,
1924 1401 1975 1435 eui

1233 1455 1424 1489 venerabilis
1452 1456 1551 1489 frater
1570 1461 1680 1489 noster
1700 1455 1880 1489 Alexander
1904 1455 1973 1498 cpi-

1231 1519 1346 1552 scopus
1360 1509 1526 1542 llortensis
1546 1519 1694 1553 praeesse
1709 1508 1920 1551 dignoscitur,
1945 1513 1975 1541 et

1232 1563 1407 1605 praefatam
1425 1562 1646 1606 Camplensem
1665 1562 1846 1602 ecclesiam,
1858 1571 1916 1606 per
1930 1572 1970 1594 u-

1232 1626 1309 1648 num
1328 1616 1516 1660 episcopum
1534 1616 1706 1649 commode
1723 1616 1790 1658 regi
1806 1621 1835 1649 et
1856 1615 1973 1657 guber-

1231 1670 1300 1701 nari
1322 1680 1426 1713 posse;
1450 1670 1499 1702 liis
1520 1669 1683 1703 crcerus²
1703 1669 1806 1702 causis
1826 1669 1968 1710 adducti,

1231 1722 1467 1767 Camplensem,
1488 1735 1505 1757 a
1525 1724 1689 1767 primaeva
1709 1722 1794 1756 illius
1809 1723 1971 1756 erectione

1230 1777 1415 1811 huiusmodi
1431 1778 1515 1821 apud
1530 1777 1647 1811 dictam
1663 1777 1776 1810 Sedem
1791 1781 1968 1816 vacantem,

1230 1831 1268 1864 de
1286 1831 1377 1864 euius
1390 1831 1573 1874 provisione
1585 1830 1692 1863 nullus
1701 1834 1830 1874 praeter
1840 1839 1898 1863 nos
1912 1829 1971 1863 hac

1229 1885 1296 1918 vice
1310 1886 1383 1928 (pro
1402 1895 1438 1918 eo
1457 1885 1544 1928 quod
1557 1894 1616 1918 nos
1634 1884 1756 1917 dudum
1770 1883 1971 1927 provisiones

1229 1939 1439 1972 eeclesiarum
1460 1938 1618 1977 omnium,
1642 1937 1727 1981 apud
1748 1937 1863 1970 Sedem
1884 1946 1971 1969 eam-

1229 1993 1302 2026 dem
1323 1997 1398 2025 tune
1418 1991 1600 2025 vacantium
1619 1996 1650 2024 et
1666 1990 1698 2023 in
1719 1995 1813 2024 antea
1839 1995 1970 2023 vacatu-

1228 2056 1349 2086 rarum,
1368 2044 1570 2089 dispositioni
1584 2049 1615 2077 et
1628 2043 1826 2077 ordinationi
1842 2048 1971 2077 nostrae

1228 2099 1472 2139 reservavimus,
1491 2109 1527 2131 ae
1544 2097 1746 2131 decrevimus
1759 2102 1884 2130 extunc
1896 2096 1969 2130 irri-

1229 2160 1295 2186 tum
1310 2159 1340 2187 et
1353 2153 1449 2185 inane
1466 2151 1625 2196 quidquid
1639 2161 1729 2185 secus
1740 2161 1838 2194 super
1850 2150 1899 2184 his
1910 2160 1970 2194 per

1228 2216 1462 2250 quoscumque,
1481 2204 1592 2249 quavis
1607 2203 1810 2245 auctoritate,
1830 2203 1971 2237 scienter

1228 2259 1275 2291 vel
1298 2259 1496 2301 ignoranter,
1514 2257 1686 2299 contigerit
1699 2255 1863 2299 attentari)
1876 2265 1909 2289 se
1922 2255 1970 2288 in-

1230 2310 1406 2343 tromittere
1432 2309 1576 2353 potuerit
1595 2309 1660 2342 sive
1682 2307 1793 2352 possit,
1824 2317 1967 2340 reserva-

1230 2363 1314 2396 tione
1329 2368 1356 2396 et
1371 2363 1500 2396 decreto
1513 2361 1743 2395 obsistentibus
1756 2359 1968 2404 supradictis;

1228 2422 1258 2450 et
1277 2417 1468 2450 Hortensem
1488 2414 1656 2448 ecelesiam
1675 2412 1875 2454 huiusmodi,
1896 2423 1969 2446 eum

1228 2470 1378 2504 omnibus
1399 2469 1523 2503 iuribus
1548 2473 1578 2502 et
1602 2466 1803 2512 pertinentiis
1823 2466 1900 2508 suis,
1920 2466 1970 2499 in-

1227 2524 1340 2564 vicem,
1366 2523 1409 2556 ita
1422 2528 1457 2556 ut
1470 2522 1584 2556 ambae
1604 2520 1758 2556 eeclesiae
1782 2519 1970 2554 huiusmodi

1263 2606 1274 2631 1
1299 2603 1403 2640 Ughelli
1419 2603 1461 2630 tite
1476 2605 1502 2630 et
1517 2602 1586 2630 infra
1601 2609 1709 2638 semper
1723 2601 1789 2638 legit
1803 2600 1968 2630 Hortonen-

1227 2657 1286 2677 sem
1301 2651 1338 2685 (R.
1356 2648 1403 2683 τ.).

1260 2694 1277 2722 2
1297 2694 1334 2721 ld.
1353 2693 1426 2722 addit
1440 2693 1509 2722 aliis
1524 2695 1560 2729 (n.
1579 2693 1626 2729 ri,

1990 281 2040 309 An.
2056 281 2086 309 C.
2106 280 2174 309 ¹601
