2227 3241
235 282 327 311 An.c.
352 281 419 310 1606
464 271 528 306 368

296 1997 373 2019 Paulus
384 1999 418 2019 de

235 2023 301 2044 elai-at
319 2025 419 2046 moniales

236 2055 277 2076 quo
281 2057 307 2077 qu
311 2058 321 2072 e
364 2058 420 2072 con·-

235 2082 272 2102 pre
262 2077 337 2099 ehendi
353 2079 373 2100 in
369 2080 420 2100 ldi-

236 2104 270 2124 et'a
279 2107 418 2132 exemptione.

431 330 553 373 gratiae
573 328 736 370 extollere,
756 326 1048 371 singulari¹1n0tu‚
1070 327 1170 362 scien·

432 383 474 416 tia
494 388 525 416 et
544 381 711 426 potestatis
724 381 925 425 plenitudine
942 381 1100 415 similibus
1113 392 1170 426 per

431 436 508 469 alias
525 445 597 471 suas
609 434 703 468 etiam
722 434 754 467 in
768 434 871 468 forma
884 434 992 468 Brevis
1010 436 1170 469 consectas

431 487 581 530 litteras²,
607 494 747 522 mentem
780 494 811 521 et
840 488 1050 522 intentionem
1079 499 1168 522 suam

430 552 495 576 non
516 542 611 576 fuisse
624 552 682 586 per
702 542 802 575 dictas
819 542 1014 586 posteriores
1030 553 1103 589 suas
1120 543 1171 576 lit-

431 601 516 629 teras
532 595 696 639 prioribus
720 595 785 629 suis
810 595 924 629 litteris
943 596 1114 640 praedictis
1138 596 1171 629 in

432 649 541 693 aliquo
571 649 751 691 derogare,
786 660 891 693 neque
922 650 1073 684 adversus
1102 650 1172 684 illas

430 703 597 748 praedicto
618 702 724 736 abbati
747 703 933 736 monasterii
958 703 1099 737 Cistercii
1125 703 1172 736 iu-

431 756 936 800 risdictionem,superioritatem
959 757 1004 790 vel
1027 757 1169 791 auctori-

432 815 529 845 tatem
550 810 691 854 aliquam
706 837 714 851 ,
734 815 788 843 aut
812 810 960 844 visitandi
989 811 1171 845 facultatem

432 865 464 898 in
473 863 761 906 Congregationem
775 863 956 897 Fuliensem
972 864 1171 908 praedictam

431 917 582 962 illiusque
603 918 786 960 generalem
813 923 843 951 et
867 917 946 951 alios
964 918 1147 962 superiores
1161 945 1169 960 ,

432 970 618 1013 monachos,
640 970 836 1005 monasteria
857 977 887 1004 et
903 971 974 1005 loca
996 971 1169 1014 regularia,

432 1035 469 1058 ac
487 1024 574 1058 bona
593 1034 819 1069 quaecumque
833 1024 976 1059 tribuere
990 1025 1036 1058 vel
1055 1025 1173 1070 imper-

434 1079 501 1119 tiri;
526 1079 673 1123 quInimo
697 1079 821 1123 priores
845 1089 918 1113 suas
942 1079 1061 1113 litteras
1082 1089 1174 1124 prae-

433 1133 534 1166 dictas
570 1133 766 1167 confirmans
804 1139 833 1166 et
867 1133 1021 1167 innovans
1036 1161 1043 1175 ,
1073 1134 1171 1178 ipsam

433 1187 721 1230 congregationem
747 1187 940 1225 Fuliensem,
965 1187 1096 1232 eiusque
1122 1198 1192 1230 ge-r

432 1241 575 1274 neralem
602 1246 631 1273 et
656 1240 735 1274 alios
759 1240 954 1284 superiores,
976 1241 1170 1282 monachos,

432 1294 638 1335 monasteria,
656 1295 726 1328 loca
744 1300 773 1328 et
787 1294 873 1327 hona
885 1294 1049 1338 praedicta
1071 1294 1100 1327 in
1122 1304 1174 1338 po-

432 1348 622 1382 sterioribus
647 1348 762 1381 litteris
782 1348 847 1381 suis
869 1348 1002 1380 minime
1028 1358 1174 1392 eompre-

433 1402 529 1435 liendi
548 1402 677 1444 debere,
691 1402 747 1435 sed
761 1401 799 1434 ab
823 1401 883 1434 illis
897 1411 1024 1445 semper
1044 1407 1174 1446 excepta

433 1467 500 1490 esse
526 1462 557 1490 et
581 1456 716 1497 censeri,
740 1466 799 1490 nec
825 1456 927 1500 ipsum
950 1455 1097 1489 abbatem
1119 1466 1174 1498 ge-

432 1510 576 1543 neralem
597 1509 723 1543 Ordinis
740 1508 955 1543 Cisterciensis
976 1509 1111 1541 illarum-
1129 1510 1173 1542 vi-

433 1574 510 1606 gore
529 1563 716 1597 visitationis
735 1573 862 1603 munus,
886 1569 939 1596 aut
962 1563 1058 1596 alium
1084 1563 1174 1597 iuris-
1191 1578 1193 1588 r

434 1616 602 1659 dictioni&
627 1616 860 1660 superioritatis
896 1617 944 1649 vel
976 1617 1174 1651 auctoritatis

433 1677 539 1705 actum
561 1671 592 1704 in
611 1671 861 1713 congregatione
874 1671 1025 1711 Fuliensi‚
1042 1671 1174 1715 eiusque

433 1725 575 1767 generali
597 1735 633 1758 ac
651 1724 721 1758 aliis
738 1724 972 1768 superioribus,
998 1725 1174 1766 monachis,

433 1778 647 1820 monasteriis,
665 1778 742 1812 locis
755 1783 785 1812 et
803 1778 895 1812 bonis
915 1778 1086 1822 praedict1s
1100 1788 1176 1822 quo-

433 1833 478 1866 vis
500 1832 596 1866 modo
617 1843 766 1866 exercere
786 1842 878 1877 posse
900 1837 952 1865 aut
974 1832 1092 1866 debere
1126 1833 1176 1867 de-

433 1886 586 1926 claravit,
619 1891 716 1929 prout
747 1885 843 1919 etiam
878 1885 910 1918 in
941 1885 1033 1919 dictis
1061 1886 1175 1920 litteris

434 1939 560 1982 plenius
580 1939 773 1972 continetur.

480 1994 496 2036 ς
517 1993 547 2026 li,
569 1993 645 2027 Cum
671 1998 791 2033 autem,
815 1992 896 2026 sicut
921 1993 1115 2037 accepimus,
1138 1993 1174 2025 li-

437 2052 482 2080 tes
502 2052 533 2080 et
552 2047 733 2081 discordiae
753 2047 836 2080 inter
852 2047 1052 2090 praedictum
1073 2057 1173 2089 gene-

436 2101 535 2134 ralem
563 2106 593 2134 et
618 2100 697 2134 alios
721 2101 905 2145 superiores
941 2100 1017 2134 dicti
1049 2100 1177 2134 Ordinis

436 2155 652 2190 Cisterciensis
683 2165 743 2199 pro
774 2161 920 2199 tempore
953 2155 1122 2189 existentes
1147 2161 1177 2188 et

435 2209 620 2251 generalem
640 2208 825 2242 huiusmodi
841 2208 1104 2251 Congregationis
1117 2209 1178 2242 Fu-

435 2262 555 2303 liensis,
578 2262 636 2296 sub
654 2267 820 2305 praetextu
842 2262 928 2305 quod
951 2267 1013 2295 tam
1031 2262 1063 2294 in
1088 2261 1176 2306 prio-

437 2316 525 2350 ribus
534 2326 631 2360 quam
646 2315 677 2348 in
690 2315 924 2359 posterioribus
936 2315 1060 2356 litteris,
1071 2315 1177 2349 eidem

436 2369 683 2413 Congregationi
705 2380 722 2402 a
735 2369 902 2413 praedicto
916 2369 1076 2403 Clemente
1089 2379 1178 2413 prae-

437 2425 605 2458 decessore
625 2429 736 2457 nostro
757 2422 926 2463 concessis,
943 2423 1032 2456 nulla
1049 2423 1088 2456 de
1109 2433 1178 2456 mo-

436 2477 576 2511 nialibus
601 2477 705 2511 dictae
735 2476 996 2520 Congregationis
1021 2476 1178 2510 Fuliensis

437 2531 533 2574 (quae
550 2534 761 2574 susceperunt
780 2539 891 2573 gerere
910 2534 940 2563 et
954 2529 1107 2563 continuo
1121 2540 1176 2572 ge-

475 2611 485 2636 1
508 2610 634 2637 Fortasse
650 2618 698 2645 pro
713 2610 857 2645 singulari
872 2609 1016 2645 legendum
1026 2610 1121 2638 simili
1136 2610 1177 2636 vel

436 2655 556 2689 proprio
571 2656 610 2689 (n.
627 2656 674 2688 τ.).

475 2698 491 2726 2
510 2699 568 2726 ltae
588 2707 695 2736 quoque
715 2698 813 2727 desunt
827 2701 863 2733 (n.
880 2698 929 2734 12).

1014 278 1198 305 nULLAnllJM
1216 278 1369 305 Romnum

1202 333 1279 362 runt
1305 327 1452 362 habitum
1484 328 1588 363 dietae
1623 328 1887 373 Congregationis
1911 338 1943 366 et

1203 381 1404 424 regularibus
1421 382 1506 416 illius
1521 382 1672 416 institutis
1685 393 1718 416 se
1729 384 1943 425 conformant,

1204 440 1236 468 et
1255 435 1409 469 hactenus
1433 445 1560 480 semper
1584 436 1712 469 suerunt
1736 441 1768 470 et
1786 441 1861 470 sunt
1883 437 1942 471 sub

1205 488 1427 522 iurisdictione
1448 489 1549 533 ipsius
1562 489 1838 533 Congregationis)
1853 500 1942 524 men-

1206 542 1249 576 tio
1270 542 1353 576 sacta
1373 542 1442 584 suit,
1458 542 1534 575 oriri
1555 542 1780 576 formidentur:
1805 553 1864 577 nos
1876 553 1946 577 om-

1205 606 1278 629 nem
1311 595 1342 628 in
1372 595 1556 640 praemissis
1585 596 1754 631 dubitandi
1775 597 1943 631 materiam

1205 655 1373 693 amputare
1394 650 1439 692 (et
1463 659 1522 693 pro
1551 649 1665 683 maiori
1694 650 1944 694 praemissorum

1206 702 1500 745 dilucidatione)2ac
1520 702 1628 736 litibus
1649 708 1680 736 et
1700 703 1870 738 discordiis
1889 704 1945 738 oh-

1206 756 1313 798 viare,
1347 763 1378 790 et
1408 757 1513 790 dictae
1552 757 1815 800 Congregationis
1846 759 1946 802 quieti

1207 810 1374 844 consulere
1392 810 1567 855 cupientes,
1582 820 1709 844 necnon
1724 811 1880 845 dictarum
1895 811 1946 846 lit-

1207 869 1347 898 terarum
1374 870 1512 906 tenores,
1531 864 1666 908 perinde
1691 875 1728 898 ac
1747 865 1772 899 si
1791 865 1830 899 de
1849 865 1946 899 verbo

1208 918 1246 951 ad
1264 918 1396 952 verbum
1410 918 1639 959 insererentur,
1653 919 1877 962 praesentibus
1887 929 1946 964 pro

1207 971 1365 1016 expressis
1381 971 1547 1013 habentes,
1571 977 1661 1006 motu
1684 971 1781 1005 simili
1803 977 1835 1006 et
1854 972 1894 1006 de
1914 983 1947 1006 a-

1208 1025 1382 1070 postolicae
1407 1025 1575 1069 potestatis
1600 1025 1802 1070 plenitudine
1817 1053 1825 1066 ,
1848 1036 1885 1060 ac
1909 1036 1947 1060 ex

1208 1081 1293 1112 certa
1314 1082 1422 1112 nostrat
1442 1078 1585 1120 scientia,
1606 1079 1721 1112 harum
1739 1078 1821 1113 serie
1842 1079 1947 1113 decla-

1208 1144 1326 1174 ramus,
1349 1138 1410 1166 tam
1425 1133 1456 1166 in
1472 1133 1546 1166 dicti
1560 1132 1729 1167 Clementis
1743 1143 1838 1177 quam
1851 1133 1947 1167 huius

1207 1186 1470 1229 Congregationis
1488 1185 1737 1220 confirmatoriis
1756 1186 1874 1220 nostris
1893 1186 1947 1220 lit-

1210 1241 1284 1274 teris
1311 1240 1371 1274 sub
1403 1240 1534 1273 nomine
1562 1239 1657 1273 totius
1681 1240 1946 1283 Congregationis

1208 1294 1438 1339 comprehendi
1449 1299 1478 1327 et
1492 1294 1739 1337 comprehensas
1754 1304 1822 1327 esse
1835 1300 1865 1328 et
1878 1304 1948 1328 cen-

1208 1349 1269 1382 seri
1296 1348 1481 1388 abbatissas,
1502 1347 1671 1391 priorissas
1692 1353 1722 1381 et
1748 1347 1824 1381 alias
1845 1358 1944 1392 quas-

1207 1412 1345 1446 cumque
1383 1401 1562 1441 moniales,
1595 1411 1677 1444 quae
1711 1406 1827 1443 gerunt
1852 1407 1884 1434 et
1914 1401 1947 1434 in

1209 1458 1349 1490 futurum
1376 1461 1488 1497 gerent
1514 1454 1661 1488 habitum
1685 1454 1789 1488 dietae
1807 1454 1947 1497 Congre-

1209 1510 1357 1553 g‘ationis,
1375 1520 1411 1543 ac
1425 1509 1575 1543 omnibus
1593 1508 1763 1550 etsingulis
1777 1508 1950 1553 exemptio--

1209 1564 1326 1605 nibus,
1354 1563 1550 1608 privilegiis,
1581 1561 1787 1605 indulgentiis
1820 1568 1850 1595 et
1878 1562 1948 1596 aliis

1209 1618 1319 1661 gratiis
1341 1623 1403 1650 tam
1424 1616 1645 1660 spiritualibus
1670 1626 1766 1660 quam
1788 1621 1949 1660 tempora-

1209 1673 1303 1712 libus,
1319 1671 1422 1704 eidem
1444 1669 1689 1712 Congregationi
1707 1678 1764 1713 per
1778 1678 1949 1713 quoscum-

1209 1737 1271 1770 que
1297 1726 1458 1759 Romanos
1482 1722 1666 1764 Pontifices,
1686 1722 1782 1756 etiam
1807 1722 1946 1767 praede-

1210 1788 1352 1813 cessores
1376 1782 1524 1818 nostros,
1554 1787 1590 1812 ac
1614 1786 1672 1810 nos
1697 1781 1728 1810 et
1750 1785 1950 1810 successores

1209 1837 1336 1866 nostros
1361 1830 1606 1875 quomodolibet
1631 1829 1799 1870 concessis,
1826 1838 1947 1874 appro-

1210 1885 1291 1919 batis
1323 1890 1353 1918 et
1384 1883 1552 1924 innovatis,
1577 1889 1614 1917 at:
1641 1883 1853 1927 imposterum
1873 1892 1950 1916 eon-

1211 1939 1362 1973 cedendis
1377 1966 1384 1979 ,
1413 1938 1479 1979 uti,
1499 1937 1583 1978 frui,
1607 1937 1704 1981 potiri
1730 1943 1761 1970 et
1784 1936 1946 1979 gaudere,

1210 1994 1344 2037 illasque
1375 1990 1556 2036 suppositas
1585 1997 1615 2024 et
1646 1989 1805 2023 subiectas
1829 1999 1897 2023 esse
1917 1989 1949 2022 in

1211 2046 1361 2080 omnibus
1379 2051 1410 2079 et
1422 2055 1480 2089 per
1500 2044 1610 2078 omnia
1628 2043 1841 2077 iurisdictioni
1859 2052 1951 2087 supe·

1211 2101 1333 2134 riorum
1360 2110 1420 2144 pro
1453 2104 1597 2143 tempore
1618 2097 1821 2131 existentium
1848 2097 1951 2130 dictae

1211 2152 1485 2197 Congregationis,
1506 2152 1620 2185 eodem
1650 2151 1745 2195 plane
1763 2150 1861 2184 modo
1885 2159 1951 2194 quo

1212 2213 1243 2241 et
1263 2217 1374 2240 omnes
1392 2206 1536 2240 eiusdem
1557 2203 1820 2247 Congregationis
1839 2213 1951 2236 mona-

1212 2260 1274 2302 chi,
1291 2270 1351 2294 nec
1368 2259 1472 2303 ipsum
1494 2258 1642 2291 abbatem
1668 2257 1851 2300 genera-tem
1877 2255 1952 2289 dicti

1211 2313 1340 2347 Ordinis
1361 2311 1576 2347 Cisterciensis
1596 2309 1786 2344 visitationis
1811 2319 1949 2350 munus,

1212 2373 1266 2402 aut
1280 2366 1377 2401 alium
1393 2365 1636 2405 iurisdictionis,
1653 2362 1887 2408 superioritatis
1904 2362 1952 2395 vel

1212 2419 1413 2454 auctoritatis
1434 2424 1539 2452 actum
1561 2418 1593 2451 in
1611 2417 1799 2457 abbatissas,
1819 2415 1953 2460 prioris·

1211 2484 1261 2507 sas
1282 2478 1313 2507 et
1329 2472 1407 2506 alias
1427 2471 1585 2505 moniales
1602 2470 1706 2504 dictae
1725 2467 1953 2512 Congregatio-

1211 2527 1260 2561 nis
1282 2525 1394 2570 quovis
1415 2525 1512 2562 modo
1533 2533 1682 2558 exercere
1702 2532 1796 2567 posse
1821 2527 1874 2556 aut
1896 2521 1952 2555 de-

1212 2581 1298 2638 bere

1255 2636 1272 2677 ξ
1291 2633 1320 2667 5.
1337 2633 1375 2667 Et
1388 2631 1600 2666 nihilominus
1616 2629 1736 2689 potiori
1756 2628 1952 2674 pioeautela
1979 2630 2036 2657 Eut

2223 2507 2227 2532 Ι

2223 2566 2227 2592 Ι

2012 2629 2146 2682 ‘seiten
2176 2609 2227 2699 ‘⁶153

2207 2681 2227 2709 'd

1211 2687 1294 2733 ipsas
1315 2686 1500 2728 abbatissas,
1523 2684 1694 2729 prioiissas
1713 2688 1758 2721 et
1764 2683 1842 2717 alias
1861 2691 1954 2728 quas·
1966 2653 2146 2710 m⁹30„ffl3,„,.
2178 2677 2199 2706 Η

2176 2782 2181 2922 ἶ

2174 2994 2227 3122 ij}

2113 3123 2227 3241 <ti
