2227 3241
267 283 315 308 An.
333 281 361 308 c..
386 281 451 309 1⁶01
504 273 562 305 iot

467 330 724 374 quibuscumque
756 328 920 361 tenoribus
948 333 977 361 et
1007 328 1135 369 formis,
1166 338 1203 362 ac

467 393 538 416 curn
559 382 722 426 quibusvis
740 381 832 414 etiam
852 381 1130 423 derogatoriarum
1149 382 1202 416 de-

468 435 656 477 rogatoriis,
685 434 818 477 aliisque
840 434 1074 468 efficacioribus
1097 440 1128 468 et
1152 435 1201 468 in-

467 488 566 521 solitis
587 486 756 527 clausulis,
786 496 912 520 necnon
946 486 1146 521 irritantibus
1172 494 1203 522 et

467 540 537 572 aliis
558 539 709 580 decretis,
737 539 768 571 in
793 549 913 581 genere
940 540 987 574 vel
1018 539 1049 573 in
1076 540 1198 584 specie,

467 592 561 625 etiam
584 597 672 624 motu
699 596 730 625 et
758 591 891 625 scientia
911 591 1082 633 similibus,
1106 592 1199 626 etiam

461 644 751 685 ⁴consistorialiter,
783 655 820 678 ae
846 644 923 678 alias
943 646 1198 689 quomodolibet,

466 697 635 737 concessi&
652 697 837 741 approbatis
850 703 881 731 et
895 698 1061 731 innovatis.
1082 698 1202 738 Quibus

465 750 626 790 omnibus,
651 750 775 784 etiamsi
793 750 832 783 de
849 749 910 783 illis
931 760 1110 794 eorumque
1130 751 1202 784 totis

467 803 634 836 tenoribus
651 803 810 847 specialis,
832 802 994 847 specifica,
1011 814 1159 847 expressa
1174 809 1204 838 et

467 855 648 896 individua,
673 866 709 889 ac
731 855 770 889 de
790 856 888 889 verbo
909 856 948 889 ad
970 856 1116 896 verbum,
1138 867 1202 890 non

465 913 570 941 autem
593 918 651 952 per
671 908 830 942 clausulas
847 907 1026 951 generales¹
1044 909 1129 942 idern
1144 909 1202 942 im-

465 966 642 1005 portantes,
667 961 788 995 mentio
816 972 873 995 seu
902 962 1031 1006 quaevis
1058 962 1120 995 alia
1145 973 1199 996 ex-

464 1014 586 1058 pressio
607 1014 767 1056 habenda,
795 1020 849 1048 aut
872 1015 980 1060 aliqua
1000 1016 1062 1049 alia
1087 1016 1199 1060 exqui-

465 1067 524 1100 sita
545 1068 650 1101 forma
662 1068 701 1101 ad
715 1067 777 1101 hoc
790 1069 947 1102 servanda
967 1069 1059 1109 soret,
1078 1073 1203 1102 tenores

465 1121 663 1161 huiusmodi,
692 1131 728 1154 ac
752 1121 777 1154 si
798 1122 837 1155 de
862 1121 960 1155 verbo
985 1122 1026 1155 ad
1050 1121 1200 1162 verbum,

464 1174 544 1206 nibil
557 1174 686 1218 penitus
699 1174 829 1214 omisso,
846 1180 877 1208 et
889 1175 990 1208 forma
1012 1175 1044 1207 in
1065 1174 1127 1208 illis
1143 1180 1204 1208 tra-

466 1227 530 1260 dit-:1
551 1228 732 1269 observata,
756 1227 867 1261 inserti
889 1229 1004 1269 forent,
1027 1228 1204 1272 praesenti-

466 1281 524 1314 bus
544 1292 604 1325 pro
625 1281 823 1314 sufficienter
843 1281 999 1325 expressis
1024 1287 1055 1314 et
1078 1281 1204 1315 insertis

465 1335 637 1375 babentes,
662 1334 723 1367 illis
750 1334 829 1368 alias
856 1335 887 1367 in
913 1345 971 1368 suo
993 1335 1111 1368 robore
1130 1345 1204 1379 per-

466 1391 636 1432 mansuris,
665 1391 724 1424 bac
750 1391 816 1425 vice
842 1392 1007 1426 dumtaxat
1022 1393 1204 1438 specialiter
1255 1406 1257 1413 ·

466 1450 492 1476 et
510 1455 657 1489 expresse
672 1446 877 1488 derogamus,
894 1447 1112 1491 caeterisque⁹
1129 1458 1204 1481 con-

467 1498 571 1532 trariis
589 1499 858 1544 quibuscumque;
878 1506 933 1533 aut
950 1500 974 1533 si
988 1501 1087 1545 aliqui
1107 1512 1204 1546 super

465 1552 706 1596 proyisionibus
726 1553 786 1586 sibi
812 1553 965 1587 faciendis
986 1555 1025 1587 de
1045 1554 1199 1598 priorati-

466 1606 524 1638 bus
545 1605 731 1639 huiusmodi
750 1606 915 1650 speciales,
941 1607 986 1640 vel
1009 1607 1079 1641 aliis
1098 1608 1199 1642 bene-

464 1659 546 1692 ficiis
566 1658 789 1692 ecclesiasticis
811 1659 843 1692 in
864 1660 926 1693 illis
943 1661 1089 1704 partibus
1106 1672 1202 1704 gene-

465 1713 546 1745 rales
574 1712 678 1746 dietae
706 1712 814 1754 Sedis,
838 1718 892 1746 ant
912 1714 1092 1756 legatorum
1120 1714 1198 1756 eius,

465 1765 587 1799 litteras
609 1766 831 1810 impetrarint,
862 1767 984 1801 etiamsi
1011 1779 1070 1812 per
1090 1779 1142 1802 eas
1162 1770 1201 1802 ad

465 1818 702 1862 inhibitionem,
716 1819 965 1854 reservationem
984 1826 1014 1854 et
1027 1822 1202 1865 decretum,

465 1874 511 1905 vel
542 1873 620 1906 alias
647 1874 892 1917 quomodolibet
922 1875 962 1908 sit
989 1886 1198 1919 processum,

466 1937 544 1970 quas
565 1927 694 1970 quidem
714 1927 836 1961 litteras
850 1933 880 1961 et
893 1930 1202 1972 processushabitos

465 1992 523 2024 per
547 1981 688 2022 easdem,
713 1991 749 2014 ac
770 1981 844 2015 inde
864 1987 1000 2026 sequuta
1021 1994 1199 2027 quaecum-

466 2044 538 2077 que,
570 2034 609 2067 ad
642 2034 761 2067 dictum
787 2034 966 2078 prioratum
995 2047 1202 2080 suppressum

465 2088 614 2120 volumus
643 2098 706 2120 non
739 2088 864 2121 extendi
897 2089 965 2132 (sed
993 2090 1117 2122 nullum
1145 2101 1204 2134 per

466 2141 527 2174 boc
541 2141 595 2183 cis,
609 2141 985 2185 quoadassequutioncm
1000 2143 1202 2186 prioratuum

466 2195 512 2227 vel
535 2194 768 2228 beneficiorum
787 2195 945 2235 aliorum,
968 2196 1202 2239 praeiudicium

466 2248 641 2291 generari),
665 2254 694 2281 et
715 2248 912 2292 quibuslibet
928 2248 998 2281 aliis
1016 2248 1201 2293 privilegiis,

467 2300 676 2343 indulgentiis
704 2307 734 2334 ct
759 2301 872 2334 litteris
896 2302 1092 2345 apostolicis,
1123 2313 1204 2346 quo-

466 2365 681 2398 rumcumque
700 2360 847 2388 tenorum
870 2355 1014 2395 existant,
1031 2367 1089 2399 per
1109 2366 1202 2400 quac,

466 2409 690 2452 praesentibus
712 2419 777 2442 non
797 2420 960 2453 expressa,
991 2410 1038 2443 vel
1065 2410 1206 2443 totaliter

467 2473 530 2495 non
554 2462 685 2503 inserta,
704 2462 836 2496 effectus
853 2472 965 2495 earum
987 2461 1136 2506 impediri
1155 2474 1206 2496 va-

468 2516 530 2559 leat
550 2515 798 2560 quomodolibet
815 2515 861 2549 vel
880 2515 1014 2557 differri,
1033 2521 1063 2549 et
1080 2516 1118 2550 de
1136 2516 1206 2560 qui-

507 2643 514 2665 ¹
539 2639 610 2666 Edit.
632 2639 710 2666 Main.
732 2639 815 2667 habet
834 2639 978 2675 yencralis
994 2642 1033 2674 (a.
1049 2639 1098 2674 τ.).

503 2683 519 2711 2
539 2684 638 2712 vocem
654 2685 829 2720 caeterisque
840 2684 874 2712 de
885 2692 958 2712 more
970 2683 1094 2712 addimus
1106 2684 1143 2719 (n.
1157 2683 1204 2719 τ.).

997 291 1005 300 ·
1037 281 1216 304 nvLLAntttM
1242 281 1392 306 ROMANUM

1977 283 2026 310 An.
2043 283 2073 310 C.
2097 283 2163 312 ¹604

1236 328 1295 362 bus
1313 340 1518 374 quorumque
1534 329 1607 363 totis
1625 330 1790 363 tenoribus
1815 331 1853 364 de
1874 331 1971 364 verbo

1235 382 1274 415 ad
1295 383 1427 416 verbum
1446 383 1594 415 habenda
1613 382 1652 416 sit
1674 382 1704 415 in
1726 383 1841 417 nostris
1857 384 1972 417 litteris

1235 436 1356 469 mentio
1372 435 1529 480 specialis.
1547 435 1642 476 Nulli,
1658 434 1731 469 etin*
1753 436 1967 470 incursurum.

1278 490 1390 523 Datum
1412 489 1532 522 Romae
1546 489 1631 532 apud
1652 494 1797 522 sanctum
1816 489 1969 531 Marcum,

1234 552 1319 576 anno
1344 542 1572 575 incarnationis
1595 541 1780 575 Dominicae
1805 552 1913 584 MDCtV,
1941 553 1972 577 vi

1235 595 1305 628 idus
1326 594 1424 636 iulii2,
1445 591 1650 639 pontificatus
1667 595 1768 629 nostri
1789 606 1873 629 anno
1886 605 1954 630 xln.

1272 657 1328 684 Dat.
1347 657 1390 685 die
1412 658 1443 685 lO
1463 655 1520 684 iulii
1543 656 1620 691 1004,
1641 665 1683 684 an·
1699 663 1751 684 xut-

1515 818 1646 853 CCCXLl
1653 819 1689 852 X.

1241 916 1454 959 Confirmatio
1487 915 1724 950 transactionis
1756 917 1859 950 initae
1890 917 1975 950 inter

1281 970 1541 1002 communitatem
1565 968 1818 1002 Avem‘mzensem
1833 973 1861 1003 et
1877 970 1976 1003 mini-

1282 1026 1363 1055 stros
1387 1022 1468 1065 ressis
1492 1022 1757 1055 christianissimi
1773 1031 1868 1065 super
1883 1022 1975 1065 siquo

1281 1086 1334 1108 seu
1351 1075 1435 1108 bullo
1450 1076 1642 1118 apponendo
1656 1077 1781 1119 pannis
1796 1076 1905 1109 sericis
1917 1086 1976 1118 per

1286 1128 1410 1161 Galliae
1440 1139 1575 1171 reqnum
1604 1129 1848 1162 transvehendis
1872 1127 1977 1172 ibique

1282 1181 1457 1214 vendendis
1467 1181 1488 1214 ³.

1446 1296 1580 1324 clemens
1595 1297 1674 1331 Papa
1692 1297 1769 1332 vm,

1379 1351 1414 1377 ad
1434 1350 1567 1377 futuram
1586 1350 1630 1378 rei
1651 1351 1830 1379 memoriam.

1282 1447 1368 1487 Quae
1388 1447 1428 1480 ad
1449 1452 1634 1480 nostrorum
1662 1448 1867 1482 subditorum
1889 1434 1975 1485 utili·
2016 1450 2136 1472 ¹³¹⁰f‘1fflm·
2179 1451 2189 1481 2

1238 1506 1335 1534 tatem
1357 1501 1473 1534 cedere
1493 1501 1739 1543 dignoscuntur,
1774 1513 1810 1535 ea
1838 1501 1976 1535 libenter

1237 1554 1466 1598 approbamus,
1488 1566 1524 1588 ac
1544 1555 1740 1599 apostolicae
1757 1555 1977 1589 confirmatio-

1237 1608 1286 1641 nis
1308 1608 1426 1644 rohore
1448 1609 1698 1649 communimus,
1726 1615 1823 1653 prout
1850 1610 1883 1643 in
1908 1611 1973 1645 Do·

1237 1661 1325 1694 mino
1342 1661 1516 1694 salubriter
1533 1661 1749 1705 conspicimus
1769 1662 1928 1707 expedire.

1267 1716 1296 1758 -§
1322 1714 1350 1747 l.
1375 1714 1484 1758 Nuper
1503 1714 1664 1759 siquidem
1683 1715 1874 1749 dilectorum
1893 1716 1975 1750 fitio-
2021 1725 2100 1754 ¹:⁴1¹!an
2115 1724 2172 1745 mmi-
2187 1735 2196 1744 ι

1951 1769 1957 1776 ,
1989 1751 2026 1773 stri
2034 1757 2114 1772 sericas
2122 1752 2193 1772 mer-'r
2208 1752 2209 1755 ’

1236 1778 1307 1801 rum
1330 1768 1499 1800 consulum
1524 1773 1554 1801 et
1578 1768 1818 1802 communitatis
1838 1769 1975 1804 civitatis
1989 1777 2173 1826 ssgssii'imiffssss

1236 1827 1365 1854 nostrae
1382 1820 1614 1855 Avenionensis
1638 1822 1782 1863 nomine,
1806 1834 1864 1867 per
1889 1823 1971 1857 dile·
1989 1829 2193 1879 ffiffeiiaiiiflffffl'?

1237 1880 1321 1908 ctum
1334 1874 1436 1908 filium
1450 1875 1658 1908 Laurentium
1672 1875 1862 1920 Dreperium
1870 1876 1973 1911 V.I.D.
2091 1873 2096 1879 ’

1237 1928 1368 1961 illorum
1395 1938 1607 1969 assessorem,
1630 1935 1661 1962 et
1681 1930 1767 1973 apud
1788 1940 1847 1963 nos
1867 1935 1975 1965 orato-

1238 1992 1317 2021 rem,
1338 1981 1433 2015 nohis
1453 1981 1633 2026 expositum
1653 1982 1721 2023 suit,
1746 1983 1844 2027 quod,
1869 1994 1941 2017 cum
1959 1994 1977 2017 a

1238 2034 1346 2067 multis
1371 2034 1480 2075 annis,
1510 2034 1682 2069 deficiente
1707 2036 1774 2069 sere
1798 2036 1886 2070 omni
1912 2036 1976 2070 alio

1238 2087 1445 2128 commercio,
1474 2093 1504 2121 et
1528 2089 1640 2121 eadem
1670 2088 1806 2130 civitate,
1836 2094 1899 2123 tarn
1919 2101 1979 2134 per

1239 2141 1430 2184 apostolicas
1448 2141 1684 2183 concessiones,
1708 2153 1803 2186 quam
1821 2153 1880 2187 per
1899 2143 1979 2177 alios

1239 2193 1343 2227 varios
1364 2194 1490 2236 modos
1507 2205 1558 2228 ars
1572 2195 1764 2229 conficiendi
1787 2206 1912 2240 pannos
1930 2207 1979 2230 se·
2168 2200 2182 2238 ,3
2204 2238 2206 2245 ,

1239 2246 1322 2280 ricos
1343 2247 1391 2280 vix
1418 2253 1543 2281 retenta
1573 2254 1671 2290 esset,
1706 2248 1928 2290 nihilominus,
1960 2260 1979 2282 a
2167 2240 2182 2256 ³

1239 2299 1431 2343 quibusdam
1451 2301 1543 2334 annis
1561 2301 1651 2343 citra,
1675 2301 1780 2336 eidem
1802 2303 1899 2336 etiam
1917 2301 1978 2336 arti

2186 1575 2194 1594 ἑ

2177 1643 2192 1669 ,ξ
2202 1651 2211 1670 Q

1281 2415 1291 2441 1
1316 2417 1417 2452 Nempe
1436 2415 1481 2443 bic
1499 2415 1662 2443 omittuntur
1682 2415 1818 2444 clausulae
1841 2416 1979 2452 poenales,

1239 2455 1360 2499 quarum>
1370 2461 1515 2490 formulam
1527 2460 1611 2488 habes
1625 2460 1650 2487 in
1663 2460 1753 2488 Const.
1767 2461 1892 2497 praeced.
1906 2461 1919 2497 ἓ
1936 2462 1979 2496 14,

1240 2516 1300 2543 pag.
1327 2507 1362 2533 98
1382 2506 1420 2540 (R.
1435 2508 1483 2534 ΤΛ.

1274 2551 1290 2578 2
1310 2551 1437 2578 Mendose
1452 2550 1535 2577 Maiu.
1550 2549 1578 2576 in
1594 2553 1668 2576 textu
1684 2549 1749 2585 legit
1763 2550 1829 2577 idus
1850 2551 1930 2584 iulii}
1945 2550 1980 2578 ad

1240 2604 1324 2631 marg.
1336 2599 1428 2623 autem
1445 2596 1478 2622 10
1493 2595 1573 2627 tutin
1589 2594 1680 2630 itaque
1691 2594 1910 2622 coniecturaliter
1923 2603 1980 2623 cor-

1239 2640 1351 2676 rigimus
1365 2647 1390 2669 vi
1404 2640 1470 2668 idus
1485 2639 1554 2667 iulii
1567 2639 1606 2674 (R.
1621 2642 1668 2672 τ.).

1274 2685 1291 2712 3
1311 2683 1347 2711 Ex
1364 2684 1469 2719 Regest.
1487 2683 1514 2710 in
1529 2683 1632 2711 Secret.
1653 2683 1729 2711 [trev.
