2227 3241
52 229 103 257 An.
119 228 148 257 C.
169 228 238 257 1603

122 612 152 633 Ad
167 612 237 635 alium,

54 645 117 665 quam
132 638 159 659 ad
174 638 237 659 Audi·

55 668 121 686 torem
139 665 237 691 praedic-

54 694 97 712 tum
115 694 135 712 et
150 691 237 717 Episco-

53 724 110 745 pum,
129 718 237 744 appellare

54 747 189 766 atreum-rere
197 750 239 766 om·

54 772 116 793 nibus
125 773 189 793 votat.

86 1518 205 1541 clausulae.

128 2267 244 2298 Derogatio

62 2298 223 2318 contrariorum.

859 227 997 252 CLEMENS
1022 228 1079 252 v111
1104 228 1150 251 Pr.

251 276 393 312 minandi
418 281 449 311 et
477 274 654 317 decidendi,
681 274 808 320 aliaque
833 274 867 308 in
893 285 989 319 prae·
1026 276 1147 309 annulo
1171 275 1352 315 Piscatoris,
1383 274 1434 308 die
1452 284 1496 307 xn
1521 273 1628 318 aprilis
1653 283 1766 314 nocui,

252 330 368 370 missis,
395 334 427 363 et
449 329 534 363 circa
559 339 595 362 ea
619 328 807 368 necessaria,
833 339 889 362 seu
915 339 993 372 quo-

252 383 430 418 modolibet
448 388 632 427 opportuna
645 381 793 423 faciendi,
816 381 948 425 gerendi
963 386 1007 415 et-

252 437 441 482 exequendi,
461 437 600 482 plenam,
621 437 758 480 amplam
777 440 807 470 et
831 441 988 479 opportu-

253 502 327 526 nam
352 491 535 525 facultatem
552 496 584 523 et
604 489 827 524 auctoritatem
845 489 994 523 concedi-

253 556 326 579 mus
350 550 382 578 et
406 543 617 588 impertimur.

298 599 315 640 5
333 597 363 631 7.
383 596 567 630 Mandantes
581 600 752 640 propterea
766 600 829 628 tam
848 605 994 629 commu-

251 651 356 691 nitati,
371 649 582 690 universitati,
599 649 740 693 collegiis
756 655 786 683 et
812 659 991 693 congrega-

252 704 393 738 tionibus
418 703 685 747 quibuscumque,
715 713 813 746 quam
844 701 995 735 omnibus

253 763 284 792 et
303 756 436 800 singulis
452 755 585 797 civibus,
605 755 730 795 incolis,
747 755 947 795 comitativis,
965 760 994 788 et

253 811 365 855 quovis
378 809 474 843 modo
486 809 723 843 habitatoribus
736 808 840 842 dictae
850 808 994 845 civitatis,

253 863 433 904 comitatus,
443 861 594 897 territorii
607 866 637 896 et
654 861 883 895 iurisdictionis
898 861 993 895 Cene-

253 916 362 956 tensis,
374 916 433 950 sub
447 915 795 956 excommunicationis,
806 915 902 948 etiam
915 914 995 947 latae

253 969 443 1009 sententiae,
459 969 593 1012 aliisque
607 968 752 1003 censuris
769 973 800 1002 et
812 967 925 1012 poenis
939 967 997 1002 Ec·

254 1023 438 1057 clesiasticis
453 1023 522 1067 ipso
541 1023 625 1056 facto
645 1021 849 1055 incurrendis
869 1021 901 1054 iu
921 1032 997 1055 casu

255 1076 537 1117 contraventionis,
554 1075 586 1109 in
605 1075 709 1110 causis
727 1074 996 1120 appellationum,

254 1129 532 1171 reclamationum,
549 1139 751 1169 recursuum,
766 1128 951 1162 nullitatum
968 1133 999 1161 et

257 1183 467 1218 restitutionis
491 1183 524 1216 in
553 1182 714 1226 integrum
745 1181 996 1226 praedictarum,

257 1248 298 1272 ne
323 1236 434 1277 alium,
455 1235 564 1279 quavis
584 1235 774 1269 auctoritate
799 1235 997 1277 fungentem,

259 1301 356 1335 quam
381 1290 599 1334 supradictum
614 1289 790 1322 auditorem
815 1294 906 1321 tuum
927 1293 958 1321 et
972 1291 1000 1321 te

258 1345 362 1389 ipsum
375 1372 382 1384 ‚
407 1343 517 1377 ordine
537 1348 569 1377 et
591 1343 693 1377 forma
714 1352 811 1387 supra
835 1342 1000 1385 expressis.

259 1400 372 1445 quovis
381 1399 526 1444 quaesito
541 1399 662 1438 colore,
672 1397 720 1430 vel
734 1402 898 1441 praetextu
912 1396 1000 1429 adire

257 1454 396 1490 audeant
414 1463 471 1487 seu
489 1456 703 1497 praesumant.

302 1509 318 1553 g
342 1508 371 1542 8.
389 1508 516 1552 Sicque,
536 1513 568 1541 et
583 1517 649 1541 non
666 1505 769 1546 aliter,
789 1505 822 1538 in
846 1504 1002 1549 praemis-

257 1564 303 1598 sis
327 1563 480 1597 omnibus
504 1568 535 1596 et
559 1561 694 1605 siugulis
719 1561 758 1595 de
780 1566 906 1595 caetero
931 1570 1002 1604 per·

257 1616 362 1662 petuis
387 1615 503 1650 futuris
532 1615 732 1660 temporibus
760 1613 922 1648 observari
948 1614 1002 1648 de-

257 1672 356 1712 bere,
384 1681 421 1704 ac
453 1669 496 1703 ita
527 1681 586 1714 per
622 1679 847 1714 quoscumque
883 1667 1003 1702 iudices

257 1724 437 1760 ordinarios
461 1730 492 1758 et
516 1724 689 1768 delegatos,
717 1722 811 1757 etiam
834 1733 1002 1756 causarum

257 1778 368 1814 Palatii
393 1778 566 1823 Apostolici
601 1777 763 1812 auditores
788 1788 824 1810 ac
849 1776 879 1810 S.
908 1777 943 1809 R.
969 1777 1003 1810 E.

258 1834 448 1874 cardinales,
468 1831 594 1866 sublata
610 1831 667 1871 eis,
685 1837 717 1866 et
736 1842 848 1865 eorum
873 1830 1005 1864 cuilibet

259 1888 369 1933 quavis
400 1886 493 1921 aliter
516 1885 680 1920 iudicandi
713 1890 744 1919 et
772 1884 1004 1928 interpretandi

258 1942 410 1976 facultate
427 1946 460 1975 et
483 1939 685 1980 auctoritate,
713 1938 846 1972 iudicari
873 1943 904 1971 et
928 1937 1006 1971 defi-

259 1995 321 2030 niri
343 1995 473 2035 debere,
496 2006 531 2028 ac
556 1994 683 2027 irritum
701 1999 731 2027 et
756 1991 850 2026 inane
868 2020 876 2034 ,
905 1992 1002 2037 quid-

260 2048 338 2094 quid
363 2059 455 2083 secus
480 2058 576 2092 super
592 2047 641 2081 his
656 2058 673 2080 a
691 2057 868 2091 quoquam,
897 2047 1006 2091 quavis

259 2102 460 2142 auctoritate,
484 2101 621 2135 scienter
644 2102 692 2134 vel
717 2101 912 2144 ignoranter,
931 2111 1006 2134 con-

260 2155 367 2199 tigerit
383 2154 542 2196 attentari,
554 2154 766 2194 decernimus,
789 2153 958 2187 statuimus
976 2158 1006 2187 et

260 2209 457 2244 ordinamus.

304 2263 320 2307 5
343 2261 373 2297 9.
400 2262 468 2296 Non
492 2261 693 2296 obstantibus
721 2260 1005 2294 constitutionibus

260 2322 291 2351 et
315 2316 578 2351 ordinationibus
604 2314 788 2360 apostolicis
809 2342 815 2355 ,
842 2326 879 2349 ac
904 2315 1006 2349 dictae

260 2369 421 2404 Ecclesiae
446 2369 641 2410 Cenetensis,
661 2369 810 2413 illiusque
844 2367 980 2402 civitatis
995 2395 1002 2409 ‚

261 2423 358 2458 etiam
382 2423 576 2463 iuramento,
602 2421 848 2456 confirmatione
873 2427 1002 2466 aposto-

260 2478 342 2518 lica,
371 2478 419 2511 vel
444 2477 556 2522 quavis
581 2476 733 2510 firmitate
757 2475 817 2509 alia
848 2474 1005 2509 roboratis

261 2532 387 2566 statutis
411 2537 443 2566 et
463 2529 753 2565 consuetudinibus
770 2556 777 2569 ‚
803 2528 1005 2574 caeterisque

261 2584 430 2620 contrariis
454 2584 724 2629 quibuscumque.

305 2639 420 2674 Datum
450 2639 571 2673 Romae
606 2637 692 2684 apud
719 2637 749 2672 S.
782 2637 922 2672 Marcum
946 2635 1006 2671 sub

1027 329 1231 373 pontificatus
1257 329 1357 363 nostri
1383 339 1467 362 anno
1484 338 1528 362 xli
1546 327 1567 361 ¹.

1062 389 1121 418 Dat.
1143 391 1186 418 die
1206 391 1241 418 12
1260 391 1352 427 aprilis
1374 391 1452 425 1603,
1473 390 1570 426 pontif.
1592 399 1637 418 an.
1659 398 1706 418 xii.

1329 580 1473 614 CCCXIV.

1029 678 1282 712 Dismembralio
1302 687 1398 710 curae
1414 678 1605 710 animarum
1621 678 1662 710 ab
1679 678 1772 711 cccle-

1073 741 1124 774 sia
1151 741 1257 773 sancti
1291 741 1466 784 Triphonis
1494 740 1532 773 de
1564 741 1665 781 Urbe,
1689 750 1774 784 quae

1073 804 1190 836 unitur
1203 803 1351 836 ecclesiae
1363 803 1394 836 S.
1412 803 1436 837 A
1446 803 1595 846 nauseam·
1607 813 1681 836 cum
1700 803 1773 837 Sta-

1077 867 1203 900 tionum
1230 866 1446 900 translatione
1469 867 1490 899 Ἰ.

1247 957 1379 985 Clemens
1396 957 1476 991 Papa
1489 958 1567 989 vm,

1157 1007 1193 1034 ad
1213 1009 1392 1041 perpetuam
1411 1006 1456 1034 rei
1475 1006 1656 1034 memoriam.

1077 1079 1121 1111 Ex
1141 1078 1285 1113 iniuncto
1316 1078 1409 1112 nobis
1442 1077 1609 1123 apostolici
1635 1078 1778 1112 muneris

1033 1130 1155 1172 debito,
1183 1130 1223 1164 ad
1255 1142 1291 1165 ea
1316 1131 1453 1165 libenter
1481 1131 1689 1172 intendimus,
1724 1141 1779 1176 per

1033 1195 1116 1229 quae
1140 1185 1398 1219 christifidelium
1419 1184 1598 1218 animarum
1618 1195 1726 1225 curae,
1750 1189 1780 1218 et

1034 1238 1134 1272 divini
1155 1238 1259 1272 cultus
1276 1244 1449 1282 augmento
1469 1238 1681 1283 opportunius
1706 1248 1780 1271 con-

1034 1293 1167 1333 sulatur,
1187 1298 1282 1337 prout
1298 1293 1330 1326 in
1347 1293 1482 1327 Domino
1507 1292 1675 1327 salubriter
1698 1302 1777 1326 con-

1034 1345 1187 1390 spicimus
1207 1346 1365 1391 expedire.

1714 216 1732 249 7
1782 226 1831 252 An,
1849 225 1876 252 c.
1899 225 1966 253 1603

1820 1088 1941 1110 Exordium.

1079 1401 1094 1444 g
1119 1400 1148 1432 1.
1171 1399 1249 1433 Cum
1274 1399 1381 1442 itaque
1404 1398 1571 1432 ecclesiam
1593 1400 1693 1432 sancti
1713 1399 1779 1432 Tri-
1816 1408 1980 1429 nasmembmno

1796 1438 1817 1456 et
1827 1441 1877 1456 unio
1893 1436 1918 1455 de
1934 1434 1981 1460 qui·

1035 1452 1150 1497 phonis
1171 1452 1203 1485 in
1224 1453 1353 1495 regione
1378 1452 1485 1496 Campi
1505 1452 1607 1485 Martii
1624 1452 1663 1484 de
1695 1453 1781 1487 Urbe
1796 1462 1970 1484 busmrumrct.

1037 1505 1233 1540 monasterio
1254 1506 1388 1538 fratrum
1413 1505 1519 1539 Sancti
1541 1505 1710 1549 Augustini
1743 1506 1782 1539 de

1036 1561 1147 1595 eadem
1165 1560 1247 1595 Urbe
1263 1560 1389 1594 Ordinis
1407 1560 1619 1594 Eremitarum
1639 1560 1781 1595 eiusdem

1036 1615 1135 1649 sancti
1161 1614 1331 1658 Augustini
1360 1613 1544 1657 contiguam
1572 1614 1724 1656 existere,
1754 1620 1785 1649 et

1037 1680 1146 1703 curam
1171 1668 1350 1702 animarum
1377 1669 1482 1703 eidem
1508 1668 1661 1702 ecclesiae
1685 1670 1783 1704 sancti

1037 1723 1207 1767 Triphonis
1223 1722 1473 1762 incumbentem,
1493 1732 1618 1756 necnon
1636 1721 1785 1766 reliquia-

1039 1788 1111 1811 rum
1136 1777 1278 1810 eiusdem
1305 1776 1461 1810 ecclesiae
1485 1775 1585 1809 sancti
1614 1774 1785 1819 Triphonis

1039 1841 1096 1874 per
1115 1829 1249 1863 dilectos
1274 1830 1357 1863 filios
1376 1829 1517 1874 priorem
1542 1835 1573 1862 et.
1601 1830 1713 1862 fratres
1738 1829 1785 1862 di-

1039 1884 1081 1918 cti
1102 1883 1286 1917 monasterii
1307 1884 1409 1917 sancti
1429 1882 1598 1926 Augustini
1615 1882 1716 1926 (quod
1737 1882 1785 1915 in-

1039 1938 1128 1982 signe
1153 1937 1265 1978 existit,
1290 1942 1321 1971 et
1338 1938 1472 1971 fratrum
1490 1947 1626 1971 numero
1650 1941 1681 1970 et
1712 1936 1780 1970 suf-

1040 1992 1180 2027 ficieutia
1193 1992 1232 2024 ad
1248 1990 1432 2025 huiusmodi
1446 2001 1556 2024 curam
1575 1990 1784 2024 exercendam

1040 2047 1192 2080 refertum
1207 2045 1265 2087 est)
1280 2044 1483 2079 commodius
1496 2049 1526 2078 et
1540 2044 1675 2084 facilius,
1688 2054 1783 2088 quam

1040 2111 1096 2145 per
1119 2100 1199 2133 alios
1226 2099 1408 2133 sacerdotes
1432 2098 1572 2132 exerceri
1598 2108 1690 2142 posse
1710 2108 1785 2131 con-

1040 2153 1300 2193 sideraverimus3
1311 2163 1347 2186 ex
1356 2153 1403 2186 his
1414 2158 1445 2186 et
1456 2151 1525 2185 aliis
1540 2150 1785 2185 rationabilibus

1039 2207 1142 2241 causis
1153 2207 1295 2240 animum
1309 2212 1454 2239 nostrum
1466 2205 1679 2245 moventibus,
1696 2210 1784 2238 motu

1040 2259 1182 2303 proprio,
1209 2264 1239 2292 et
1265 2269 1301 2291 ex
1326 2263 1412 2291 certa
1434 2263 1543 2290 nostra
1575 2256 1717 2295 scientia,
1748 2266 1785 2288 ac

1040 2312 1079 2347 de
1103 2312 1298 2357 apostolicae
1322 2310 1487 2356 potestatis
1506 2309 1717 2354 plenitudine,
1745 2309 1784 2340 ab

1076 2422 1087 2447 1
1105 2420 1160 2447 Hac
1173 2419 1267 2446 eadem
1283 2418 1327 2446 die
1342 2417 1465 2445 Clemens
1476 2417 1531 2444 suis
1547 2415 1644 2443 litteris
1659 2415 1685 2442 in
1700 2415 1786 2443 forma

1040 2464 1142 2497 Brevis,
1164 2463 1262 2500 quibus
1278 2463 1383 2490 initium
1406 2466 1459 2489 est:
1483 2463 1561 2494 Quae
1584 2469 1638 2496 pro
1664 2461 1785 2489 Ordinis

1039 2510 1133 2543 vestri,
1155 2508 1325 2536 confirmavit
1341 2506 1481 2543 privilegia
1501 2505 1591 2534 omnia
1610 2506 1644 2532 ab
1660 2509 1785 2533 anteces-

1038 2553 1146 2581 soribus
1176 2551 1351 2580 Pontificibus
1380 2558 1511 2579 concessa
1535 2549 1626 2577 Ordiui
1654 2550 1683 2577 S.
1712 2548 1786 2577 Pauli

1041 2598 1121 2626 Primi
1142 2599 1290 2626 Eremitae.

1074 2644 1091 2671 2
1105 2643 1143 2671 Ex
1154 2643 1262 2680 Regest.
1275 2643 1302 2670 in
1319 2642 1421 2670 Secret.
1439 2640 1576 2670 Brevium.
