2227 3241
68 249 116 276 An.
133 248 160 276 G.
186 247 253 275 1609

83 791 156 813 Partes
165 796 251 812 concor-

66 818 123 839 diam
132 818 250 839 confirmari

65 847 145 872 petunt.

137 1273 248 1294 Confirmat

65 1299 149 1321 Paulus.

913 250 1031 274 ramus
1054 251 1073 274 V
1093 251 1131 274 FP
1138 269 1143 273 .

266 295 371 329 minus
389 295 516 329 interim
532 307 596 330 non
615 296 787 341 suspendet
801 297 1008 340 solutionem⁷

264 360 370 394 neque
396 349 553 394 impediat
581 350 796 394 subdelegatis
823 351 1009 395 exequutio-

264 412 338 436 nem
368 403 554 445 exactionis,
578 410 608 436 et
626 415 723 448 super
743 405 893 438 omnihus
915 404 1007 438 iusti<

267 456 342 490 tiam
369 456 607 498 administrent,
633 463 663 490 et
683 457 760 491 alias
780 464 877 502 prout
900 458 930 491 in
952 469 1009 502 pu-

265 509 351 543 blico
381 510 519 555 desuper
544 522 561 544 a
590 511 708 545 dilecto
737 511 804 545 silio
831 511 950 545 Ioanne
972 512 1010 545 de

265 564 427 605 Talavera,
445 564 550 598 scriba
568 565 657 608 regio
676 571 705 598 et
719 565 849 609 publico
867 565 1006 607 notario,

266 617 325 650 sub
352 617 403 651 die
434 629 477 652 vll
509 618 627 652 mensis
663 618 799 652 ianuarii
834 619 1010 662 praesentis

267 670 341 703 anni
366 681 464 705 MDcix
485 672 632 705 confecto
651 671 866 706 instrumento
884 672 1010 717 plenius

267 724 385 758 dicitur
402 725 572 759 contineri.

312 780 328 821 ξ
350 778 380 812 3.
410 779 488 813 Cum
514 785 632 820 autem,
662 785 725 813 tam
754 780 921 824 Philippus
943 791 1007 821 rex,

267 843 363 876 quam
387 823 529 877 capitula
552 839 583 866 et
615 839 715 867 status
736 833 941 868 ecclesiastici
962 844 1029 867 re-y

267 896 404 929 gnorum
426 887 579 921 Castellae
598 893 628 920 et
642 887 789 930 Legionis
811 888 1007 929 huiusmodi,

266 939 399 983 cupiant
416 938 624 974 concordiam
642 941 828 975 huiusmodi
847 952 906 986 pro
926 943 1010 976 illius

267 993 380 1026 maiori
398 994 561 1028 validitate
580 995 774 1039 apostolieae
792 995 1010 1029 confirmatio-

267 1047 315 1080 nis
335 1048 453 1081 robore
475 1049 689 1090 communiri,
707 1060 743 1082 ac
760 1056 933 1094 propterea
954 1061 1009 1084 no-

264 1101 313 1135 bis
339 1101 506 1136 humiliter
530 1102 704 1147 supplicari
731 1104 894 1143 fecerunt,
918 1111 952 1137 ut
979 1106 1010 1137 ln

264 1155 450 1200 praemissis
468 1162 651 1200 opportune
672 1157 842 1201 providere
864 1158 902 1191 de
921 1158 1010 1191 beni-

265 1209 386 1252 gnitate
407 1210 583 1254 apostolica
609 1210 836 1253 dignaremurj,

310 1263 376 1306 gli.
404 1264 477 1304 Nos,
505 1264 558 1308 qui
585 1264 727 1297 honestis
754 1265 836 1307 regis
862 1271 889 1298 et
917 1266 1005 1310 capi-

267 1316 407 1349 tulorum
434 1317 672 1361 praedictorum
700 1319 780 1351 votis
800 1319 938 1351 libenter
955 1330 1009 1351 an-

265 1370 417 1411 nuimus,
455 1382 556 1415 eaque
591 1372 750 1405 favoribus
781 1373 1010 1416 prosequimur

263 1424 647 1468 opportunis,eumdem
680 1425 865 1470 Philippum
898 1438 1007 1469 regem

264 1488 300 1510 ac
325 1478 505 1521 singulares
527 1489 680 1522 personas
706 1479 922 1522 capitulorum
950 1480 1008 1513 hu-

264 1531 402 1565 iusmodi
424 1542 441 1564 a
462 1532 626 1577 quibusvis
651 1534 1004 1575 excommunicationis,

263 1585 483 1628 suspensionis
504 1592 534 1619 et
557 1586 730 1627 interdicti,
751 1587 886 1631 aliisque
908 1589 1008 1620 eecle-

263 1638 398 1671 siasticis
423 1639 601 1680 sententiis,
626 1640 770 1677 censuris
792 1646 821 1674 et
844 1642 966 1684 poenis,
991 1653 1007 1675 a

264 1691 333 1725 iure
347 1692 394 1725 vel
416 1692 455 1725 ab
474 1692 616 1734 homine,
641 1694 751 1736 quavis
772 1694 940 1728 occasione
960 1697 1006 1729 vel

264 1747 358 1779 causa
382 1746 464 1785 latis,
488 1746 512 1779 si
539 1747 655 1790 quihus
681 1748 928 1790 quomodolibet
954 1750 1003 1782 in-

264 1799 401 1833 nodatae
427 1800 587 1841 existunt,
612 1801 650 1833 ad
678 1801 825 1834 effectum
856 1813 1007 1846 praesen—

265 1852 343 1885 tium
370 1853 536 1886 dumtaxat
570 1855 858 1898 consequendum,
893 1856 1005 1889 harum

263 1906 345 1939 serie
371 1907 570 1940 absolventes
601 1913 630 1940 et
655 1908 819 1941 absolutos
843 1909 909 1942 sore
935 1920 1008 1943 oen-

264 1965 379 2001 sentes,
399 1970 525 1994 necnon
544 1961 737 1994 eoncordiae
756 1967 785 1994 et
804 1962 1005 1996 instrumenti

264 2013 504 2057 praedictorum
526 2014 667 2047 veriores
699 2020 824 2048 tenores
849 2026 1003 2059 praesen-

265 2066 348 2100 tibus
381 2077 439 2110 pro
470 2068 626 2111 expressis
653 2067 816 2109 habentes,
841 2070 1003 2113 supplica-

265 2120 405 2155 tionibus
421 2122 577 2162 incliuati,
591 2122 797 2156 concordiam
812 2122 1007 2161 huiusmodi,

264 2180 295 2207 et
313 2175 386 2208 inde
403 2181 537 2219 sequuta
557 2187 792 2220 quaecumque,
815 2177 909 2210 etiam
928 2178 952 2210 si
968 2179 1005 2211 ad

264 2229 462 2262 exactionem
477 2230 687 2273 pecuniarum
705 2230 734 2262 in
750 2231 860 2263 (uidem
877 2242 1007 2265 concor—

264 2281 315 2314 dia
333 2288 578 2323 contentarum,
609 2283 703 2316 etiam
727 2290 799 2317 ante
822 2284 1005 2318 huiusmodi

263 2341 404 2369 nostram
434 2337 736 2375 confirmationem,
771 2339 799 2370 in
824 2344 922 2371 totum
959 2340 1003 2371 rel

266 2390 296 2422 in
323 2396 446 2434 partem
468 2391 508 2423 sit
529 2401 729 2434 professum„
755 2393 929 2435 apostoliea
952 2404 1004 2425 au-
1023 2423 1024 2436 ,

264 2443 419 2484 ctoritate,
446 2450 555 2477 tenore
577 2445 809 2488 praesentium,
839 2447 1002 2489 approba·
1023 2450 1024 2469 ἲ

265 2507 336 2530 mus
361 2504 390 2530 et
411 2498 653 2536 confirmamus,
680 2498 804 2542 illisque
830 2506 1004 2543 perpetuae

266 2556 296 2583 et
321 2550 514 2584 inviolabilis
540 2551 734 2595 apostolicae
765 2552 927 2585 firmitatis
953 2563 1024 2595 ro-;

265 2604 327 2637 bur
346 2604 534 2643 adiicimus3
558 2606 742 2649 supplentes
764 2616 875 2639 onmes
896 2612 925 2639 et
943 2607 1004 2639 sin·
1023 2605 1024 2613 ¹

266 2658 368 2701 gulos,
398 2664 459 2691 tam
488 2660 563 2692 iuris
585 2669 681 2702 quam
709 2659 791 2700 tac-ti,
816 2659 1024 2699 detet·tus‚si³

1692 237 1755 271 595

1045 300 1100 342 qui
1126 300 1231 331 forsan
1264 297 1495 332 intervenerint
1515 298 1547 330 in
1570 297 1711 337 eisdem,
1739 307 1792 330 ea-

1027 363 1107 397 ,que
1128 353 1178 396 (ac
1198 352 1281 386 tam¹
1305 352 1411 397 quoad
1430 352 1580 396 capitula,
1602 362 1683 396 quae
1702 351 1792 384 nullo

1047 406 1143 439 modo
1164 406 1337 450 praedictis
1358 406 1552 440 concordiae
1582 412 1612 440 et
1639 406 1792 440 distrihu-

1045 459 1122 492 tioni
1145 459 1357 494 interfuerunt
1376 470 1434 494 nee
1457 460 1518 493 illis
1536 466 1789 499 consenserunt,

1046 512 1169 545 etiamsi
1192 513 1222 547 S.
1244 514 1279 546 R.
1312 514 1345 546 E.
1375 513 1555 547 cardinales
1588 513 1706 546 fuerint
1738 523 1790 546 ec-

1046 566 1158 599 clesias
1185 573 1212 600 et
1243 567 1304 600 alia
1324 568 1480 601 beneficia
1500 568 1711 612 possidentes,
1732 578 1791 600 nec

1045 630 1109 653 non
1132 621 1283 661 decimas,
1307 621 1476 665 primitias,
1505 627 1533 654 et
1560 621 1639 655 alios
1668 621 1790 654 fructus

1046 673 1076 705 in
1099 674 1182 707 dicta
1203 675 1376 708 concordia
1408 685 1573 719 expressos
1605 675 1789 718 exigentes)

1045 727 1148 760 valida
1167 734 1195 761 et
1219 729 1362 762 efficacia
1381 739 1459 769 esse,
1485 735 1515 762 et
1531 740 1589 774 per
1607 739 1661 762 eos
1678 739 1790 763 omnes

1046 780 1275 815 inviolabiliter
1300 783 1464 816 observari
1487 783 1617 824 debere,
1639 783 1790 827 ipsosque

1046 835 1084 868 ad
1106 835 1233 868 illorum
1254 837 1399 869 omnium
1419 837 1677 870 observationem
1697 843 1726 870 et
1744 847 1791 870 so-

1046 889 1212 929 lutionem,
1238 891 1388 924 omnibus
1408 891 1476 931 viis,
1501 901 1537 924 ac
1559 891 1636 924 iuris
1661 896 1691 924 et
1716 891 1789 924 sacti

1046 943 1207 984 remediis,
1233 944 1302 986 cogi
1329 950 1356 977 et
1379 944 1529 988 compelli
1556 955 1647 988 posse
1676 951 1706 978 et
1732 945 1788 978 de-

1045 996 1139 1035 bere,
1168 997 1383 1031 decernimus.

1090 1051 1105 1092 ξ
1124 1050 1152 1083 5.
1176 1051 1386 1085 Absolventes
1403 1052 1511 1092 etiam,
1535 1054 1560 1086 si
1582 1063 1663 1096 opus
1682 1053 1787 1093 suerit,

1045 1109 1107 1136 tam
1128 1104 1230 1147 ipsum
1251 1104 1431 1149 Philippum
1448 1116 1568 1148 regem,
1585 1116 1680 1151 quam
1696 1117 1789 1150 quos-

1044 1168 1183 1201 cumque
1202 1159 1268 1191 eius
1288 1159 1459 1199 ministros,
1478 1170 1601 1193 necnon
1618 1171 1788 1204 quascum-

1044 1222 1106 1254 que
1127 1212 1358 1245 ecelesiasticas
1392 1218 1454 1245 tam
1489 1214 1669 1247 saeculares
1690 1225 1786 1258 quam

1044 1265 1206 1307 regulares
1232 1276 1396 1310 personas,
1422 1277 1439 1300 a
1459 1267 1624 1311 quibusvis
1645 1268 1788 1301 censuris

1044 1324 1073 1350 et
1092 1319 1214 1361 poenis,
1232 1319 1256 1352 si
1276 1330 1355 1363 quas
1373 1326 1505 1364 propter
1518 1321 1694 1364 praemissa
1712 1331 1789 1365 quo-

1045 1372 1222 1405 modolibet
1241 1373 1446 1413 incurrerint,
1469 1374 1591 1407 etiamsi
1611 1375 1642 1407 in
1665 1375 1788 1417 irregu-

1045 1425 1203 1458 laritatem
1225 1426 1366 1470 aliquam
1391 1427 1575 1467 inciderint,
1599 1438 1635 1460 ae
1662 1428 1784 1467 missas,

1043 1484 1072 1511 et
1094 1479 1156 1511 alia
1175 1479 1280 1513 divina
1302 1480 1406 1513 officia
1433 1480 1572 1521 interim,
1598 1491 1660 1514 non
1681 1487 1787 1514 tamen

1045 1532 1074 1564 in
1100 1539 1321 1577 contemptum
1349 1534 1505 1575 clavium,
1535 1535 1784 1574 celebraverint,

1042 1596 1139 1629 super
1159 1598 1222 1630 qua
1248 1587 1484 1630 irregularitate
1510 1588 1718 1629 huiusmodi,
1742 1589 1787 1622 sic

1043 1650 1099 1683 per
1130 1651 1183 1673 cos
1215 1641 1319 1674 forsan
1353 1642 1601 1685 quomodolibet
1633 1643 1787 1681 incursa,

1043 1693 1156 1726 harum
1178 1695 1260 1727 serie
1282 1695 1514 1739 dispensamus,
1536 1707 1594 1729 nec
1616 1702 1787 1740 propterea

1043 1747 1162 1780 srut‘e'tus
1188 1749 1394 1781 eeclesiarum
1423 1756 1451 1782 et
1478 1750 1711 1783 beneficiorum
1731 1750 1787 1783 ob-

1043 1807 1204 1834 tentorum
1233 1813 1308 1835 suos
1328 1813 1393 1836 non
1417 1804 1526 1836 secisse
1552 1804 1613 1837 dici
1636 1810 1690 1837 aut
1711 1815 1785 1837 cen-

1041 1855 1101 1887 seri
1122 1856 1449 1899 possedeelaramus:
1475 1868 1510 1890 ac
1532 1858 1571 1890 ab
1590 1858 1634 1891 eis
1653 1868 1783 1891 omnem

1043 1909 1250 1942 inhabilitatis
1282 1911 1464 1951 maculam,
1499 1911 1564 1944 sive
1598 1918 1731 1951 notam,
1760 1913 1784 1945 si

1042 1973 1137 2006 quam
1170 1968 1302 2007 propter
1333 1964 1510 2008 praemissa
1540 1966 1784 2009 quomodolibet

1044 2017 1258 2055 incurrerint,
1287 2018 1464 2059 abolemus,
1489 2030 1606 2063 cosque
1629 2020 1659 2052 in
1678 2020 1784 2064 pristi-

1043 2081 1118 2103 num
1132 2077 1162 2104 et
1176 2082 1248 2104 cum
1265 2073 1370 2116 inquo
1386 2078 1458 2105 ante
1470 2073 1644 2117 praemissa
1654 2084 1785 2117 quomo-

1043 2124 1162 2157 dolibet
1186 2130 1274 2158 erant
1298 2131 1427 2168 statum,
1458 2126 1487 2159 in
1510 2127 1659 2159 omnibus
1681 2134 1709 2160 et
1728 2138 1784 2171 per

1042 2178 1161 2216 omnia,
1184 2179 1381 2212 restituimus
1400 2186 1429 2213 et
1450 2181 1594 2224 plenarie
1610 2181 1784 2223 reintegra—

1042 2243 1123 2273 mus,
1149 2243 1183 2265 ac
1207 2233 1380 2273 restitutos,
1410 2233 1565 2277 repositos
1589 2240 1617 2266 et
1638 2234 1781 2277 plenarie

1043 2286 1255 2328 reintegratos
1272 2298 1329 2330 per
1347 2293 1528 2331 praesentes
1543 2288 1737 2320 nuntiamus.

1087 2342 1101 2382 ξ
1128 2340 1156 2373 o.
1178 2341 1355 2378 Caeterum,
1387 2342 1426 2374 ad
1452 2341 1645 2375 obviandum
1674 2341 1781 2374 litibus

1041 2400 1070 2426 et
1091 2395 1328 2433 controversiis,
1353 2406 1434 2439 quae
1457 2396 1539 2427 inter
1560 2406 1711 2439 personas
1730 2406 1780 2428 et·—

1041 2447 1231 2480 clesiastiras
1263 2448 1340 2481 oriri
1374 2454 1521 2492 possent,
1557 2449 1669 2481 harum
1697 2448 1778 2481 serie

1022 2500 1250 2539 {declar-amus,
1279 2502 1317 2534 ad
1344 2501 1613 2534 contributionem
1640 2502 1775 2535 solutio-

1041 2564 1136 2590 num,
1169 2553 1352 2587 huiusmodi
1380 2555 1571 2587 concordiae
1593 2555 1701 2597 rigore
1727 2556 1774 2588 sa-

1040 2607 1238 2645 ciendarum,
1264 2608 1456 2641 monasteria
1474 2614 1504 2641 et
1525 2609 1593 2641 loca
1612 2609 1662 2652 pia
1681 2619 1777 2652 quae-

1076 2670 1085 2695 rl
1111 2669 1232 2696 Scilicet
1255 2671 1341 2698 etiam
1363 2676 1396 2696 'iu
1413 2676 1451 2696 T.»

1804 247 1854 274 An.
1875 247 1903 274 C.
1926 247 1991 275 1609

1823 1008 1906 1035 Easque
1919 1016 1929 1030 a
1943 1016 1989 1030 cen-

1803 1036 1858 1064 suris
1867 1042 1883 1056 si
1900 1042 1953 1063 quas
1964 1036 1989 1056 nli

1803 1063 1876 1083 iniiam
1902 1069 1990 1083 conim-

1803 1088 1991 1110 ttiamincurreriut

1803 1115 1902 1136 absolvit.

1824 2347 1846 2366 iCt
1857 2347 1882 2367 :til
1895 2353 1981 2367 runi-tir-

1797 2374 1856 2393 itata<
1865 2375 1980 2394 solutiones

1796 2403 1924 2420 inmun-term
1955 2408 1980 2419 e-

1794 2429 1844 2447 tiam
1853 2429 1871 2447 et
1887 2433 1922 2453 pia
1935 2427 1982 2447 lura

1796 2456 1835 2474 iult
1849 2457 1924 2475 teneri.
