2227 3241
17 269 68 296 An.
84 268 114 295 G.
131 267 199 295 ¹605

54 1020 146 1047 Ideoque
157 1022 198 1040 sta·

15 1047 56 1068 mit.
70 1052 145 1067 causas
159 1052 201 1072 ap-

15 1073 161 1100 pellationum.
182 1072 200 1092 si

15 1100 42 1122 cle
79 1099 201 1126 praecipuis

15 1126 77 1148 robus
87 1128 168 1152 agatur,
181 1126 201 1146 in

16 1152 110 1175 Romana
140 1153 200 1173 curia

16 1179 159 1201 tautummodo
167 1185 201 1199 es-

15 1206 201 1232 ”cognoscendas

16 1232 194 1254 aterminandas.

836 267 979 292 CLEMENS
1000 269 1057 293 vm
1074 269 1124 293 PP-

213 316 350 350 stra⁰rum
372 316 631 361 supradictarum
659 322 786 350 tenores
805 326 956 360 praesen-

214 369 299 404 tibus
322 380 383 414 pro
408 370 565 414 expressis
585 370 750 411 habentes,
775 374 865 402 motu
882 380 957 413 pro-

213 423 297 468 prio,
312 434 349 457 ac
360 433 397 457 ex
411 426 498 456 certa
509 426 618 457 nostra
630 423 773 464 scientia,
788 429 818 456 et
831 429 956 456 matura

213 476 447 511 deliberatione
472 476 661 520 praehabita
677 504 684 517 ,
713 483 744 509 et
769 479 836 509 tota
860 476 955 509 etiam

214 540 248 563 re
263 539 336 563 cum
350 529 475 563 dilectis
488 528 561 562 siliis
575 529 694 562 nostris
707 529 842 563 Camillo
856 529 956 562 sancti

213 582 410 627 Chrysogoni
427 582 603 625 Burghesio
618 593 654 616 ac
664 583 818 627 Pompeio
829 589 957 616 sanctae

214 636 365 670 Balbinae
378 635 558 676 titulorum,
579 636 609 669 S.
627 636 663 669 R.
681 636 713 669 Ε.
729 636 954 677 cardinalium,

213 689 386 732 diligenter
405 688 655 729 communicata,
677 699 713 722 ex
734 689 863 722 illorum
883 696 957 723 voto

214 753 251 776 ac
270 741 414 783 scientia,
435 741 597 775 indultum
615 742 815 786 praedictum
842 753 859 775 a
880 743 958 777 Gre-

213 795 307 838 gorio
330 795 579 839 praedecessore
613 806 802 829 concessum
819 823 826 837 ,
850 797 958 839 quoad

214 848 418 893 infrascripta
446 848 675 882 confirmantes
701 854 731 882 et
755 849 954 891 innovantes,

215 902 390 936 maiestatis
414 908 488 935 tuae
505 913 542 936 ac
562 902 735 946 praedictis
760 902 883 936 militiis
908 913 958 936 re-

214 965 354 998 gnorum
373 955 588 997 Portugalliae
602 960 633 989 et
650 955 888 998 Algarhiorum,
903 966 956 989 au-

215 1007 363 1041 ctoritate
383 1007 569 1052 apostolica,
591 1013 702 1041 tenore
723 1007 956 1052 praesentium,

215 1066 375 1105 perpetuo
396 1060 604 1094 concedimus
629 1066 660 1094 et
683 1061 900 1103 indulgemus,
925 1066 961 1094 ut

217 1124 332 1148 causae
357 1114 623 1158 appellationum,
647 1125 730 1159 quae
749 1126 767 1147 a
795 1115 959 1148 sententiis

216 1168 449 1201 conservatoris
480 1178 537 1201 seu
570 1174 831 1202 conservatorum
854 1168 956 1201 dicta-

216 1232 289 1255 rum
314 1221 503 1254 militiarum
534 1222 575 1255 ad
603 1232 662 1255 nos
687 1228 717 1255 et
742 1222 958 1266 Apostolicam

215 1275 330 1310 Sedem
361 1276 624 1320 interponuntur,
649 1287 705 1310 eae
730 1277 884 1310 nimirum
901 1305 908 1318 ,
928 1277 959 1310 in

215 1332 334 1376 quibus
359 1332 465 1375 agitur
489 1334 528 1366 de
553 1339 710 1377 perpetuo
734 1333 956 1377 praeiudicio,

215 1392 247 1420 et
274 1396 358 1430 quae
383 1396 448 1419 non
477 1392 552 1419 sunt
581 1387 700 1420 modici
726 1388 902 1428 momenti,
927 1389 959 1421 in

213 1440 360 1474 Romana
372 1440 465 1474 Curia
475 1451 548 1473 cum
561 1441 676 1473 effectu
690 1442 841 1483 cognosci
856 1448 883 1475 et
899 1448 960 1475 ter-

215 1494 333 1528 minari
354 1494 504 1535 debeant,
525 1494 567 1527 ita
584 1500 619 1527 ut
641 1494 674 1527 in
694 1494 756 1528 illis
778 1501 841 1528 tam
863 1497 960 1529 colle-

215 1553 286 1582 ctor
298 1548 458 1591 generalis
476 1559 573 1592 quam
590 1549 739 1590 nuncius,
760 1555 791 1582 et
805 1550 901 1583 etiam
920 1550 959 1584 de

216 1603 315 1636 latere
328 1602 453 1644 legatus
465 1602 557 1636 Sedis
574 1602 779 1646 Apostolicae
793 1603 824 1636 in
839 1604 957 1637 eisdem

215 1655 323 1698 regnis
340 1665 399 1699 pro
413 1660 560 1699 tempore
577 1655 724 1696 existens,
738 1656 846 1699 vigore
861 1658 960 1690 sacul-

217 1715 317 1743 tatum
328 1709 388 1743 sibi
399 1710 681 1743 comedendarum
697 1711 880 1744 nullatenus
892 1722 959 1745 sese

216 1762 432 1796 intromittere
456 1762 599 1807 possint,
623 1764 745 1796 nullam
767 1763 798 1796 in
820 1764 881 1797 illis
902 1775 959 1798 au-

216 1816 342 1851 diendis
363 1823 393 1850 et
413 1817 646 1859 cognoscendis
667 1817 889 1852 auctoritatem
912 1819 959 1852 rel

215 1871 398 1904 facultatem
432 1870 590 1911 babeant3
618 1871 678 1904 hac
705 1876 811 1904 tamen
836 1871 959 1905 adiecta

215 1924 401 1968 lege,quod,
410 1924 571 1968 pendente
585 1925 810 1968 appellatione,
822 1925 889 1969 ipse
900 1926 962 1959 col-

216 1979 318 2012 lector
337 1988 393 2011 seu
414 1978 552 2011 nuncius
569 1984 623 2011 aut
642 1978 765 2020 legatus
783 1979 870 2012 dicto
885 1989 961 2013 con-

215 2031 381 2072 servatori,
405 2042 423 2064 a
452 2042 516 2076 quo
538 2032 734 2075 appellatum
758 2032 852 2065 fuerit
869 2060 876 2073 ,
901 2033 960 2066 sub

216 2085 362 2120 censuris
387 2091 418 2119 et
441 2086 554 2130 poenis
585 2085 732 2119 inhibere
758 2086 881 2127 valeat,
905 2097 957 2127 ne,

216 2140 378 2184 pendente
389 2139 618 2184 appellatione,
631 2150 688 2173 seu
704 2140 842 2173 termino
855 2141 929 2174 dato
943 2151 961 2174 a

217 2193 288 2228 iure
298 2194 338 2227 ad
353 2193 582 2237 appellandum
595 2193 642 2226 vel
655 2194 695 2226 ad
710 2193 959 2237 appellationem

216 2247 500 2292 prosequendam,
524 2246 646 2291 aliquid
675 2252 828 2286 attentet;
852 2248 957 2291 quod-

217 2311 291 2345 que,
314 2300 340 2334 si
362 2306 569 2334 conservator
589 2300 656 2344 ipse
676 2300 798 2344 aliquid
819 2306 957 2334 attenta-

217 2353 307 2395 verit,
333 2360 408 2387 tunc
429 2354 583 2387 collector
603 2365 659 2387 seu
680 2354 817 2387 nuncius
838 2360 893 2387 aut
909 2355 956 2387 le-

217 2413 308 2451 gatus
338 2408 543 2452 praedictus,
572 2419 611 2441 ne
640 2408 764 2452 aliquid
791 2408 960 2441 innovetur

218 2462 398 2506 providere,
422 2474 459 2496 ac
479 2456 589 2496 omnia
609 2468 639 2496 et
660 2473 886 2506 quaecumque
908 2468 956 2495 at-

219 2520 338 2550 tentata
358 2526 520 2556 revocare,
539 2516 714 2560 omniaque
735 2516 767 2549 in
787 2516 958 2560 pristinum

219 2579 255 2603 ac
275 2569 308 2603 in
325 2569 459 2610 eisdem,
482 2569 514 2603 in
532 2569 649 2614 quibus
671 2575 764 2602 antea
782 2574 883 2609 erant,
899 2575 960 2602 sta-

220 2629 286 2658 tum
316 2629 348 2657 et
376 2623 552 2657 terminum
580 2623 749 2657 restituere
772 2622 873 2656 libere
903 2633 956 2655 va-

220 2677 280 2709 leat
296 2688 302 2708 z

281 2738 359 2765 fluct.
380 2739 462 2766 nom.
494 2755 513 2758 -
536 2739 592 2766 t'ut.
614 2739 662 2766 M.
843 2739 876 2765 23

1613 249 1615 251 ’
1640 258 1703 292 177

1036 319 1051 359 Q
1071 316 1100 350 7.
1125 318 1158 350 Et
1176 317 1309 351 ulterius
1328 318 1382 360 (nc
1403 317 1624 351 indifferenter
1638 327 1735 361 quae-

991 380 1128 413 cumque
1151 381 1276 407 causae,
1301 371 1395 404 etiam
1420 370 1537 404 modici
1564 370 1731 410 momenti,

991 434 1193 465 cummagno
1208 425 1346 467 partium
1362 425 1532 468 dispendio
1546 424 1576 457 in
1591 425 1734 458 Romana

990 476 1083 510 Curia
1108 477 1170 510 sint
1196 480 1466 521 prosequendae),
1502 485 1534 511 ut
1567 478 1634 522 ipse
1663 478 1732 512 col-

992 530 1093 563 lector
1117 530 1165 563 vel
1193 531 1329 564 nuncius
1357 542 1412 565 seu
1445 533 1567 574 legatus
1594 538 1736 565 caeteras

992 594 1102 617 causas
1137 585 1391 628 appellationum
1419 597 1436 618 a
1461 586 1627 619 sententiis
1659 586 1735 619 dicti

991 638 1244 676 conservatoris,
1275 637 1305 670 in
1332 638 1450 681 quibus
1471 649 1535 671 non
1566 639 1671 681 agitur
1699 639 1737 672 de

990 695 1149 733 perpetuo
1170 690 1381 734 praeiudiciO,
1406 696 1434 724 et
1457 702 1509 724 eas
1529 691 1638 732 etiam,
1655 702 1738 735 quae

992 743 1111 776 modici
1138 744 1255 776 tuerint
1282 744 1459 785 momenti,
1483 745 1566 777 infra
1596 745 1736 778 valorem

991 796 1144 829 nimirum
1166 797 1320 839 tringinta
1338 798 1529 831 ducatorum
1544 798 1614 831 auri
1629 798 1667 831 de
1681 798 1736 832 Ca—

992 853 1081 883 mera
1102 850 1274 892 inclusive,
1294 851 1365 885 licet
1388 851 1419 884 in
1441 851 1490 885 bis
1519 852 1558 885 de
1578 857 1736 896 perpetuo

993 904 1194 948 praeiudicio
1212 911 1336 947 agatur,
1361 915 1556 948 cognoscere
1577 911 1606 938 et
1625 905 1737 938 termi-

992 968 1070 990 nare
1101 958 1221 1001 possit:
1253 969 1351 1002 super
1383 958 1499 1003 quibus
1530 958 1681 991 omnibus
1708 965 1739 991 et

993 1010 1127 1053 singulis
1143 1011 1284 1054 plenam,
1308 1011 1443 1044 liberam
1465 1017 1495 1044 et
1513 1011 1654 1055 amplam
1675 1011 1738 1044 illis

993 1064 1178 1097 facultatem
1207 1070 1239 1098 et
1264 1065 1490 1098 auctoritatem
1517 1064 1734 1108 impertimur.

1038 1120 1054 1160 ξ
1076 1118 1104 1152 8.
1116 1119 1330 1153 Decernentes
1342 1119 1563 1163 supradictum
1576 1118 1736 1151 indultum

993 1170 1140 1214 Gregorii
1165 1172 1426 1216 praedecessoris
1452 1172 1492 1205 ad
1517 1171 1736 1216 praesentium

993 1225 1228 1268 praescriptum
1257 1226 1460 1259 moderatum
1488 1230 1518 1258 et
1538 1225 1736 1258 declaratum

994 1289 1062 1312 esse
1088 1284 1118 1311 et
1142 1279 1277 1319 censeri,
1301 1290 1338 1312 ac
1358 1279 1412 1319 ita,
1441 1285 1472 1312 et
1491 1289 1556 1312 non
1578 1279 1682 1319 aliter,
1705 1279 1737 1312 in

994 1332 1179 1376 praemissis
1205 1333 1308 1366 causis
1329 1332 1585 1376 appellationum
1611 1333 1650 1365 ab
1669 1343 1738 1365 om-

994 1387 1098 1425 nibus,
1110 1387 1148 1419 ad
1162 1397 1243 1430 quos
1253 1386 1421 1431 spectabit,
1435 1386 1737 1427 observaridebere,

992 1447 1245 1484 praesentesque
1266 1441 1389 1474 litteras
1403 1441 1442 1473 de
1456 1440 1675 1484 subreptionis
1689 1441 1737 1474 vel

993 1494 1206 1538 obreptionis,
1232 1501 1284 1527 aut
1307 1494 1464 1527 nullitatis
1492 1494 1589 1535 vitio,
1613 1505 1670 1528 seu
1692 1495 1739 1527 in-

994 1548 1145 1582 tentionis
1165 1554 1307 1587 nostrae,
1320 1549 1369 1581 vel
1383 1548 1446 1582 alio
1464 1558 1670 1592 quocumque
1685 1549 1739 1582 de-

993 1603 1078 1636 fectu
1103 1603 1227 1643 notari,
1256 1603 1459 1647 impugnari,
1487 1603 1657 1645 redargui,
1685 1609 1739 1636 aut

993 1657 1061 1689 ullo
1072 1667 1227 1700 umquam
1241 1662 1386 1700 tempore
1403 1656 1545 1697 infringi,
1560 1656 1738 1693 retractari,

994 1711 1150 1749 revocari,
1163 1711 1328 1754 suspendi,
1350 1710 1492 1750 limitari,
1510 1710 1607 1743 autin
1626 1710 1673 1743 ius
1692 1710 1738 1743 vel

994 1764 1244 1797 controversiam
1267 1764 1374 1797 vocari
1400 1774 1504 1807 posse,
1532 1764 1587 1796 sed
1612 1774 1740 1807 semper

994 1828 1031 1851 ac
1050 1824 1209 1862 perpetuo
1234 1818 1354 1851 validas
1380 1823 1410 1851 et
1435 1818 1579 1851 efficaces
1605 1817 1739 1850 existere

995 1877 1026 1904 et
1047 1872 1126 1911 sore,
1147 1882 1289 1915 suosque
1307 1871 1470 1915 plenarios
1485 1876 1514 1904 et
1533 1871 1674 1913 integros
1695 1871 1739 1903 es—

995 1925 1096 1958 fcctus
1112 1925 1219 1958 sortiri
1233 1931 1261 1958 et
1280 1925 1440 1965 obtinere.
1457 1935 1493 1958 ac
1511 1925 1554 1957 ita
1565 1935 1624 1968 per
1644 1934 1739 1968 quos-

995 1989 1134 2022 cumque
1160 1978 1281 2011 iudices
1303 1978 1485 2011 ordinarios
1511 1983 1541 2010 et
1562 1978 1736 2020 delegatos,

995 2033 1092 2066 etiam
1114 2042 1283 2065 causarum
1306 2032 1416 2065 Palatii
1443 2031 1621 2075 Apostolici
1646 2031 1737 2064 audi-

996 2092 1081 2119 tores
1094 2086 1234 2129 (sublata
1251 2085 1296 2119 eis
1314 2091 1470 2119 eteorum
1482 2085 1615 2118 cuilibet
1628 2084 1739 2128 quavis

996 2139 1090 2173 aliter
1111 2139 1274 2172 iudicandi
1291 2145 1321 2172 ct
1335 2138 1570 2182 interpretandi
1590 2138 1740 2171 facultate

995 2198 1026 2226 et
1046 2193 1249 2235 auctoritate)
1268 2192 1404 2226 iudicari
1419 2198 1449 2226 et
1463 2192 1591 2225 deliniri
1607 2192 1735 2229 debere..

995 2258 1031 2280 ac
1052 2247 1177 2280 irritum
1198 2252 1226 2279 et
1246 2246 1340 2280 inane
1354 2246 1514 2290 quidquid
1532 2256 1622 2279 secus
1643 2256 1739 2289 super

995 2300 1043 2333 his
1061 2311 1079 2333 a
1092 2310 1269 2345 quoquam,
1291 2300 1402 2343 quavis
1417 2299 1620 2337 auctoritate,
1636 2299 1738 2331 scien-

996 2360 1042 2387 tcr
1063 2354 1110 2386 vel
1129 2354 1328 2395 ignoranter,
1353 2353 1521 2394 contigerit
1550 2352 1711 2385 attentari.

1004 2419 1006 2421 ·
1040 2398 1055 2447 Q
1077 2407 1106 2440 9.
1131 2408 1200 2440 Non
1227 2406 1428 2440 obstantibus
1454 2405 1737 2439 constitutionibus

995 2468 1025 2494 et
1045 2461 1304 2495 ordinationibus
1329 2460 1525 2504 apostolicis,
1549 2472 1585 2492 ae
1610 2460 1737 2503 praedi-

995 2515 1053 2549 ctis
1075 2515 1189 2548 litteris
1210 2514 1338 2550 nostris,
1363 2525 1419 2547 net·
1441 2524 1506 2546 non
1528 2513 1679 2546 omnibus
1701 2513 1736 2545 il-

993 2569 1042 2609 lis,
1064 2580 1146 2612 quae
1160 2568 1344 2612 praedictus
1357 2568 1531 2608 Gregorius
1546 2568 1736 2611 praedeces-

994 2633 1047 2655 sor
1068 2622 1098 2656 in
1117 2622 1185 2656 eius
1211 2621 1323 2655 litteris
1348 2621 1520 2665 praedictis
1545 2620 1646 2654 voluit
1670 2630 1734 2654 non

994 2676 1133 2715 obstare,
1148 2675 1347 2719 caeterisque
1369 2674 1538 2708 contrariis
1558 2673 1734 2718 quibuscu-

1749 269 1798 295 Λῃ-
1816 268 1844 295 C.
1869 269 1936 296 1605

1772 331 1794 351 In
1805 331 1875 351 causis
1886 337 1936 351 vern

1749 358 1835 378 levioris
1845 363 1935 378 momen·

1751 385 1787 404 tia
1799 387 1934 404 conset-»atn-

1750 411 1809 431 ribus
1828 411 1854 431 ad
1873 411 1937 430 cutte-

1751 440 1829 458 σιω-ειη
1852 437 1937 463 praestt-

1751 466 1805 484 ctum
1816 465 1855 484 tuit
1865 465 1936 490 appel-

1752 491 1796 511 latri:

1781 1137 1901 1158 Ctausulae.

1768 2425 1881 2449 Dermgatw
1892 2431 1940 2446 run.

1753 2452 1873 2472 irari-nunt
