2227 3241
53 253 99 282 An.
118 251 145 279 C.
169 251 237 278 1610

90 1591 173 1614 ludices
188 1598 248 1613 secu-

63 1620 127 1644 lares,
137 1620 172 1646 qui
182 1620 248 1640 eccle-

64 1647 161 1667 siasticae
176 1651 249 1672 pei-so·

64 1679 100 1694 uas
122 1673 208 1694 trabunt.
222 1673 248 1694 ad

64 1705 102 1720 sua
123 1700 250 1723 tribunalia,

65 1727 143 1753 quique
181 1727 248 1747 eccle·

64 1753 172 1773 siastieam
187 1753 250 1774 libcr-

65 1781 128 1800 tatem
145 1780 164 1800 in
177 1780 249 1806 aliquo

64 1806 195 1833 pertineam.

899 246 1016 271 PAULUS
1035 246 1053 270 V
1070 247 1120 270 PP.

249 297 398 331 ciendum
424 297 472 330 vel
498 295 761 330 consentiendum
788 305 853 336 eos,
878 298 1008 328 contra¹

249 362 330 395 quos
348 351 426 384 tales
445 350 652 383 inhibitiones
671 355 872 390 emanarunt,
887 359 904 381 a
918 359 991 381 cen·
1007 342 1009 365 ³

249 405 332 438 suris
358 411 387 438 et
412 403 525 448 poenis
546 404 575 436 in
599 403 659 436 illis
680 402 838 437 contentis
855 401 988 439 absolvi,
1007 417 1009 437 ς

250 469 308 502 per
332 464 487 491 statutum
516 458 564 491 vel
591 457 668 490 alias
695 456 914 500 compellunt:
944 454 1009 491 vel,

252 513 500 557 exequutionem
527 512 704 545 litterarum
726 509 989 554 apostolicarum,
1008 521 1010 556 2¹

253 577 308 599 seu
335 565 623 610 exequutorialium
650 574 858 609 processuum
881 573 916 595 ac
937 558 1010 594 (ἰθ-ἱ

253 625 415 653 cretorum
449 618 688 663 praedictorum
705 645 714 658 ,
749 615 1011 660 quomodolibet*

253 673 444 717 impediunt,
463 673 510 706 vel
524 683 615 706 suum
632 672 671 705 ad
687 671 716 703 id
733 671 886 710 favorem,
912 679 991 701 con-

253 727 386 768 silium,
415 731 468 760 aut
493 736 657 760 assensum
689 729 875 769 praestant,
899 722 993 755 ctiam

254 786 419 824 praetextu
460 779 631 813 violentiae
666 777 887 822 prohibendae
907 804 914 816 ,
948 775 994 808 vel

255 834 389 868 aliarum
408 833 682 878 praetensionum,
706 842 761 865 seu
783 831 877 864 etiam
896 830 997 863 donec
1013 828 1015 844 ¹

256 888 314 932 ipsi
333 889 372 921 ad
393 898 451 921 nos
472 886 704 925 informandos,
729 890 763 918 ut
784 885 904 925 dicunt,
925 894 998 927 sup-

255 941 462 985 plicaverint,
490 946 545 973 aut
564 939 738 983 supplicari
761 938 891 971 fecerint
917 936 998 981 (nisi

257 994 507 1038 supplicationes
527 992 712 1026 huiusmodi
733 1002 839 1025 coram
859 990 952 1023 nobis
969 996 998 1023 et

257 1048 337 1082 Sede
362 1047 544 1092 Apostolica
568 1046 710 1089 legitime
731 1044 1000 1090 prosequantur),

258 1099 382 1133 etiamsi
401 1099 476 1132 talia
495 1098 730 1132 comminentes
744 1097 862 1145 fuerint
882 1096 1000 1140 praesi-

258 1154 369 1187 dentes
393 1153 670 1194 cancellariarum,
692 1151 912 1192 consiliorum,
926 1161 1000 1195 par-

258 1208 487 1247 lamentorum‚
512 1205 705 1245 cancellarii,
733 1203 998 1245 vicecancellarii,

259 1259 433 1294 consiliarii
472 1258 627 1292 ordinarii
670 1259 716 1292 vel
757 1257 1001 1291 extraordinarii

261 1323 544 1358 quorumcumque
568 1312 752 1356 principum
773 1311 999 1352 saecularium,

263 1367 388 1401 etiamsi
409 1366 580 1411 imperiali,
603 1366 715 1409 regali,
737 1365 853 1405 ducali,
875 1365 920 1399 vel
942 1364 1001 1398 alia

262 1431 467 1465 quacumque
499 1420 722 1464 praefulgeant
751 1419 922 1462 dignitate,
951 1423 1003 1451 aut

263 1474 517 1519 archiepiscopi,
541 1473 694 1515 abbates,
723 1471 1001 1513 commendatarii,

263 1540 318 1563 seu
336 1528 445 1561 vicarii
468 1528 595 1561 fuerint.

309 1585 325 1625 ἓ
344 1582 395 1615 15.
417 1582 514 1621 Quive
528 1593 563 1615 ex
579 1592 689 1615 eorum
705 1586 874 1625 praetenso
889 1579 1005 1621 ossicio,

264 1636 311 1670 vel
326 1636 366 1670 ad
381 1635 563 1669 instantiam
582 1635 692 1679 partis,
710 1639 762 1669 aut
776 1634 911 1668 aliorum
928 1644 1006 1678 quo-

265 1700 491 1734 rumcumque,
512 1699 666 1733 personas
691 1688 931 1728 ecclesiasticas,
956 1697 1007 1721 ca-

264 1743 386 1787 pitula,
411 1749 608 1783 conventus,
633 1742 766 1785 collegia
798 1742 1025 1787 ecclesiarunr

266 1807 558 1841 quarumcumque,
580 1807 688 1829 eoram
711 1807 743 1829 se
768 1796 807 1829 ad
834 1806 926 1829 suum
954 1790 1025 1833 tri-⁴,

266 1851 375 1891 bunal,
400 1850 617 1890 audientiam,
642 1849 879 1889 cancellariam,
904 1849 1008 1882 consi-

266 1905 366 1945 lium,
401 1905 448 1938 vel
481 1904 741 1948 parlamentum,
774 1909 901 1947 praeter
932 1903 1008 1936 iuris

266 1958 411 1992 canonici
434 1958 688 2002 dispositionem,
712 1957 840 1990 trabunt
861 1957 906 1989 vel
927 1956 1006 1989 trabi

267 2013 386 2046 faciunt
408 2013 455 2046 vel
481 2016 669 2056 procurant,
705 2012 825 2045 directe
851 2010 897 2043 vel
926 2010 1007 2043 indi-

267 2072 370 2108 recte,
394 2066 506 2110 quovis
532 2065 676 2109 quaesito
702 2064 827 2105 colore,
859 2074 917 2097 nec
945 2074 1007 2097 non

267 2119 321 2164 qui
339 2125 467 2160 statuta,
492 2118 724 2158 ordinationes,
749 2116 1006 2157 constitutiones,

268 2173 505 2217 pragmaticas,
530 2183 584 2206 seu
611 2171 741 2216 quaevis
771 2171 831 2204 alia
857 2170 1006 2211 decreta,

270 2228 299 2260 in
321 2237 439 2270 genere
458 2227 505 2259 vel
528 2227 558 2259 in
580 2226 696 2270 specie,
722 2236 756 2258 ex
778 2225 888 2269 quavis
905 2227 1010 2265 eausa,

271 2286 301 2314 et
322 2281 434 2325 quovis
451 2280 595 2324 quaesito
617 2280 735 2320 colore,
760 2289 795 2312 ac
810 2279 904 2312 etiam
921 2289 1011 2322 prae-

272 2340 358 2369 textu
383 2334 520 2368 cuiusvis
542 2333 781 2367 consuetudinis
807 2338 857 2365 aut
886 2332 1012 2376 privile-

273 2388 326 2431 gii,
350 2388 397 2421 vel
419 2388 496 2421 alias
517 2386 772 2431 quomodolibet,
794 2385 937 2425 fecerint,
962 2396 1012 2418 or-

274 2442 455 2475 dinaverint
480 2448 509 2475 et
535 2441 779 2485 publicaverint,
805 2441 850 2473 vel
875 2439 963 2473 factis
985 2445 1012 2472 et

273 2495 429 2529 ordinatis
447 2496 494 2528 usi
513 2495 641 2535 fuerint,
662 2494 747 2527 unde
766 2493 896 2527 libertas
914 2493 1014 2526 eccle-

273 2548 399 2582 siastica
430 2549 576 2589 tollitur,
605 2558 659 2581 seu
686 2548 716 2580 in
743 2547 851 2591 aliquo
876 2546 1015 2580 laeditur

274 2602 321 2635 vel
347 2602 562 2646 deprimitur,
586 2608 639 2635 aut
671 2601 748 2634 alias
782 2600 893 2644 quovis
919 2600 1014 2632 modo

1024 1927 1026 1937 t
1042 1902 1257 1945 Apostolicam
1273 1908 1301 1935 et
1317 1911 1537 1945 quascumque
1555 1899 1785 1934 ecclesiasticas

276 2655 490 2697 restringitur,
512 2666 565 2688 seu
592 2654 710 2688 nostris
738 2659 763 2687 ct
794 2654 896 2688 dictae
925 2653 1015 2687 Sedis

1668 231 1726 264 6-211

1024 304 1059 327 ac
1091 302 1370 337 quarumcumque
1405 291 1612 324 ecclesiarum
1645 289 1767 322 iuribus

1024 346 1281 391 quomodolibet,
1310 345 1430 378 directe
1455 344 1502 377 vel
1533 343 1700 383 indirecte,
1722 348 1767 375 ta-

1025 399 1087 432 cite
1113 400 1161 431 vel
1187 409 1345 442 expresse,
1370 397 1619 442 praeiudicatur.

1072 454 1087 494 ,ξ
1111 452 1159 485 16.
1176 453 1304 485 Necnon
1320 451 1374 496 qui
1393 451 1663 494 archiepiscopos,
1685 449 1768 493 epis-

1026 516 1135 549 copos,
1159 505 1303 549 aliosque
1329 505 1521 548 superiores,
1550 510 1578 537 et
1601 503 1768 537 inferiores
1922 546 1925 548 -

1027 559 1209 603 praelatOS,
1238 564 1267 591 et
1294 569 1405 592 omnes
1434 559 1513 591 alios
1546 568 1769 602 quoscumque
1785 547 1866 592 {fitilla
1877 550 1970 592 fflfttg‘?

1800 601 1881 619 aterum
1892 598 1971 618 iti-licia

1028 612 1149 647 iudices
1171 613 1400 646 ecclesiasticos
1426 612 1606 645 ordinarios
1627 621 1766 656 quomo·
1786 605 1974 671 {insinuit-sapen.

1786 657 1828 672 rta5
1850 657 1914 672 58981]
1925 658 1971 671 3¹¹¹*3

1029 666 1149 699 dolibet
1166 666 1225 699 bac
1243 666 1282 699 de
1304 668 1396 698 causa
1416 666 1535 698 directe
1554 666 1599 698 vel
1617 665 1770 698 indirecte
1787 681 1907 702 recurrunt,
1936 681 1973 698 ant

1787 709 1861 725 contra
1877 706 1923 725 illos
1935 705 1972 724 ati-

1030 719 1240 762 (carcerando
1262 719 1309 752 vel
1329 719 1526 752 molestando
1542 729 1653 751 eorum
1677 727 1771 760 agen—
1787 732 1971 758 quiddecernunt,

1033 777 1096 812 tes,
1129 778 1377 815 procuratores,
1414 772 1608 809 familiares,
1645 781 1770 804 necnon
1789 760 1972 806 iiiiiiiiffmn‘w‘

1031 825 1288 868 consanguineos
1314 831 1341 858 et
1363 825 1508 868 affines),
1532 831 1585 858 aut
1610 825 1686 857 alias
1708 825 1769 856 im-

1032 879 1176 923 pediunt,
1198 879 1371 923 quon‘iiuus
1396 881 1452 912 susi
1478 878 1700 912 iurisdictione
1722 889 1773 911 ec-

1033 933 1207 966 clesiastica
1235 938 1345 966 contra
1377 943 1599 976 quoscumque
1624 938 1772 971 utantur,

1033 987 1209 1020 secundum
1232 986 1318 1031 quod
1342 997 1492 1027 canones,
1517 992 1544 1019 et
1567 997 1676 1019 sacrae
1701 996 1776 1019 con-

1779 241 1827 266 An.
1848 240 1876 266 C.
1902 240 1968 266 1610

1830 466 1971 491 {inpedient-¹3

1784 494 1890 518 praelatos
1899 498 1924 512 ne
1933 498 1972 511 sua

1785 519 1930 539 iurisdictione
1949 524 1973 538 u-

1016 1040 1215 1091 ¹stitutiones
1236 1040 1480 1081 ecclesiasticae,
1505 1046 1531 1072 et
1552 1040 1680 1073 decreta
1701 1050 1773 1072 con⁴

1034 1094 1182 1127 ciliorum
1205 1094 1428 1137 generalium,
1453 1100 1480 1127 ct
1504 1093 1690 1138 praesertim
1708 1093 1776 1125 Tri-

1035 1148 1169 1189 dentini,
1189 1154 1344 1189 statuunt,
1366 1159 1400 1180 ac
1416 1147 1509 1181 etiam
1529 1158 1593 1187 eos
1617 1144 1682 1190 q‘ui,
1707 1152 1777 1190 post

1036 1201 1179 1246 ipsorum
1205 1201 1446 1235 ordinariorum
1475 1201 1521 1234 vel
1548 1202 1642 1234 etiam
1669 1201 1707 1233 ab
1734 1200 1778 1233 eis

1036 1255 1258 1299 delegatorum
1292 1266 1574 1299 quorumcumque
1603 1254 1778 1288 sententias

1037 1316 1089 1351 et,
1124 1310 1253 1344 decreta
1287 1316 1341 1342 aut
1373 1309 1449 1343 alifis
1479 1309 1537 1343 sori
1574 1308 1778 1342 ecclesiastici

1038 1364 1193 1398 iudicium
1226 1364 1419 1403 eludentes,
1449 1364 1487 1396 ad
1517 1363 1724 1396 cancellarias
1750 1368 1779 1395 et

1038 1418 1116 1452 alias
1141 1418 1246 1451 curias
1270 1418 1451 1451 saeculares
1477 1423 1658 1457 recurrunt,
1682 1422 1711 1450 et
1742 1416 1780 1448 ab

1039 1471 1100 1505 illis
1120 1471 1355 1516 prohibitiones
1374 1476 1403 1504 et
1422 1471 1571 1503 mandata
1590 1470 1683 1503 etiam
1705 1479 1780 1512 poe<

1040 1526 1123 1559 nalia
1156 1525 1328 1559 ordinariis
1354 1531 1405 1558 aut
1432 1523 1585 1567 delegatis
1610 1523 1782 1567 praedictis

1041 1580 1169 1613 decerni
1192 1586 1220 1613 et
1242 1586 1354 1613 contra
1374 1579 1443 1612 illos
1461 1579 1572 1622 exequi
1594 1584 1780 1622 procurant,

1040 1645 1094 1668 eos
1115 1645 1245 1678 quoque
1266 1633 1319 1678 qui
1347 1634 1425 1666 baec
1451 1633 1627 1666 decernunt
1655 1637 1685 1664 et
1710 1642 1782 1664 exe-

1041 1693 1197 1733 quuntur,
1226 1699 1280 1721 seu
1307 1688 1383 1720 dant
1408 1686 1574 1727 auxilium,
1598 1685 1780 1723 consilium,

1023 1741 1253 1785 tpatrocinium
1280 1747 1309 1774 et
1336 1742 1474 1774 favorem
1502 1740 1532 1772 in
1557 1740 1689 1773 eisdem.

1086 1796 1102 1837 ξ
1124 1794 1175 1828 17.
1197 1795 1294 1834 Quive
1310 1794 1558 1834 iurisdIctioneS,
1574 1804 1628 1826 scu
1651 1793 1781 1833 fructus,

1042 1848 1187 1881 redditus
1206 1855 1235 1881 et
1261 1853 1446 1891 proventuS,
1466 1847 1505 1880 ad
1532 1857 1588 1879 nos
1614 1852 1642 1878 et
1669 1846 1782 1878 Sedent

1854 1800 1983 1825 [sui-pantes

1801 1826 1862 1847 Sedis
1879 1826 1984 1852 :ts-ostob-

1801 1860 1838 1874 cae
1855 1856 1874 1874 et
1886 1859 1983 1879 quarum-

1801 1885 1890 1906 cumque
1913 1879 1984 1899 Fet-te<

1801 1913 1878 1927 siarum
1925 1912 1983 1926 iuris-

1801 1934 1916 1954 dictiones,
1954 1932 1985 1951 v··t

1803 1960 1985 1981 cdrimftnvtussa·

1801 1989 1941 2013 quadrantes

1043 1966 1195 1999 personas
1222 1955 1344 1988 ratione
1371 1954 1598 1995 ecclesiarum,
1625 1959 1784 1986 monaste-

1043 2010 1163 2043 riorum
1180 2015 1210 2042 et
1223 2009 1358 2042 aliorum
1379 2007 1611 2042 beneficiorum
1627 2007 1787 2040 ecclesias-

1045 2063 1179 2096 ticorum
1202 2062 1409 2106 pertinentes,
1433 2067 1599 2105 usurpant,
1624 2060 1670 2093 vel
1689 2060 1784 2093 ctiam

1044 2117 1154 2161 quavis
1176 2116 1344 2150 occasione
1366 2116 1413 2149 vel
1435 2118 1539 2157 causa,
1561 2115 1628 2148 sine
1649 2114 1783 2148 Romani

1046 2169 1207 2204 Pontificis
1234 2170 1278 2203 vel
1310 2170 1447 2203 aliorum
1481 2169 1520 2202 ad
1555 2169 1583 2201 id
1611 2167 1784 2209 legitimam

1045 2223 1225 2256 facultatem
1253 2222 1438 2256 habentium
1472 2223 1618 2266 express-51
1645 2221 1783 2259 lieentia,

1045 2282 1257 2320 sequestrant.

1091 2332 1106 2373 ξ
1129 2331 1179 2364 18.
1204 2330 1304 2371 Quive
1323 2330 1482 2370 collectas,
1503 2329 1654 2370 decimas,
1681 2329 1786 2370 taleas,
1804 2335 1989 2381 Μηῐιξξάιςῡέῐετέιῄῖ

1047 2384 1264 2428 praestantias,
1287 2390 1315 2417 et
1337 2383 1398 2416 alia
1419 2394 1515 2416 onera
1535 2382 1671 2421 clericis,
1696 2393 1787 2425 prae-
1804 2394 1829 2431 <¹¹

1048 2438 1116 2471 latis
1131 2443 1161 2471 ct
1177 2438 1247 2471 aliis
1269 2437 1413 2481 personis
1432 2435 1663 2475 ecclesiasticis,
1682 2446 1717 2468 ac
1736 2446 1788 2467 eo-
1804 2426 1874 2487 ssi‘cssiis
1896 2470 1932 2487 am
1955 2473 1989 2487 w-

1049 2502 1118 2525 rum
1146 2498 1176 2524 ct
1201 2491 1430 2531 ecclesiarum,
1455 2489 1735 2527 monasteriorum,
1759 2493 1788 2521 et
1805 2499 1849 2515 rum
1865 2493 1975 2514 trucum.

1048 2545 1185 2578 aliorum
1228 2544 1459 2578 beneficiorum
1497 2542 1788 2576 ecclesiasticorum

1049 2598 1152 2637 bonis,
1187 2598 1380 2641 illorumque
1409 2597 1583 2635 fructibus,
1612 2595 1789 2628 redditibus

1049 2659 1077 2685 et
1104 2652 1311 2696 proventibus
1333 2650 1530 2690 huiusmodi,
1556 2650 1674 2693 absque
1693 2649 1789 2682 simili
