2227 3241
267 291 319 319 An.
330 291 358 319 c.
381 292 448 320 1606
494 280 557 317 358

290 882 369 904 Causas
377 883 451 910 appet-

264 909 366 930 lationum
381 916 448 931 asen-

263 936 335 956 tennis
355 937 449 958 iudicum

263 963 322 983 urbis
344 964 449 989 (vicario.

265 990 406 1015 gubernatore
429 993 449 1011 et

263 1018 363 1037 senatore
377 1023 402 1038 ac
417 1017 449 1038 iu-

263 1042 449 1070 dicibusCapitolii

265 1070 366 1096 exceptis)
410 1077 449 1092 nec

263 1101 305 1116 non
327 1103 339 1117 a
363 1097 448 1123 quibus-

264 1127 353 1149 cumque
374 1124 448 1146 iudici-

264 1149 303 1169 bus
331 1152 390 1171 extra
413 1157 448 1172 cu·

264 1177 318 1196 riam
358 1177 448 1199 tatarum

264 1205 413 1228 cognoscendi.

465 339 700 374 commissarias
726 349 854 380 causas,
884 344 948 373 tam
977 339 1085 373 civiles
1105 350 1200 383 quam

464 393 598 437 (absque
617 393 751 426 alicuius
773 392 1019 436 irregularitatis
1035 403 1091 426 seu
1113 393 1203 426 inha-
1238 399 1288 427 tur
1308 393 1392 427 ultra
1411 403 1570 426 summam
1591 393 1806 427 ducentorum
1836 393 1970 428 ducato·
1989 408 2054 428 torem
2088 405 2184 427 aucam
2211 397 2215 431 ἐ

462 446 604 487 bilitatis‚
629 452 684 480 aut
704 446 864 487 infamiae,
893 447 942 480 vel
963 447 1101 480 cuiusvis
1126 447 1203 481 alte-

462 499 528 533 rius
552 500 729 533 sententiae
757 506 788 533 et
819 510 943 544 poenae
968 500 1202 534 ecclesiasticae

462 552 606 596 incursu)
621 553 804 587 criminales
818 558 850 587 et
863 554 986 595 mixtas,
1004 554 1202 587 coniunctim

461 606 508 639 vel
524 606 659 649 divisim,
674 607 705 640 in
720 607 831 641 eadem
844 607 937 642 Curia
951 607 1204 651 quomodocum-

462 670 524 703 que
541 660 589 694 vel
610 660 890 705 qualitercumque
905 667 1007 694 motas
1025 666 1056 695 et
1073 671 1203 695 moven-

462 712 530 754 das,
557 723 593 747 ac
619 713 703 747 inter
723 724 943 758 quascumque
964 720 1081 758 partes,
1106 714 1201 748 etiarn

458 767 519 810 'per
533 766 614 800 viam
633 767 860 811 inquisitionis,
877 773 932 802 aut
950 778 986 802 ex
1003 768 1111 801 officio
1124 778 1204 812 quo-

464 819 642 854 modolibet
661 820 874 865 pendentes¹3

508 875 524 917 g
542 873 595 908 10.
616 875 654 908 Et
671 886 753 919 quae
769 885 826 920 per
839 875 1087 920 appellationem
1102 886 1119 909 a
1133 885 1205 918 gra-

463 927 644 962 vaminibus
669 928 763 963 illatis
792 935 822 963 et
846 929 957 963 inferri
986 929 1201 969 comminatis,

463 993 520 1016 seu
533 982 698 1016 sententiis
712 982 884 1017 definitivis
903 984 952 1017 vel
973 983 1205 1028 interloquuto-

465 1035 520 1069 riis
538 1047 556 1069 a
576 1036 739 1080 quibusvis
765 1036 924 1070 iudicibus
956 1037 1146 1078 ordinariis,
1175 1042 1205 1071 et

464 1089 593 1123 arbitris
614 1095 710 1134 atque
738 1090 984 1124 arbitratoribus
1004 1091 1036 1123 in
1056 1091 1150 1124 Curia
1175 1097 1205 1125 et

463 1144 547 1178 Urbe
571 1146 743 1189 praedictis
772 1146 905 1190 (vicario
936 1151 1047 1180 nostro
1079 1157 1116 1180 ac
1148 1157 1204 1189 gu-

463 1198 635 1233 bernatore
656 1204 687 1233 et
706 1205 854 1233 senatore
876 1199 974 1243 ipsius
993 1199 1099 1240 Urbis,
1124 1199 1205 1233 iudi-

462 1251 616 1297 cibusque
641 1252 827 1297 Capitolinis
852 1253 1016 1286 dumtaxat
1041 1253 1203 1297 exceptis)

461 1316 498 1340 ac
511 1312 598 1340 extra
611 1307 741 1340 easdem
756 1306 884 1341 Curiam
906 1313 937 1340 et
949 1307 1080 1348 Urbem,
1098 1317 1116 1340 a
1133 1307 1203 1351 qui-

460 1359 662 1405 buscumque
687 1360 849 1399 iudicibus
868 1360 1041 1394 ordinariis
1062 1366 1092 1394 et
1117 1360 1203 1394 dele-

460 1413 551 1455 gatis,
579 1423 635 1447 seu
653 1413 782 1447 arbitris
802 1414 851 1447 vel
877 1413 1138 1454 arbitratoribus,
1166 1423 1203 1448 ac

461 1467 557 1500 etiam
578 1467 682 1500 dictae
705 1467 795 1501 Sedis
815 1467 944 1510 legatis,
968 1473 999 1500 et
1019 1477 1130 1500 eorum
1151 1467 1199 1500 vi-

461 1519 611 1563 celegatis
629 1520 661 1553 in
682 1520 774 1554 terris
791 1520 896 1554 eidem
915 1521 1079 1554 Romanae
1100 1521 1204 1554 Eccle-

461 1572 526 1606 siae
540 1573 679 1607 mediate
693 1574 741 1607 vel
762 1573 948 1607 immediate
968 1574 1131 1615 subiectis,
1149 1579 1203 1608 aut

462 1626 532 1660 aliis
557 1637 669 1661 eorum
697 1627 967 1670 gubernatoribus
987 1628 1036 1661 vel
1057 1628 1203 1661 officiali-

461 1679 520 1714 bus
545 1686 576 1714 et
595 1681 762 1725 quibusvis
788 1681 821 1714 in
845 1681 978 1715 seudum
1003 1682 1052 1715 vel
1071 1681 1203 1715 vicaria-

462 1739 530 1767 tum
560 1745 616 1768 seu
643 1734 721 1768 alias
749 1735 997 1779 quomodolibet
1021 1735 1199 1777 concessis,

461 1788 513 1821 et'
535 1798 594 1832 pro
616 1793 763 1832 tempore
781 1788 853 1822 latis
873 1794 904 1822 et
923 1789 1138 1833 promulgatis
1156 1789 1203 1822 in-

462 1841 659 1886 terpositam,
674 1852 730 1875 seu
744 1841 832 1883 alias,
849 1842 908 1876 ad⁸
922 1843 1068 1876 eamdem
1087 1842 1202 1876 Sedem

459 1904 518 1938 per
536 1894 619 1927 viam
637 1894 877 1928 reclamationis
904 1894 1062 1929 iudicialis
1079 1896 1129 1929 vel
1149 1907 1202 1930 ex-

460 1946 681 1988 traiudicialis,
705 1952 761 1981 aut
784 1947 940 1981 nullitatis
964 1948 1013 1981 vel
1038 1959 1199 1989 recursus,

461 2010 479 2033 a
499 2000 758 2045 quibuscumque
782 2001 950 2035 sententiis
970 2011 1202 2045 quorumcum-

461 2065 524 2098 que
548 2054 813 2096 Ordinariorum,
843 2056 939 2089 etiam
966 2062 1054 2089 extra
1078 2056 1201 2090 Statum

459 2107 730 2150 Ecclesiasticum,
748 2108 903 2143 hactenus
928 2109 1096 2144 devolutae
1113 2114 1197 2150 sunt,

460 2167 491 2196 et
511 2161 724 2207 imposterum
750 2162 959 2197 devolventur
971 2163 998 2203 ⁴3

490 2255 506 2287 '1
530 2259 594 2288 Heic
614 2260 789 2295 subintellige
804 2261 917 2295 audire,
932 2269 1109 2297 coquoscere,
1124 2262 1201 2290 ‹leci-

459 2304 525 2333 dere
538 2308 565 2334 et
578 2306 633 2340 fine
648 2306 742 2333 debito
767 2306 938 2341 terminare,
963 2314 1034 2342 quae
1059 2306 1141 2334 verba
1160 2305 1200 2334 le-

459 2354 556 2387 gentur
575 2355 669 2387 postea
688 2351 715 2378 in
735 2351 787 2378 fine
807 2351 865 2387 §11
884 2354 921 2385 (n.
943 2353 990 2385 T.).

495 2395 511 2422 2
531 2395 700 2432 Praepositio
709 2398 736 2424 et
743 2395 899 2423 redundans
914 2395 1030 2430 ridetur3
1041 2404 1101 2423 nam
1111 2404 1199 2424 sermo

460 2443 501 2467 est
516 2439 548 2468 de
562 2440 713 2469 sententiis
727 2444 818 2473 (antea
833 2440 922 2474 dictis)
946 2444 971 2467 et
995 2441 1200 2476 interloquuto-

460 2484 502 2512 ris
512 2492 566 2520 pro
583 2487 709 2520 tempore
724 2485 789 2512 latis
809 2487 836 2512 el
847 2485 1043 2519 promulqatis
1060 2485 1096 2519 (a.
1114 2486 1163 2516 r.).

494 2529 512 2556 3
533 2529 679 2566 Praeposit.
692 2529 729 2557 ad
744 2537 814 2565 quae
833 2529 860 2556 in
872 2529 935 2556 edit.
953 2529 1029 2556 Main-
1046 2533 1073 2557 et
1088 2529 1115 2556 in
1131 2529 1199 2557 Che-

460 2573 521 2600 rub.
538 2573 615 2601 deest
629 2574 783 2601 censuimus
802 2573 903 2609 requiri
919 2574 961 2608 (R.
976 2575 1025 2607 T.).

496 2618 511 2644 4
531 2617 596 2645 Heic
615 2617 732 2646 Cherub.
759 2618 792 2646 ad
817 2617 966 2653 marginem
981 2621 1069 2645 notat:
1092 2618 1149 2645 Hoc
1168 2620 1199 2646 tu

460 2663 588 2698 intellige
602 2664 687 2691 iuxta
705 2664 943 2698 reformationem
965 2657 1015 2692 Pii
1037 2663 1080 2690 IV
1092 2663 1140 2692 cit.
1166 2663 1199 2691 in

462 2708 578 2737 rubrica
593 2710 632 2743 (a.
655 2710 702 2743 τ.).

1046 291 1230 317 BULLARIUM
1249 292 1403 318 ROMANUM

1227 2627 1283 2655 pro
1299 2620 1410 2648 minore
1422 2619 1558 2654 partium
1569 2618 1720 2653 dispendio
1735 2617 1885 2646 reiterans
1892 2618 1969 2652 (nst).

1998 289 2048 317 An.
2059 289 2088 317 c.
2107 280 2178 325 τεο(
2209 270 2215 314 J

1282 342 1298 383 ς
1315 340 1367 372 11.
1387 340 1446 373 Eas
1463 339 1621 380 videlicet,
1639 339 1671 372 in
1689 339 1805 383 quibus
1822 350 1887 375 non
1904 351 1975 384 age·
1988 343 2182 401 „ggdssfflgssae
2213 376 2218 396 ξ

1237 457 1308 480 rum
1339 446 1408 480 auri
1434 447 1473 480 de
1492 446 1635 486 Camera,
1655 445 1725 480 aut¹
1746 447 1785 481 de
1806 457 1840 481 re
1862 458 1972 482 verum
1989 432 2180 491 ἓῗῖῗιῖἓῗιξὲᾚξ
2212 432 2214 479 l

1237 500 1377 534 valorem
1409 500 1593 544 praedictae
1624 511 1769 534 summae
1796 510 1861 534 non
1885 510 1976 535 exce·
1989 489 2092 543 {fflfffl
2106 485 2199 547 tiata-7³„

1238 554 1344 594 dente,
1375 564 1430 587 seu
1452 563 1533 597 quae
1554 553 1638 587 inter
1658 559 1689 587 et
1708 559 1821 587 contra
1847 563 1972 588 merca·
1990 537 2203 600 Ἒῖἒῖιηῗῖἵιῖἴῖιιὲἕᾼ

1240 612 1323 640 tores
1354 606 1458 640 dictae
1484 606 1597 641 Curiae
1629 615 1688 651 pro
1718 607 1977 651 quibuscumque
1990 595 2203 656 ῗιῗὲἶῗῖἓῗῗιμᾞῗῖζ.

1238 660 1379 703 negociis
1392 660 1431 693 ad
1446 670 1684 704 quamcumque
1696 670 1856 693 summam
1871 670 1978 694 ascen·
1991 643 2201 712 ἓὲιιῖιὲἷέ,ιῗιιὲζῗι“ἱ““ιί’ἶ’41

1239 714 1334 755 dant,
1370 720 1400 748 et
1424 724 1483 758 pro
1508 713 1642 747 notariis
1667 714 1749 756 tuis,
1777 725 1814 748 ac
1843 714 1925 748 inter
1947 697 2201 759 θῑρῗῖἓῖἓὲῗῶιῖψζ

1238 774 1349 802 contra
1366 768 1462 812 ipsos,
1485 778 1521 801 ac
1539 778 1651 802 eorum
1670 768 1807 802 familias
1823 779 1882 813 pro
1901 774 1979 803 tem·
2174 759 2199 785 ”l

1239 832 1317 866 pore
1337 822 1511 863 vertentur,
1531 822 1719 864 summarie,
1734 822 1930 866 sempliciter
1949 827 1980 856 et

1240 876 1278 909 de
1302 876 1411 920 plano,
1439 876 1507 910 sine
1532 876 1666 920 strepitu
1683 882 1715 910 et
1733 876 1836 919 figura
1854 875 1977 917 iudicii,

1239 929 1306 962 sola
1336 929 1470 963 veritate
1502 930 1645 974 inspecta
1676 935 1706 964 et
1737 940 1835 963 manu
1866 929 1977 972 regia,

1240 983 1380 1027 (absque
1402 984 1625 1018 observatione
1658 984 1893 1025 terminorum,
1924 982 1980 1027 qui

1240 1036 1278 1070 de
1303 1037 1384 1081 stylo
1408 1048 1464 1071 seu
1488 1037 1693 1072 ordinatione
1709 1037 1821 1071 Palatii
1846 1039 1981 1082 Aposto-

1239 1090 1303 1132 lici‚
1324 1097 1380 1125 aut
1396 1091 1473 1124 alias
1491 1091 1655 1124 observari
1673 1096 1908 1125 consueverunt
1924 1101 1980 1125 seu

1239 1145 1489 1189 consueverint),
1509 1146 1603 1179 etiam
1622 1145 1776 1189 privative
1790 1145 1899 1190 quoad
1917 1145 1980 1179 alia

1239 1198 1422 1238 tribunalia,
1447 1199 1525 1232 alias
1545 1198 1642 1232 ver0²
1665 1209 1825 1233 summam
1850 1199 1979 1243 praedi-

1238 1258 1321 1285 ctam
1350 1257 1404 1286 aut
1428 1252 1514 1286 illius
1538 1253 1680 1286 valorem
1705 1253 1915 1295 excedenteS‚
1942 1263 1979 1287 ac

1238 1305 1321 1339 inter
1339 1312 1369 1339 et
1394 1311 1507 1339 contra
1527 1305 1617 1346 alios,
1646 1316 1744 1350 quam
1769 1312 1975 1348 mercatores,

1236 1365 1406 1401 vertentes,
1426 1359 1557 1394 servatis
1576 1360 1730 1401 terminis,
1752 1365 1783 1393 et
1798 1359 1876 1394 alias
1892 1370 1979 1394 sum-

1238 1414 1338 1447 marie
1348 1414 1370 1455 ⁸,
1393 1419 1491 1458 prout
1507 1413 1539 1447 in
1564 1413 1818 1455 beneficialibus,
1841 1413 1979 1448 eisdem-

1237 1477 1300 1511 que
1326 1467 1470 1500 terminis
1503 1467 1811 1511 quomodocumque
1838 1467 1922 1500 male
1948 1472 1980 1500 et

1236 1520 1386 1561 nulliter,
1413 1525 1620 1565 praepostere
1641 1525 1672 1553 et
1691 1519 1824 1553 confuse
1848 1519 1943 1553 tentis
1953 1519 1976 1560 ⁴,

1236 1585 1295 1618 pro
1331 1574 1456 1608 minore
1487 1574 1628 1618 partium
1661 1573 1851 1618 dispendio,
1882 1573 1978 1607 etiam

1236 1627 1331 1661 unico
1363 1633 1536 1668 contextu,
1574 1626 1726 1661 citatione
1758 1632 1788 1660 et
1816 1626 1979 1660 audientia

1236 1680 1404 1723 reiterans,
1430 1681 1526 1714 etiam
1557 1691 1615 1725 per
1635 1679 1821 1714 affixionem
1840 1679 1978 1714 citatio-

1236 1745 1314 1767 num
1336 1744 1395 1778 pro
1414 1739 1560 1778 tempore
1578 1733 1798 1767 faciendarum
1817 1734 1858 1767 ad
1873 1733 1978 1767 valvas

1236 1788 1381 1832 ipsorum
1403 1787 1607 1822 citandorum
1628 1786 1846 1828 habitationis,
1870 1786 1977 1830 quoad

1236 1842 1394 1885 obligatos
1419 1841 1451 1874 in
1472 1842 1577 1875 forma
1598 1841 1749 1875 Gamerae
1768 1850 1824 1874 seu
1841 1850 1978 1883 guaren-

1236 1895 1343 1938 tigiae,
1360 1895 1471 1939 Ripae,
1487 1894 1633 1938 Ripettae
1647 1905 1683 1927 ao
1701 1893 1770 1927 aliis
1783 1892 1976 1937 supradictis

1235 1949 1350 1983 formis
1371 1948 1583 1993 exequutiviS,
1607 1954 1636 1982 et
1656 1948 1764 1992 quoad
1783 1947 1862 1981 alios
1886 1946 1978 1981 aliter

1236 2002 1417 2045 obligatos,
1450 2002 1505 2036 ubi
1536 2011 1601 2035 non
1638 2006 1751 2044 agetur
1783 2001 1823 2034 de
1854 1999 1976 2034 maiore

1235 2066 1330 2101 quam
1358 2055 1397 2090 de
1432 2055 1544 2099 viginti
1580 2055 1771 2089 ducatorum
1807 2053 1973 2095 summa⁵,

1271 2174 1281 2200 1
1306 2171 1427 2208 Intellige
1442 2175 1493 2200 aut
1508 2172 1540 2200 in
1556 2172 1659 2207 quibus
1674 2174 1793 2207 aymam
1808 2178 1879 2205 nam,
1896 2170 1918 2198 si
1932 2170 1974 2198 in·
2143 2207 2150 2213 ν

1234 2217 1339 2253 telligas
1354 2220 1406 2245 aut
1420 2224 1477 2244 non
1490 2219 1604 2251 aqetur,
1621 2210 1746 2252 'sequens
1774 2215 1898 2252 negativa
1913 2219 1975 2243 ante
2129 2215 2151 2255 ’ᾗή
2190 2234 2192 2239 .

1235 2270 1327 2290 vocem
1340 2262 1488 2290 eoecedente
1502 2261 1590 2289 omitti
1609 2261 1692 2289 debet
1705 2261 1742 2296 (n.
1753 2261 1801 2295 τ.).
2133 2259 2139 2272 ·’

1267 2307 1284 2334 2
1303 2306 1414 2342 Nempe:
1430 2307 1504 2334 alias
1517 2313 1582 2334 vero
1597 2314 1699 2333 causas
1714 2307 1753 2340 (a.
1771 2307 1822 2339 T.).

1268 2351 1284 2379 3
1303 2351 1411 2379 Scilicet
1424 2350 1490 2378 alias
1506 2358 1600 2378 causas
1624 2349 1778 2386 praedictas
1807 2354 1974 2384 cognoscere

1233 2397 1324 2424 valeas
1338 2395 1459 2424 seruatis
1478 2395 1595 2430 quidem
1619 2394 1754 2423 terminis
1777 2393 1825 2422 sed
1847 2396 1974 2422 caetero-

1233 2442 1304 2477 quin
1318 2442 1481 2470 summarie
1492 2444 1581 2477 prout
1601 2440 1667 2475 fieri
1689 2440 1759 2468 solet
1773 2439 1804 2466 in
1821 2439 1973 2475 beneficia·

1233 2486 1308 2514 libus
1326 2487 1365 2521 (R.
1381 2485 1431 2521 T.).
1886 2513 1894 2520 ι

1267 2531 1283 2557 t
1303 2531 1370 2558 Seu:
1390 2531 1416 2558 si
1433 2531 1554 2559 termini
1567 2529 1680 2565 fuerint
1690 2529 1898 2564 quomodolibet
1910 2537 1972 2556 ma-

1232 2575 1256 2602 le
1270 2575 1349 2609 tenti,
1365 2575 1437 2609 ipsis
1450 2574 1611 2602 summarie
1625 2575 1633 2607 (
1645 2577 1724 2609 prout
1744 2576 1838 2608 postea
1862 2572 1972 2606 dicitur)

1267 2664 1284 2692 5
1296 2663 1405 2691 Scilicet
1420 2662 1558 2698 praedicta
1569 2662 1682 2690 facultas
1692 2661 1724 2690 de
1733 2661 1858 2690 affixione
1872 2660 1971 2689 citatio·

1232 2716 1296 2736 num
1310 2707 1343 2737 ad
1360 2707 1448 2735 valvas
1473 2706 1646 2735 habitationis
1668 2707 1788 2743 ipsorum
1803 2705 1972 2734 citandorum
