2227 3241
246 270 336 299 A'n.C.
359 272 426 301 1606

247 341 317 365 viginti
340 341 431 366 quatuor

246 367 321 387 [ratres
340 366 368 386 all
383 366 430 386 sut,-

246 394 372 414 diaconatus
411 395 431 412 et

245 420 373 440 diaconatus
398 424 431 439 or-

245 446 314 467 dinem
330 446 431 472 respecti-

248 478 278 493 vo,

262 1242 376 1273 Derogatio
385 1248 433 1263 con-

250 1273 370 1290 tremorum.

294 2092 439 2121 Exemplorum

255 2120 313 2142 fides.

472 260 534 297 0276

447 326 573 353 tenores
593 319 814 364 praesentibus
834 329 892 363 pro
912 319 1110 353 sufficienter
1130 331 1183 354 ex-

446 373 565 418 pressis
583 373 750 414 ltabentes‚
770 373 956 407 huiusmodi
977 374 1184 418 supplicatio·-

446 428 540 460 nibus
569 427 722 468 inclinati,
748 427 787 461 de
811 428 1000 461 eorumdem
1027 428 1056 461 S.
1087 428 1122 461 R.
1147 428 1181 461 F„

447 480 658 514 cardinalium
692 480 845 522 consilio,
876 486 911 514 ut
941 481 1025 514 ultra
1057 487 1183 514 eentum

446 534 549 567 dictae
564 534 828 578 Congregationis
843 534 955 568 fratres
977 535 1008 567 in
1026 535 1187 579 presbytc-

447 593 534 620 ratus
559 587 672 621 ordine
697 587 908 628 constituto-5¹,
937 588 989 620 alii
1015 588 1183 621 duodecim

446 640 485 673 ad
503 640 753 674 subdiaconatus
771 651 807 674 ac
827 640 880 673 alii
899 641 994 674 etiam
1015 640 1184 674 duodecim

446 693 486 727 ad
508 694 695 729 diaconatus
712 706 819 728 sacros
836 695 966 729 ordines
987 696 1025 728 de
1042 695 1186 739 superio-

446 758 517 781 rum
536 759 667 783 suorum
689 749 830 789 licentia,
853 750 950 782 modo
976 755 1007 783 et
1031 750 1134 782 forma
1155 749 1184 781 in

447 801 609 846 prioribus
634 803 751 836 nostris
771 803 886 836 litteris
908 803 1082 848 expressis,
1105 813 1183 847 pro-

447 855 579 896 moveri,
604 860 635 888 et
654 855 795 900 promoti
816 855 848 889 in
874 856 948 896 illis,
971 857 1065 890 etiam
1088 856 1118 888 in
1140 856 1186 889 al-

448 908 524 942 taris
556 909 756 951 ministerio,
786 910 990 943 ministrare²
1014 910 1071 953 (ita
1100 910 1185 954 quod

448 962 577 1005 quando
607 962 705 1007 aliqui
732 973 767 997 ex
793 974 930 997 numero
961 969 1186 1008 promotorum

448 1014 633 1049 huiusmodi
646 1027 662 1049 e
676 1016 753 1050 vivis
766 1016 973 1058 decesserint,
989 1016 1042 1049 alii
1061 1016 1092 1049 in
1108 1027 1188 1049 mor-

449 1075 577 1102 tuorum
603 1069 711 1103 locum
736 1070 995 1113 substituantur)
1013 1070 1188 1114 apostolica

449 1123 656 1164 auctoritate,
689 1129 799 1156 tenore
823 1123 1058 1167 praesentium,
1083 1123 1185 1157 licen-

450 1175 524 1208 tiam
543 1176 751 1210 concedimus
771 1182 800 1210 et
822 1176 1038 1219 indulgemus.

493 1229 558 1272 gl».
583 1230 651 1263 Non
679 1230 879 1264 obstantibus
899 1230 1013 1264 litteris
1040 1230 1186 1273 Gregorii

449 1288 480 1316 et
500 1282 680 1324 Clementis,
701 1283 986 1328 praedecessorum
1008 1284 1187 1328 praedicto-

449 1347 533 1377 rum,
547 1342 577 1369 et
591 1336 754 1380 quibusvis
774 1337 844 1370 aliis
864 1337 1140 1381 prohibitionibus
1154 1347 1187 1370 a-

448 1389 622 1433 postolicis,
637 1400 673 1423 ac
687 1390 789 1423 dictae
801 1390 1076 1433 Congregationis‚
1092 1391 1187 1424 etiam

450 1443 645 1484 iuramento,
664 1443 910 1477 confirmatione
933 1445 1119 1488 apostolica,
1142 1445 1187 1477 vel

448 1497 560 1540 quavis
580 1497 732 1531 firmitate
753 1498 814 1531 alia
835 1498 1006 1539 roboratis,
1021 1498 1146 1531 statutis
1159 1504 1187 1531 et

450 1551 746 1592 consuetudinibus,
769 1551 943 1595 privilegiis
972 1562 1114 1596 quoque,
1135 1552 1183 1584 in-

450 1603 546 1636 dultis
566 1609 597 1637 ct
616 1604 730 1638 litteris
744 1604 927 1649 apostolicis
941 1605 972 1638 in
991 1605 1187 1638 contrarium

449 1657 701 1701 praemissorum
731 1658 976 1702 quomodolibet
1006 1658 1186 1699 concessis,

451 1711 649 1745 confirmatis
670 1717 700 1745 et
718 1712 912 1756 approbatis.
933 1711 1055 1752 Quibus
1079 1712 1186 1745 omni-

451 1764 509 1797 bus
530 1769 561 1797 et
584 1764 728 1808 singulis,
752 1775 863 1798 eorum
884 1771 1011 1798 tenores
1038 1776 1189 1809 praesen-

451 1817 535 1851 tibus
554 1829 614 1862 pro
635 1819 790 1863 expressis
805 1825 833 1852 ct
852 1819 891 1852 ad
909 1819 1041 1852 verbum
1064 1819 1191 1852 insertis

452 1870 617 1912 habentes,
640 1871 700 1905 bac
722 1872 787 1905 vice
816 1872 980 1905 dumtaxat
999 1878 1029 1905 et
1051 1872 1089 1905 ad
1111 1872 1188 1905 etse-

453 1929 536 1957 ctum
549 1925 798 1968 praemissorum
813 1925 995 1969 specialiter
1005 1931 1033 1958 et
1047 1936 1193 1970 expresse

454 1988 489 2010 ac
509 1978 661 2012 latissime
683 1979 886 2021 derogamus,
905 1979 1104 2023 caeterisque
1122 1990 1194 2013 con-

455 2031 560 2065 trariis
580 2031 849 2076 quibuscumque.

499 2084 565 2129 §5-
597 2085 750 2119 Volumus
782 2091 889 2119 autem
918 2091 952 2119 ut
977 2086 1193 2129 praesentium

457 2139 676 2184 transumptis,
698 2140 792 2173 etiam
812 2140 985 2184 impressis,
1009 2151 1106 2173 manu
1132 2140 1191 2173 ali-

457 2192 546 2226 cuius
559 2193 675 2226 notarii
691 2193 811 2237 publici
832 2193 1029 2238 subscriptis,
1048 2199 1078 2227 et
1091 2193 1195 2236 sigillo

455 2256 611 2290 personae
625 2246 657 2279 in
675 2246 829 2289 dignitate
848 2246 1060 2280 ecclesiastica
1079 2246 1196 2280 consti-

456 2305 541 2333 tutae
563 2300 705 2341 munitis,
726 2299 836 2333 eadem
858 2310 990 2344 prorsus
1010 2300 1090 2333 fides
1104 2299 1195 2333 adhi-

456 2354 570 2387 beatur
594 2353 725 2398 ubique,
749 2364 832 2398 quae
857 2353 1078 2397 praesentibus
1099 2353 1192 2387 adhi-

456 2407 597 2449 beretur,
620 2407 645 2441 si
682 2407 785 2441 forent
824 2406 983 2441 exhibitae
1011 2407 1057 2440 vel
1084 2412 1192 2440 osten-

458 2471 521 2494 sae.

502 2514 614 2547 Datum
640 2514 760 2548 Romae
788 2514 872 2558 apud
899 2514 928 2548 S.
958 2514 1108 2554 Petrum,
1137 2514 1195 2547 sub

483 2643 493 2667 l
508 2640 572 2668 Vide
582 2638 625 2667 htc
635 2649 660 2677 p.
671 2640 723 2668 270
731 2638 799 2666 infra
807 2638 961 2674 generalem
969 2636 1193 2666 habilitationem.

483 2686 498 2713 ‘2
518 2686 694 2722 Subintellige
711 2685 824 2721 possint
843 2685 881 2720 (R.
899 2683 946 2719 τ.)-

1026 269 1206 297 uULLAnttJM
1228 272 1380 298 ROMANUM

1211 2139 1356 2183 casdem
1383 2139 1479 2172 boras
1504 2138 1674 2172 canonicas
1704 2138 1839 2172 recitare
1873 2137 1969 2171 debe-

1212 2671 1518 2708 *animadvertentes
1540 2681 1576 2704 ex
1597 2670 1785 2704 recitatione
1813 2669 1969 2703 horarum
1983 2672 2165 2696 tationem-¹⁰²²·

2140 0 2203 70 3

2163 75 2189 89 ἱ,

1979 264 2028 296 An.
2041 268 2070 297 c.
2089 247 2189 308 1606?

1218 321 1338 353 annulo
1359 319 1529 353 Piscatoris
1549 319 1600 353 die
1620 329 1676 353 xm
1695 320 1801 354 martii
1822 320 1956 362 mneviu,
2179 306 2203 318 r*

1218 373 1423 417 pontificatus
1444 372 1542 406 nostri
1564 383 1648 406 anno
1669 382 1714 407 ιιι.

1255 451 1312 478 liat.
1334 452 1377 479 dte
1397 453 1429 479 13
1445 452 1534 479 martii
1556 451 1634 486 1008,
1657 451 1752 487 pontif.
1768 460 1812 479 an.
1829 458 1869 481 ut.

1219 576 1377 620 Sequitur
1394 576 1573 609 declaratio
1591 577 1676 610 circa
1689 587 1844 621 personas
1860 577 1961 611 huius

1265 629 1400 664 Ordinis
1413 630 1599 663 recitationi
1613 630 1772 664 horarum
1787 630 1960 665 canonica-

1264 693 1339 716 rum
1357 683 1515 717 addictas.

1460 809 1569 837 Paulus
1589 809 1668 844 Papa
1688 809 1720 843 V,

1341 861 1376 889 ad
1396 865 1572 897 perpetuam
1595 863 1640 890 rei
1659 862 1839 892 memoriam.

1266 959 1442 994 Ministerio
1455 960 1535 994 sacri
1551 961 1748 1005 apostolatus
1768 960 1867 995 officii
1887 960 1962 996 licet

1223 1013 1373 1047 immeriti
1400 1014 1629 1058 praesidentes,
1653 1015 1693 1048 ad
1718 1025 1775 1055 ea,
1799 1025 1856 1059 per
1880 1025 1962 1060 quae

1223 1067 1348 1101 divinus
1365 1068 1469 1101 cultus
1483 1073 1513 1101 et
1528 1067 1653 1101 devotio
1667 1074 1814 1111 augetur,
1826 1068 1964 1102 libenter

1224 1120 1430 1161 intendimus,
1453 1127 1483 1153 et
1503 1131 1584 1165 quae
1612 1126 1784 1165 propterea
1815 1120 1963 1155 ordinata

1223 1174 1317 1207 fuisse
1335 1173 1496 1215 dicuntur,
1517 1174 1682 1217 apostolici
1705 1174 1892 1208 muniminis
1911 1174 1963 1208 tir-

1224 1228 1342 1267 mitate‚
1361 1238 1432 1260 cum
1455 1238 1471 1260 a
1492 1228 1585 1261 nobis
1605 1228 1735 1272 petitur,
1755 1228 1958 1262 roboramus.

1268 1283 1283 1324 ξ,
1302 1281 1332 1314 1.
1353 1282 1438 1315 Alias
1455 1282 1614 1325 siquidem
1644 1282 1812 1316 statuimus
1829 1288 1860 1316 et
1877 1282 1963 1316 ordi-

1222 1334 1368 1367 navimus
1388 1328 1423 1367 ut
1443 1334 1557 1368 fratres
1572 1335 1836 1378 Congregationis
1855 1336 1961 1370 Iesua-
2001 1369 2061 1390 dim
2081 1368 2109 1390 ω
2127 1373 2162 1390 n-

1223 1393 1328 1421 torum
1355 1388 1394 1421 ad
1425 1398 1534 1421 sacros
1566 1388 1694 1422 ordines
1725 1399 1784 1433 pro
1817 1395 1962 1433 tempore
1976 1375 2194 1443 {{²?;jg¹¹⁰g„g¹;:³‘

1224 1441 1365 1485 promoti
1383 1452 1416 1474 ex
1432 1442 1586 1485 peculiari
1602 1442 1756 1486 cuiusque
1767 1442 1963 1486 obligatione
1977 1455 2049 1471 earum
2064 1448 2138 1470 teneri.
2160 1441 2162 1443 ’
2194 1450 2198 1451 ’

1225 1494 1318 1528 boras
1340 1495 1509 1528 canonicas
1530 1495 1562 1528 in
1583 1495 1694 1536 choro,
1715 1501 1833 1529 statuto
1851 1495 1889 1529 ab
1907 1495 1964 1530 Ec·
2110 1497 2112 1499 ’

1224 1548 1318 1582 clesia
1340 1553 1495 1592 tempore,
1517 1549 1651 1583 recitare
1669 1549 1835 1591 deberent,
1856 1547 1889 1582 in
1904 1548 1965 1583 illis

1224 1602 1344 1635 scilicet
1372 1603 1600 1644 conventibus,
1624 1603 1656 1636 in
1682 1603 1799 1647 quihus
1826 1608 1967 1647 quatuor

1225 1655 1334 1688 saltem
1356 1656 1466 1689 fratres
1480 1656 1699 1700 reperirentur
1720 1656 1749 1690 in
1765 1656 1863 1690 sacris
1879 1655 1966 1690 ordi·

1225 1709 1319 1743 nibus
1341 1709 1525 1751 constituti;
1550 1710 1580 1742 in
1607 1710 1676 1743 aliis
1697 1715 1804 1744 autem
1825 1719 1965 1744 conven-

1227 1763 1320 1803 tibus,
1340 1763 1393 1797 ubi
1414 1763 1734 1808 pauciores'quatuor
1748 1769 1853 1798 essent
1868 1763 1967 1797 sacris

1227 1817 1374 1860 ordinati,
1390 1823 1520 1862 possent
1534 1829 1586 1852 eas
1606 1818 1712 1861 etiam,
1733 1818 1788 1852 sed
1805 1818 1966 1863 privatim,

1228 1871 1375 1912 recitare3
1400 1871 1458 1915 ipsi
1481 1882 1555 1905 vero
1577 1872 1691 1905 fratres
1718 1872 1756 1905 ad
1782 1882 1889 1906 sacros
1909 1881 1964 1905 or-

1227 1923 1318 1957 dines
1336 1924 1475 1968 promoti
1497 1925 1680 1958 nullatenus
1694 1925 1903 1968 imposterum
1923 1929 1968 1958 te-

1228 1983 1381 2010 nerentur
1405 1977 1444 2011 ad
1470 1978 1691 2012 recitationem
1715 1977 1882 2012 Orationis
1905 1977 1968 2012 Do-

1228 2031 1368 2064 minicae
1381 2037 1410 2064 et
1423 2031 1645 2065 Salulatv'onis
1661 2031 1839 2075 Anyelicae
1853 2031 1886 2064 in
1905 2030 1968 2064 illis

1231 2084 1440 2128 temporibus,
1457 2084 1488 2117 in
1500 2085 1617 2129 quibus
1631 2085 1669 2118 ad
1684 2094 1766 2126 eam,
1779 2084 1967 2129 priusquam

2029 1288 2109 1310 statua
2126 1273 2171 1310 ιιῑεῗ

1976 1315 2072 1337 Pontifex
2080 1320 2166 1342 promo·v

1976 1343 2044 1363 motos
2052 1341 2079 1363 ad
2088 1347 2161 1364 sacro·
2168 1352 2175 1358 -

1231 2193 1316 2233 bant,
1338 2203 1372 2225 ex
1394 2192 1594 2235 praescripto
1618 2202 1748 2225 suarum
1771 2191 1970 2225 constitutio-

1231 2257 1306 2279 num
1329 2246 1400 2279 loco
1418 2246 1605 2279 earumdem
1618 2245 1772 2279 horarum
1785 2250 1876 2278 erant
1889 2243 1970 2278 obli-

1231 2299 1304 2341 gati,
1319 2304 1412 2342 prout
1434 2298 1465 2331 in
1486 2298 1602 2331 nostris
1623 2298 1653 2331 in
1672 2298 1768 2331 simili
1783 2298 1887 2331 forma
1899 2298 1971 2332 Bre-

1231 2353 1275 2386 vis
1300 2353 1438 2396 desuper
1453 2351 1608 2395 expeditis
1629 2351 1740 2385 litteris
1753 2351 1879 2396 plenius
1894 2361 1969 2384 con-

1232 2406 1362 2439 tinetur.
2164 2427 2166 2429 >
2198 2439 2203 2449 ᾗ

1276 2460 1292 2502 ς
1313 2458 1343 2491 a.
1361 2458 1398 2491 Et
1419 2458 1513 2502 (sicut
1530 2457 1636 2491 dilecti
1650 2457 1706 2491 fini
1728 2457 1869 2491 isidorus
1882 2468 1900 2491 a
1913 2457 1970 2492 ve·
1985 2457 2171 2514 mgrffiigjggg

1231 2512 1327 2553 nesta,
1352 2511 1495 2544 visitator
1525 2511 1694 2554 generalis,
1722 2521 1758 2544 ac
1783 2511 1970 2545 definitores
1985 2512 2173 2567 ggumssffigiffif
2199 2524 2204 2559 4

1231 2565 1349 2609 aliique
1381 2564 1505 2597 vocales
1537 2564 1678 2598 eiusdem
1705 2563 1969 2607 Congregationis

1230 2618 1322 2652 nobis
1342 2627 1445 2661 nuper
1458 2611 1572 2661 exponi
1587 2617 1745 2660 fecerunt)
1759 2616 1965 2659 illi-subinde,

1985 2563 2165 2594 quodomnonru-
2200 2578 2204 2586 1

1984 2596 2026 2614 tres
2048 2591 2129 2614 recitat!

1984 2617 2136 2641 tiorarumidon

1983 2646 2011 2667 ad
2025 2651 2098 2667 earnm
2111 2641 2163 2665 rods
2196 2642 2202 2674 ’ζ
2222 2655 2227 2659 -
