2227 3241
256 290 304 316 An.
321 289 351 316 c.
372 288 442 317 1605
489 278 553 313 148

304 1089 438 1110 Ravennates

253 1118 333 1138 litteras
343 1115 437 1140 Gregorii

253 1142 384 1169 obreptionis
418 1144 436 1161 el

253 1169 396 1195 subreptionis
408 1169 438 1188 vi-

253 1198 282 1217 tio
299 1198 377 1220 nutant;

457 335 678 379 suffraganeis,
702 333 774 378 qui¹
796 343 854 366 nec
874 342 939 365 non
958 342 1067 366 earum
1086 332 1195 375 singu·

457 390 559 422 larum
592 387 750 431 capitula,
783 395 990 432 quocumque
1025 385 1194 429 privilegIO

456 442 584 475 suffulta
601 468 608 482 ‚
644 446 806 482 tamquam
833 439 980 471 membra
1005 438 1123 482 capiti,
1151 438 1194 471 ei-

457 495 527 528 dem
550 493 794 537 archiepiscopo
815 492 1007 526 Bononiensi
1035 492 1104 525 iure
1130 503 1194 525 me-

458 547 639 592 tropolitico
671 547 857 587 subessent,
892 546 1013 590 pariter
1036 551 1193 590 perpetuo

455 601 642 641 subieccrit3
667 601 761 633 certis
780 600 875 633 etiam
895 600 1097 633 facultatibus
1119 607 1193 633 tunc

456 653 612 699 expressis
637 653 696 697 ipsi
726 653 970 697 archiepiscopo
1000 653 1192 687 Bononiensi

455 708 634 748 attributis,
662 718 699 740 ac
729 707 867 740 irritanti
898 707 1028 740 decreto
1056 708 1194 751 desuper

454 761 613 805 apposito,
637 766 734 805 prout
755 760 786 793 in
808 760 900 793 dictis
925 761 1050 799 litteris,
1071 761 1102 793 in
1123 761 1193 805 qui-

455 814 524 855 bus,
541 815 628 858 quod
645 814 714 858 ipsa
731 814 865 847 ecclesia
878 814 1087 847 Bononiensis
1104 825 1194 858 prae-

454 867 557 901 dictae
587 868 752 900 Romanae
778 867 931 901 ecclesiae
955 868 1189 911 primogenita,

455 927 484 954 et
509 926 675 965 exempta,
703 926 734 954 et
759 921 862 955 dictae
886 921 959 955 Sedi
990 922 1192 965 Apostolicae

454 974 639 1007 immediate
659 974 803 1008 subiecta
821 980 898 1015 erat,
919 985 1105 1018 expressum
1126 975 1193 1013 suit,

454 1027 581 1071 plenius
601 1027 822 1068 continetur²;

498 1080 557 1123 5⁶2.
574 1080 804 1114 Postmodum3
824 1086 929 1113 autem
945 1080 1086 1113 eiusdem
1102 1091 1193 1124 prae-

454 1132 641 1173 decessoris,
666 1133 770 1166 bonae
792 1133 967 1167 memoriae
988 1133 1193 1177 Christopho-

454 1195 507 1218 rus
539 1185 615 1218 olim
642 1185 903 1229 archiepiscopus
930 1191 959 1218 et
985 1185 1110 1225 clerus,
1137 1196 1192 1218 seu

453 1238 561 1271 dilecti
582 1238 659 1271 filii⁴
680 1239 894 1272 communitas
911 1244 942 1271 et
959 1238 1106 1271 homines
1126 1239 1189 1272 Ra-

452 1297 660 1325 vennatenses
674 1292 815 1335 (sumpta
829 1291 999 1325 occasione
1013 1291 1098 1335 quod
1114 1297 1193 1324 tem-

452 1354 530 1388 pore
548 1346 640 1379 datae
654 1345 812 1379 dictarum
834 1345 1025 1384 litterarum,
1042 1350 1072 1377 et
1088 1350 1192 1385 antea,

452 1398 520 1442 ipsa
551 1399 686 1432 ecclesia
717 1398 929 1432 Bonionensis
955 1398 1108 1431 ecclesiae
1134 1399 1192 1431 Ra-

453 1452 655 1493 vennatensi,
684 1451 836 1496 illiusque
867 1451 929 1485 loci
955 1451 1107 1495 episcopo
1132 1461 1191 1495 pro

452 1511 596 1549 tempore
610 1504 767 1545 existenti,
782 1504 1019 1548 metropolitico
1034 1504 1113 1545 iure,
1127 1514 1191 1538 non

451 1563 558 1591 autem
574 1558 677 1591 dictae
690 1557 763 1591 Sedi
778 1557 980 1601 Apostolicae
996 1557 1191 1597 immediate,

450 1610 593 1644 subiecta
619 1611 779 1652 existeret,
807 1616 837 1644 et
861 1610 919 1644 sub
954 1610 1086 1644 diversis
1122 1610 1191 1643 aliis

450 1664 680 1708 praetextibus)
705 1665 745 1698 ad
769 1664 841 1709 piae
867 1665 1044 1698 memoriae
1068 1664 1190 1698 Sistum

450 1719 568 1762 Papam
579 1719 614 1760 V,
627 1718 722 1752 etiam
737 1719 1019 1762 praedecessorem
1034 1724 1190 1760 nostrum⁷

449 1782 616 1805 recursum
648 1771 841 1813 habuerint,
877 1772 1042 1816 dictasque
1070 1772 1191 1804 litteras

450 1825 630 1869 (tamquam
651 1825 857 1869 subreptitias
882 1831 913 1859 et
933 1825 1131 1869 obreptitias,
1155 1835 1191 1858 ac

449 1882 578 1922 praeter
591 1884 730 1912 mentem
746 1885 776 1912 et
794 1878 1006 1912 intentionem
1022 1878 1097 1911 dicti
1115 1878 1192 1911 Gre-

450 1931 533 1974 gorii
553 1932 821 1976 praedecessoris,
841 1942 900 1965 nec
920 1932 988 1965 eius
1010 1938 1098 1965 motu
1116 1942 1191 1975 pro-

449 1985 532 2029 prio,
549 1986 605 2019 sed
625 1986 665 2019 ad
679 1986 836 2020 Gabrielis
850 1986 1033 2027 cardinalis,
1053 1997 1112 2019 nec
1126 1996 1190 2019 non

485 2111 497 2137 1
520 2109 590 2137 Edit.
604 2110 683 2138 Main.
695 2110 777 2138 habet
790 2111 1001 2146 suffraqaneas,
1019 2110 1081 2145 qui;
1097 2118 1130 2137 an
1146 2118 1191 2136 au-

450 2158 504 2182 tem
519 2155 572 2190 qui
582 2155 724 2192 (episcopi)
736 2156 776 2183 vel
788 2164 862 2191 quae
873 2156 1026 2190 (ecclesiae)
1035 2155 1189 2191 legendum,

449 2198 551 2227 incerta
565 2208 609 2227 res
624 2204 665 2227 est
679 2201 716 2235 (a.
733 2201 781 2236 in).

483 2243 500 2270 2
524 2243 665 2271 Praedicta
689 2244 768 2280 Greg.
793 2244 853 2271 xm
880 2244 995 2271 Constit.
1024 2244 1144 2271 liabetur
1163 2244 1189 2271 in

448 2288 526 2315 Bull.
547 2291 612 2315 tom.
632 2295 694 2323 νιιι,
715 2297 775 2324 pag.
799 2289 868 2323 401,
889 2292 916 2315 et
943 2289 1042 2324 legitur
1061 2289 1141 2315 etiam
1163 2289 1189 2315 in

452 2331 567 2367 Ughelli,
588 2333 679 2360 Italia
699 2333 800 2367 Sacra,
826 2336 890 2360 tom.
917 2341 936 2359 11
950 2354 956 2365 ,
979 2341 1039 2368 pag.
1058 2333 1101 2366 42,
1128 2333 1190 2360 data

449 2380 539 2403 autem
567 2376 619 2403 suit
642 2383 669 2403 1v
694 2376 753 2404 idus
783 2377 958 2413 decembris,
985 2386 1029 2405 an.
1060 2385 1189 2405 MDLxxxu

448 2420 486 2455 (n.
503 2422 551 2453 r.).

483 2465 499 2491 3
519 2465 582 2496 Quis
604 2465 672 2493 haec
696 2466 789 2502 legens
814 2466 968 2501 intelliget?
995 2466 1049 2493 Sed
1076 2475 1107 2493 ex
1134 2466 1147 2501 ἓ
1173 2466 1189 2492 2

447 2508 539 2536 Const.
557 2509 625 2537 infra
639 2510 741 2546 positae
756 2517 866 2538 cchxvt
881 2511 986 2546 corrige
998 2511 1064 2538 Post
1079 2511 1190 2538 obitum

448 2557 557 2589 eudem,
575 2558 602 2581 et
618 2555 710 2582 omnia
725 2555 875 2583 clarescent
889 2558 925 2590 (n.
946 2557 994 2588 T.).

484 2598 500 2624 Δ,
519 2598 573 2626 Sed
592 2599 680 2634 aptius
695 2599 852 2635 legendum,
873 2603 903 2627 ut
918 2600 944 2626 in
960 2600 1082 2635 proxima
1099 2600 1188 2627 Const.

449 2645 475 2669 et
494 2643 565 2678 apud
586 2643 709 2679 Ugbelli,
736 2645 786 2672 loc.
817 2645 882 2679 cit.,
903 2647 929 2672 et
948 2653 997 2672 seu
1018 2645 1115 2672 dilecti
1134 2645 1190 2679 filii

448 2688 541 2714 clerus
556 2697 588 2716 ac
604 2690 809 2725 communitas,
826 2693 878 2717 etc.
896 2691 932 2725 (n.
948 2691 987 2721 T.)

1041 284 1221 309 BULLARIUM
1245 284 1397 310 ROMANUM

1227 333 1392 375 regiminis
1410 337 1439 366 et
1453 331 1590 365 aliorum
1608 331 1853 373 magistratuum
1870 340 1966 375 prae-

1228 385 1386 419 dictorum
1400 383 1540 429 preces¹‚
1562 384 1594 416 in
1611 393 1707 426 grave
1724 383 1966 423 iurisdictionis,

1228 438 1499 482 praeeminentiae
1520 442 1550 470 et
1569 436 1768 470 auctoritatis
1789 436 1892 470 dictae
1912 447 1966 470 ec-

1228 491 1342 524 clesiae
1362 489 1612 524 Ravennatensis
1633 494 1664 522 et
1692 489 1776 522 illius
1803 499 1862 533 pro
1888 495 1966 523 tem-

1228 555 1305 588 pore
1336 544 1497 578 existentis
1526 541 1703 587 praesidis⁹
1730 542 1964 586 praeiudicium

1227 599 1402 641 emanatas)
1430 599 1629 642 impugnare,
1658 608 1694 631 ac
1718 597 1838 630 irritari
1856 602 1886 631 et
1909 607 1963 631 re·

1229 653 1354 686 tractari
1368 653 1470 685 facere
1485 651 1692 692 tentaverint;
1713 651 1880 695 dictusque
1899 651 1966 685 Six-

1229 712 1276 739 tus
1310 706 1539 749 praedecessor
1570 705 1740 747 negocium
1779 704 1965 738 huiusmodi

1226 759 1390 792 nonnullis
1422 770 1458 792 ex
1492 758 1590 802 ipsius
1614 759 1777 792 Romanae
1807 757 1966 791 Ecclesiae

1227 813 1465 851 cardinalibus,
1494 812 1533 845 de
1558 821 1697 855 quorum
1728 821 1867 845 numero
1891 816 1967 845 tunc

1227 876 1363 906 eramus,
1385 871 1415 898 et
1435 866 1542 898 forsan
1560 865 1805 908 Congregationi
1823 865 1966 909 ipsorum

1226 918 1439 951 cardinalium
1460 928 1558 962 super
1577 927 1733 951 novarum
1759 917 1967 951 ecclesiarum

1227 971 1457 1004 cathedralium
1484 976 1514 1004 et
1546 971 1867 1015 metropolitanarum
1898 981 1968 1004 ere·

1226 1025 1386 1058 ctionibus
1418 1035 1455 1058 ac
1483 1024 1566 1057 inter
1586 1035 1639 1058 eas
1663 1024 1781 1057 etiam3
1801 1030 1877 1058 tunc
1897 1034 1968 1058 ere-

1226 1083 1292 1111 ctas
1323 1077 1471 1111 ecclesias
1498 1077 1715 1111 incidentibus
1740 1077 1966 1111 controversiis

1227 1131 1466 1174 deputatorum,
1489 1137 1554 1164 tum
1573 1130 1668 1164 etiam
1694 1131 1726 1164 in
1750 1130 1862 1164 Palatii
1882 1131 1968 1174 Apo-

1226 1184 1329 1217 stolici
1349 1184 1509 1217 auditorio
1522 1184 1692 1226 diligenter
1706 1184 1965 1225 examinandum,

1225 1237 1351 1281 sibique
1366 1238 1418 1281 (ad
1439 1237 1500 1270 hoc
1521 1243 1554 1270 ut
1575 1238 1723 1281 desuper,
1741 1238 1828 1282 quod
1846 1237 1966 1271 iustum

1228 1291 1319 1331 soret,
1348 1290 1583 1334 statueretur⁴)
1603 1291 1808 1324 referendum
1834 1290 1968 1324 commi-

1226 1344 1313 1384 serit,
1338 1354 1397 1377 nec
1417 1343 1498 1376 illud
1517 1343 1672 1377 hactenus
1693 1344 1836 1378 decisum
1862 1349 1894 1377 et
1917 1354 1969 1377 re-

1224 1396 1364 1429 solutum
1392 1396 1496 1429 suerit:
1525 1397 1677 1441 quodque
1702 1397 1788 1431 idem
1808 1396 1969 1441 archiepi-

1225 1460 1341 1493 scopus
1369 1450 1618 1484 Ravennatensis
1651 1450 1769 1484 etiam⁵
1797 1449 1968 1484 ecetesias⁵

1224 1503 1459 1537 Ariminensem
1488 1509 1518 1537 et
1548 1505 1785 1538 Ferrariensem
1814 1504 1873 1538 sub
1898 1503 1967 1538 eius

1226 1556 1389 1600 provincia
1401 1558 1774 1602 comprehendi,sibique
1787 1558 1835 1591 ius
1849 1563 1968 1591 metro-

1226 1611 1393 1654 politicum
1411 1611 1517 1644 inillis
1531 1612 1708 1655 antiquitus
1728 1611 1963 1656 competiisse⁷;

1226 1663 1395 1707 episcopus
1415 1675 1490 1698 vero
1516 1665 1727 1698 Ariminensis
1748 1665 1780 1698 in
1796 1665 1860 1697 vim
1881 1664 1966 1697 litte-

1226 1728 1333 1750 rarum
1356 1728 1373 1750 a
1398 1718 1590 1751 recolendae
1619 1718 1795 1751 memoriae
1822 1717 1920 1751 Lucio
1941 1717 1966 1750 ll

1225 1777 1256 1804 et
1281 1772 1468 1805 Innocentio
1489 1773 1528 1805 111
1554 1773 1706 1806 Romanis
1730 1771 1962 1814 Pontificibus,

1225 1824 1373 1858 similiter
1396 1826 1698 1869 praedecessoribus
1722 1825 1851 1867 nostris,
1879 1835 1967 1867 ema-

1226 1883 1384 1919 natarum,
1402 1884 1432 1911 et
1449 1889 1506 1922 per
1522 1880 1697 1913 nonnullos
1710 1879 1790 1912 alios
1803 1879 1965 1913 Romanos

1225 1931 1406 1972 Pontifices⁷
1421 1932 1542 1976 pariter
1552 1933 1817 1977 praedecessores
1828 1938 1964 1974 nostros,

1225 1985 1490 2020 confirmatarum
1520 1992 1550 2020 et
1579 1987 1821 2028 innovatarum,
1845 1986 1964 2020 dictam

1261 2111 1272 2137 1
1304 2112 1451 2147 Perperam
1485 2111 1548 2139 edit.
1584 2111 1663 2139 Main.
1697 2111 1779 2139 habet
1807 2111 1965 2147 praetextu

1224 2156 1260 2189 (a.
1273 2156 1321 2190 iu).

1258 2200 1274 2227 2
1295 2200 1367 2227 Infra
1382 2209 1442 2236 pag.
1460 2201 1510 2228 158
1525 2200 1629 2237 legetur
1642 2201 1788 2236 praesulis
1802 2201 1898 2237 (n.·1⁴.).

1259 2245 1275 2271 3
1296 2245 1387 2273 Potius
1414 2245 1558 2281 legendum
1582 2248 1609 2273 el
1637 2246 1699 2273 tam
1723 2245 1793 2273 sicut
1816 2245 1885 2273 infra
1907 2246 1920 2280 5
1947 2244 1965 2272 2

1224 2288 1313 2316 Const.
1336 2296 1445 2316 CCCLxVI
1465 2290 1502 2325 (n.
1520 2289 1569 2324 τ.).

1259 2334 1274 2360 li
1294 2334 1338 2360 Sic
1358 2334 1458 2369 legitur
1477 2334 1560 2361 etiam
1580 2334 1651 2361 infra
1671 2334 1697 2361 in
1723 2334 1767 2361 cit.
1792 2334 1897 2368 Const.,
1917 2333 1964 2362 sed

1223 2378 1312 2414 aptius
1328 2378 1427 2405 ibidem
1444 2378 1548 2414 Ughelli
1564 2378 1630 2414 legit
1643 2381 1781 2407 statueret
1795 2379 1836 2414 (n.
1852 2380 1901 2414 ⁴12).

1258 2424 1275 2450 5
1295 2423 1369 2449 Istud
1395 2424 1528 2458 quodque
1557 2422 1675 2450 refertur
1698 2423 1732 2450 ad
1754 2423 1866 2450 verbum
1893 2431 1962 2450 con—

1223 2468 1386 2495 siderantes
1420 2467 1447 2494 in
1481 2467 1614 2503 principio
1644 2467 1724 2495 huius
1756 2467 1972 2495 Constitutionis,

1222 2513 1262 2546 (a.
1287 2512 1335 2545 τ.).
1960 2539 1964 2542 .

1259 2557 1275 2584 6
1294 2556 1424 2584 Mendose
1435 2556 1499 2583 edit.
1518 2555 1597 2583 ltlain.
1614 2556 1657 2583 hic
1673 2557 1737 2592 legit
1751 2557 1883 2584 ecclesiae
1897 2556 1964 2584 Ari-

1223 2601 1294 2628 min.
1311 2604 1336 2628 ec
1350 2600 1521 2629 Ferrarien.
1538 2601 1576 2636 (n.
1593 2601 1641 2636 τ.).

1260 2644 1273 2670 7
1295 2645 1394 2672 Iterum
1411 2645 1597 2673 confusionem
1617 2645 1733 2673 faciebat
1748 2644 1812 2673 edit.
1829 2644 1906 2672 Maia.
1924 2645 1963 2672 le-

1224 2698 1290 2724 gens
1309 2691 1500 2725 comperiisset
1514 2690 1550 2725 (ἢ.
1567 2690 1615 2724 Τ.).

1981 280 2031 309 An.
2043 281 2086 309 C.‘
2096 279 2173 310 ¹601·
2199 324 2201 326 q
2224 298 2227 304 ‹

2029 661 2055 682 Et
2070 661 2130 682 Sixtn
2147 661 2162 683 V

1981 693 2066 709 eausam
2087 694 2164 709 exami-

1981 721 2031 736 nare
2048 714 2111 740 sactu

2028 1351 2073 1374 Sed
2081 1357 2124 1374 nen
2132 1357 2165 1373 so-

1944 1396 1951 1402 .
1982 1379 2047 1400 tutam
2057 1378 2152 1405 reliquit,
2193 1378 2208 1405 J
