2227 3241
267 283 317 309 Ᾰη.
341 282 367 309 C.
390 282 457 311 1605

321 1250 448 1271 indultorum

265 1277 374 1298 concessio
411 1282 448 1302 pro

266 1305 350 1324 conctai
358 1304 402 1323 istis
413 1309 448 1329 pe-

265 1331 347 1351 nultimi
364 1331 448 1350 concla-

265 1364 302 1377 VtS.

300 1891 450 1917 'transumpto-

267 1924 311 1939 runi
327 1918 386 1940 tides.

301 2376 388 2397 Nomina
404 2382 451 2397 con·

269 2405 310 2424 clai
318 2407 412 2426 istarum.

503 274 570 307 ⁶212

464 332 631 376 specifica,
662 340 809 375 expressa
839 337 869 364 et
897 331 1082 372 individua,
1105 342 1141 364 ac
1167 333 1205 364 de

463 385 560 419 verbo
574 385 613 418 ad
628 385 761 418 verbum
776 395 840 418 non
855 390 961 418 autem
976 396 1034 429 per
1047 386 1204 419 clausulas

462 438 627 481 «generales
648 438 732 471 idem
758 438 982 482 importantes,
1007 439 1127 472 mentio
1148 450 1202 472 seu

461 491 590 535 quaevis
602 492 664 525 alia
677 492 839 536 expressio
853 492 1013 533 habenda,
1031 499 1085 525 aut
1097 493 1203 536 aliqua

460 545 521 577 alia
536 545 691 589 exquisita
709 546 813 578 forma
831 546 870 579 ad
895 545 957 579 hoc
980 547 1136 579 servanda
1159 547 1204 579 so-

459 604 518 639 ret,
536 604 664 632 tenores
682 599 880 641 huiusmodi,
900 610 937 633 ac
953 599 978 632 si
998 600 1037 633 de
1051 600 1150 633 verbo
1164 600 1203 632 ad

460 651 606 693 verbum,
633 652 713 685 nihil
738 652 866 696 penitus
892 653 1024 695 omisso,
1043 658 1073 686 et
1102 654 1204 686 forma

462 704 493 737 in
515 704 578 738 illis
605 705 720 739 tradita
745 706 924 747 observata,
946 706 1056 740 inserti
1083 707 1200 747 forent,

461 758 686 801 praesentibus
703 770 763 803 pro
782 760 938 804 expressis
955 760 1121 801 habentes,
1142 760 1204 793 illis

463 811 541 845 alias
559 812 590 844 in
604 822 662 845 suo
677 812 795 846 robore
815 813 1047 857 permansuris,
1064 814 1124 847 hac
1137 813 1203 846 viee

464 865 638 906 dumtaxat,
659 865 775 899 harum
796 866 878 900 serie
899 867 1082 911 specialiter
1102 872 1132 900 et
1153 877 1204 900 ex-

464 927 573 961 presse
592 918 797 961 derogamus,
819 920 1019 964 caeterisque
1033 920 1204 953 contrariis

464 970 743 1015 quibuscumque;
772 978 826 1006 aut
850 973 875 1006 si
900 973 1081 1017 aliquibus,
1110 984 1201 1006 com-

465 1024 606 1059 muniter
626 1031 681 1059 aut
705 1026 843 1068 divisim,
868 1027 907 1060 ab
928 1027 1040 1061 eadem
1061 1027 1100 1061 sit
1125 1027 1205 1061 Sede

465 1077 637 1120 indultum,
665 1080 753 1123 quod
779 1080 940 1121 interdici,
970 1081 1134 1125 suspendi,
1158 1081 1204 1113 vel

465 1133 738 1166 excommunicari
768 1143 832 1166 non
853 1133 978 1177 possint
1004 1145 1061 1178 per
1085 1134 1205 1168 litteras

465 1186 668 1230 apostolicas,
691 1191 747 1220 etc.
778 1187 988 1221 mentionem.

508 1239 593 1283 §is
617 1240 772 1274 Volumus
797 1246 904 1275 autem
931 1242 1017 1285 quod
1039 1242 1203 1275 conclavi-

464 1298 551 1334 stae,
575 1293 628 1337 qui
655 1293 687 1326 in
712 1294 873 1336 conclavi,
902 1295 934 1327 in
955 1305 1020 1339 quo
1040 1295 1112 1339 piae
1134 1306 1203 1328 me·

465 1347 587 1380 moriae
615 1348 677 1381 Leo
701 1348 787 1392 Papa
814 1349 864 1389 XI,
892 1348 1040 1382 similiter
1064 1349 1202 1392 praede-

465 1411 572 1434 cessor
588 1407 707 1441 noster,
728 1402 767 1435 ad
787 1402 905 1435 summi
923 1403 1122 1446 apostolatus
1139 1403 1206 1446 api-

465 1464 534 1487 cem
555 1460 738 1498 assumptus
764 1455 839 1496 suit,
864 1455 896 1487 in
916 1455 1079 1499 praesenti
1105 1455 1204 1497 gratia

465 1507 543 1550 (non
569 1512 675 1541 tamen
701 1508 809 1551 quoad
833 1508 1050 1552 provisionem
1077 1508 1202 1541 benesi-

465 1560 589 1593 ciorum
608 1567 639 1594 et
658 1561 918 1595 distributionem
934 1563 1044 1596 decem
1066 1562 1203 1595 millium

464 1620 629 1647 scutorum
651 1614 850 1657 huiusmodi)
872 1616 1202 1659 comprehendantur,

464 1668 600 1711 perinde
624 1679 661 1702 ac
681 1669 706 1701 si
736 1668 797 1701 illis
823 1669 902 1703 haec
923 1669 1031 1702 omnia
1053 1680 1206 1703 concessa

464 1721 606 1763 fuissent,
634 1727 733 1766 prout
753 1722 815 1755 illis
840 1723 990 1756 omnibus
1016 1729 1046 1756 et
1073 1723 1206 1765 singulis

464 1775 683 1819 parisormiter
699 1786 735 1809 ac
755 1776 978 1820 principaliter
995 1777 1206 1811 concedimus

466 1834 496 1862 et
520 1829 734 1873 impertimur.

510 1884 526 1923 ἕ
548 1882 600 1915 18.
632 1883 786 1916 Volumus
813 1883 909 1916 etiam
933 1884 1021 1928 quod
1048 1894 1202 1928 praesen-

468 1935 546 1969 tium
568 1937 789 1981 transumptis,
807 1937 903 1970 etiam
925 1937 1101 1981 impressis,
1116 1944 1146 1972 et
1165 1939 1206 1971 si—

466 1989 542 2032 gillo
573 2000 610 2023 ac
634 2000 731 2023 manu
757 1990 891 2024 alicuius
915 2001 1073 2034 personae
1098 1991 1130 2024 in
1152 1992 1203 2025 di-

466 2042 585 2084 gnitate
609 2043 824 2076 ecclesiastica
854 2044 1047 2078 constitutae
1074 2045 1206 2078 munitis

467 2102 497 2129 et
513 2096 711 2141 subscriptis,
728 2097 841 2131 eadem
856 2098 936 2131 fides
955 2104 1017 2132 tam
1037 2098 1068 2131 in
1086 2099 1205 2132 iudicio

467 2160 564 2194 quam
590 2155 679 2184 extra
705 2150 907 2193 adhibeatur,
932 2162 1014 2195 quae
1035 2152 1112 2196 ipsis
1136 2152 1203 2185 ori-

466 2203 627 2246 ginalibus
641 2203 861 2246 adhiberetur,
877 2204 902 2238 si
922 2205 1027 2251 forent
1048 2205 1206 2239 exhibitae

466 2257 513 2290 vel
536 2262 692 2291 ostensae.

466 2336 610 2371 Nomina
641 2342 749 2371 atatem
780 2338 1063 2377 consclamstaruna
1091 2341 1147 2382 qul
1171 2341 1207 2372 in

511 2395 647 2434 utroque
671 2391 820 2425 conclavi
846 2392 1030 2425 lmiusmodi
1054 2393 1207 2435 interfue-

511 2448 601 2485 runt,
628 2449 703 2478 sunt
726 2445 817 2485 haee,
844 2445 1010 2478 videlicet:

511 2524 709 2557 Venerabilis
729 2524 828 2558 frater
848 2530 958 2558 noster
978 2525 1117 2567 Angelus
1140 2526 1206 2569 epi-

466 2587 582 2621 scopus
594 2577 794 2620 Tagastensis
805 2577 948 2619 sacrista,
963 2588 1087 2611 necnon
1099 2577 1204 2611 dilecti

468 2630 525 2662 tilii
539 2630 656 2664 Paulus
675 2631 798 2672 Alaleo,
815 2630 919 2665 Guido
939 2631 1094 2665 Ascanius
1114 2642 1206 2675 prae-

468 2689 586 2724 vostus,
611 2684 744 2719 Ioannes
765 2684 882 2719 Paulus
901 2684 1078 2719 Mueantius
1099 2684 1203 2727 magi-

1044 264 1221 308 BULLARH'M
1247 284 1396 308 noitANttM

1239 332 1293 365 stri
1310 332 1602 367 caeremoniarum:
1619 331 1733 364 Mutius
1746 332 1908 366 lliccerius
1921 332 1981 366 cle-

1241 385 1324 418 ricus
1352 385 1584 418 Camerinensis
1612 385 1803 418 secretarius
1831 385 1976 428 collegii,

1239 438 1398 471 Robertus
1410 438 1587 471 Ubaldinus
1608 438 1744 471 clericus
1763 438 1977 479 Florentinus‚

1240 492 1350 524 Petrus
1382 491 1516 524 lacobus
1543 491 1628 524 Ciina
1658 492 1794 525 clericus
1823 492 1981 525 Auxima-

1239 556 1299 578 nae
1325 544 1479 578 dioecesis
1502 545 1601 588 ipsius
1621 545 1736 579 Leonis
1754 546 1982 590 praedecesso-

1239 599 1282 631 ris
1301 599 1377 631 dum
1397 598 1613 632 cardinalatus
1630 599 1755 633 honore
1773 600 1977 642 sung-ebatum

1240 652 1352 685 Petrus
1388 652 1545 685 Pavonius
1579 652 1716 686 clericus
1745 653 1977 693 Ariminensis,

1238 705 1361 738 Marcus
1385 705 1542 738 Antonius
1561 706 1666 739 Tanus
1687 705 1823 739 clericus
1843 706 1982 739 Ferenti-

1239 769 1298 792 nus
1318 759 1418 792 nostri
1439 759 1533 792 etiam
1556 759 1631 792 dum
1653 759 1868 793 cardinalatus
1881 759 1982 793 hono-

1239 822 1272 844 re
1290 812 1524 854 sungebamur3
1548 813 1684 846 Annibal
1705 813 1828 847 Minalis
1848 812 1982 847 clericus

1239 866 1404 899 Ianuensis
1429 867 1527 900 frater
1543 867 1716 911 Hospitalis
1733 867 1833 900 sancti
1853 867 1981 901 lo'annis

1239 919 1543 964 llierosolymitani,
1579 920 1766 954 Franciscus
1794 920 1978 955 Vicedomi-

1239 982 1298 1005 nus
1319 973 1455 1006 clericus
1473 972 1650 1015 Comensis,
1672 974 1852 1007 Alexander
1872 973 1981 1007 Coral-

1240 1025 1333 1059 dinus
1351 1026 1605 1069 Fulginatensis,
1642 1027 1800 1061 Ptolomei
1829 1027 1981 1060 Ostiensis

1240 1078 1417 1119 Comensis,
1442 1079 1540 1113 lulius
1559 1081 1674 1114 Caesar
1690 1081 1869 1115 Cantavena
1888 1081 1982 1115 cleri-

1240 1144 1296 1166 cus
1320 1133 1477 1172 Astensis,
1505 1134 1687 1178 Rayn'aldus
1712 1135 1887 1178 Magnanus
1911 1135 1978 1169 cle-

1240 1186 1324 1219 ricus
1349 1187 1594 1229 Sarsinatensis,
1619 1188 1777 1221 Dominici
1797 1189 1982 1223 Portuensis

1241 1240 1364 1281 Pinelli3
1386 1241 1493 1284 Scipio
1511 1241 1707 1275 Cobellutius
1725 1242 1862 1276 clericus
1881 1242 1982 1276 Viter—
2007 1273 2014 1280 .

1241 1293 1371 1335 biensis,
1389 1294 1568 1328 Alexander
1585 1295 1799 1340 Benreceptus
1816 1296 1982 1341 presbyter

1240 1347 1441 1388 Mantuanus,
1466 1348 1651 1392 Hieronymi
1673 1349 1862 1383 Albanensis
1882 1350 1981 1383 Ascu-

1240 1400 1324 1439 lani,
1352 1401 1463 1433 Petrus
1488 1401 1661 1442 Pocchier‚
1687 1401 1863 1436 Ludovicus
1884 1402 1980 1436 etiam

1239 1453 1405 1495 Pocchier,
1429 1455 1546 1488 Paulus
1567 1455 1719 1489 Castellus
1740 1456 1848 1489 clerici
1866 1456 1982 1490 Tholo-

1240 1507 1327 1547 sani,
1362 1507 1522 1541 Francisci
1550 1508 1732 1543 Sabinensis
1762 1510 1800 1543 de
1828 1510 1978 1551 Gioiosa;

1239 1560 1385 1593 Octavius
1406 1561 1568 1594 Mancinus
1587 1562 1721 1595 clericus
1738 1563 1913 1604 Romanus,
1933 1564 1981 1597 Io—

1240 1624 1338 1647 annes
1359 1614 1499 1658 Baptista
1519 1615 1679 1649 Rezzanus
1699 1617 1864 1661 presbyter
1883 1617 1981 1651 Vero-

1240 1668 1356 1707 nensis,
1381 1669 1549 1710 Augustini
1575 1669 1692 1702 Valerii
1717 1670 1916 1704 Praenestini
1941 1671 1980 1705 de

1240 1722 1377 1759 Verona,
1400 1722 1499 1756 lulius
1519 1723 1624 1756 Bellus
1645 1723 1781 1757 clericus
1800 1724 1981 1769 Iustinopo-

1240 1775 1368 1816 litanus,
1382 1775 1570 1809 Franciscus
1584 1776 1720 1810 Mansius
1734 1777 1869 1811 clericus
1886 1778 1979 1811 Ame-

1241 1828 1378 1862 rinensis
1396 1829 1562 1870 dioecesis,
1583 1830 1704 1863 Marcus
1724 1831 1881 1865 Antonius
1905 1831 1980 1866 Car-

1240 1888 1327 1915 retus
1351 1882 1517 1926 presbyter
1536 1882 1782 1926 Albinganensis
1803 1884 1977 1926 dioecesis,

1240 1936 1369 1969 Antonii
1394 1936 1510 1969 Mariae
1542 1936 1724 1979 Tusculani,
1748 1938 1980 1972 venerabilium

1240 1989 1373 2022 fratrum
1412 1994 1598 2022 nostrorum
1624 1990 1851 2035 episcoporum
1883 1991 1977 2034 galli;

1240 2043 1390 2076 Horatius
1403 2043 1591 2087 Sylvestrius
1609 2044 1775 2089 presbyter
1787 2045 1976 2087 Verulanus,

1241 2098 1358 2130 llector
1394 2097 1535 2131 Octonus
1571 2098 1707 2132 clericus
1743 2098 1979 2133 Camerinensis

1241 2150 1406 2191 dioecesis,
1422 2151 1552 2184 Antonii
1566 2157 1695 2185 sanctae
1711 2152 1827 2185 Mariae
1844 2152 1983 2186 Transti-

1241 2204 1343 2237 berim
1373 2204 1483 2244 Saulii;
1518 2205 1640 2238 Marcus
1668 2204 1823 2238 Antonius
1850 2205 1890 2238 de
1918 2206 1980 2239 Ma-

1241 2257 1347 2299 gistris
1368 2257 1503 2291 clericus
1524 2258 1624 2291 sancti
1654 2258 1817 2298 Severini,
1846 2258 1980 2292 Iacobus

1240 2312 1351 2344 Dunus
1368 2311 1504 2344 clericus
1520 2311 1723 2345 Novariensis
1737 2312 1829 2345 miles
1846 2312 1979 2346 militiae

1240 2364 1341 2397 sancti
1371 2364 1490 2404 Lazari,
1522 2365 1741 2407 Evangelistae
1768 2366 1868 2398 sancti
1893 2366 1977 2398 Lau-

1241 2417 1336 2451 rentii
1355 2417 1385 2450 in
1403 2417 1522 2451 Lucina
1543 2418 1582 2451 de
1602 2418 1759 2458 Ciisentia;
1783 2417 1887 2452 Lelius
1907 2418 1980 2451 Car—

1241 2470 1362 2503 luccius
1388 2470 1522 2503 clericus
1551 2470 1688 2504 Civitatis
1718 2471 1865 2511 Ducalis,
1893 2470 1979 2504 Felix

1240 2523 1385 2556 Persicus
1415 2523 1550 2556 clericus
1579 2523 1792 2566 Spoletanus,
1826 2523 1979 2556 Martinus

1240 2576 1373 2609 Fabrius
1405 2575 1539 2609 clericus
1572 2575 1790 2610 Gebennensis
1805 2603 1812 2617 ,
1846 2575 1978 2609 Mariani

1240 2629 1442 2664 Perbendicti
1459 2629 1505 2663 Ss.
1526 2628 1700 2662 Marcellini
1719 2635 1749 2663 et
1765 2629 1850 2663 Petri
1871 2630 1910 2663 de
1927 2629 1981 2663 Ca-

1241 2683 1376 2719 merino:
1393 2683 1540 2716 Aurelius
1560 2682 1717 2717 Adrianus
1733 2683 1867 2717 clericus
1888 2683 1974 2717 Mon-

1988 284 2041 311 An.
2062 283 2091 312 C.
2112 281 2186 313 1605‘-
