2227 3241
200 246 251 274 An.
267 248 295 274 c.
321 246 387 274 1606
433 237 496 271 378

237 2110 335 2131 Exiewio
351 2117 387 2131 nu·

203 2139 308 2157 mutitatis
328 2138 387 2157 inini-

204 2165 240 2184 ιἰἰ
283 2164 387 2189 generalis

203 2191 270 2210 ‹lunec
293 2192 332 2211 erit
352 2190 388 2210 :tb-

204 2217 283 2237 zensatl
293 2217 389 2237 monui<-

204 2244 281 2263 <arium
302 2250 388 2267 ueni-ra*

400 294 660 338 quibuscumque
693 293 858 327 tenoribus
884 299 915 327 et
942 294 1075 334 formis,
1102 304 1139 328 ac

400 357 471 380 cuin
492 346 655 389 quibusvis
670 345 950 388 derogatoriarum
969 346 1139 388 derogato-

399 399 465 439 riis,
489 405 519 431 et
539 398 676 431 insolitis
696 398 858 439 clausulis,
879 409 916 432 ac
937 398 1139 433 irritantibus

399 457 428 485 et
445 451 514 483 aliis
535 451 683 490 decretis,
705 451 736 483 in
760 451 957 485 contrarium
982 452 1138 495 praemis-

399 515 507 537 sorum
523 504 769 547 quomodolibet
780 504 951 545 concessis,
968 504 1140 538 confirma-

399 558 436 590 tis
457 563 484 590 ct
508 557 703 600 approbatis.
724 556 846 596 Quibus
863 558 1013 591 omnibus
1027 563 1058 591 et
1075 558 1139 592 sin-

399 609 503 651 gulis,
532 619 645 642 corum
675 615 802 642 tenores
828 610 1051 653 praesentibus
1079 621 1138 654 pro

399 662 555 706 expressis
568 667 599 694 et
613 662 651 695 ad
669 662 801 695 verbum
824 662 950 695 insertis
971 662 1136 703 hahentes,

399 714 461 747 illis
482 714 602 747 aliasin
616 724 674 747 suo
692 714 809 747 robore
829 715 1060 757 permansuris,
1085 714 1140 748 ha-

399 777 471 800 rum
496 767 578 800 serie
605 766 788 810 specialiter
816 773 846 800 et
872 777 1020 811 expresse
1040 767 1136 801 dero-

399 831 535 862 gamus,
566 819 766 864 caeterisque
798 820 969 853 contrariis
1001 820 1136 864 quibus-

399 880 549 914 cumque.

443 924 557 957 Datum
578 924 699 957 Romae
723 924 808 967 apud
833 929 980 957 sanctum
1010 924 1138 957 Petrum

400 977 458 1011 sub
487 977 607 1011 annulo
640 977 809 1010 piscatoris
827 1004 834 1017 ‚
859 977 911 1011 dic
935 988 965 1011 iv
990 977 1140 1010 februarii

401 1030 573 1064 millesimo
598 1031 829 1064 sexcentesimo
850 1030 998 1074 septimo,
1012 1030 1142 1074 pontili-

401 1089 489 1117 catus
509 1084 610 1117 nostri
630 1076 715 1117 anno
733 1094 765 1117 ιι.

436 1146 496 1173 Dat.
513 1146 557 1174 die
579 1147 593 1174 t
614 1146 743 1175 februarii
760 1147 838 1180 1607,
860 1147 956 1181 pontif.
979 1154 1022 1173 nn.
1047 1153 1073 1173 it.

705 1376 715 1387 .

401 1395 557 1438 Sequitur
587 1394 727 1427 extensio
759 1394 966 1427 auctoritatis
999 1395 1144 1429 ministri

444 1448 606 1491 {feneratis
638 1447 680 1481 acl
713 1448 976 1481 commissarium
1007 1460 1141 1490 (senera-

447 1502 520 1541 tem,
548 1501 585 1534 (le
608 1512 674 1545 qua
699 1502 734 1534 in
758 1502 892 1534 rubrica
908 1502 1124 1545 praecedenti.

402 1625 516 1652 Dilecto
537 1625 599 1653 filio
623 1626 834 1661 Evangelistae
855 1627 889 1654 de
913 1628 1040 1655 Gabiano
1064 1636 1141 1656 com-

437 1677 572 1705 missario
601 1679 734 1713 qenerali
756 1679 873 1707 Ordinis
898 1679 1025 1707 fratrum
1050 1681 1141 1708 Mino-

436 1738 502 1758 rum
531 1731 767 1759 Reformatorum
800 1732 898 1759 sancti
927 1733 1077 1761 Francisci
1108 1735 1142 1761 de

439 1784 637 1812 Observantia

636 1848 747 1875 Paulus
768 1848 846 1882 Papa
869 1849 900 1876 V.

673 1945 786 1974 Dilecte
809 1946 866 1979 fili,

446 1998 575 2025 salutem
592 2000 622 2025 et
637 1999 832 2032 apostolicam
847 1999 1096 2028 benedictionem.

448 2097 464 2137 g
490 2095 520 2128 ’1.
550 2095 721 2139 Cupientes
746 2096 895 2138 regimini
924 2103 954 2130 et
983 2098 1142 2140 gubernio

404 2149 536 2182 fratrum
562 2148 820 2182 Reformatorum
852 2150 951 2183 sancti
984 2151 1141 2184 Francisci

405 2202 444 2235 de
461 2201 667 2235 Observantia
689 2207 870 2245 opportune
891 2203 1086 2246 prospicere,
1107 2215 1143 2237 ac

357 2277 388 2301 t
405 2255 443 2288 de
463 2256 516 2287 tua
533 2254 661 2298 pictate,
685 2255 867 2298 prudentia,
892 2256 1056 2298 religionis
1076 2258 1143 2290 zelo

321 2329 329 2337 Γ
345 2304 354 2315 “’
367 2303 379 2341 ¹..
405 2318 441 2340 ac
465 2308 497 2340 in
518 2308 729 2349 gubernando
750 2309 945 2351 experientia
966 2309 1141 2352 plurimum

405 2360 436 2393 in
461 2360 598 2394 Domino
621 2361 753 2401 conlisi,
784 2361 856 2399 tibi,
881 2362 1016 2395 durante
1038 2363 1143 2397 officio

405 2414 614 2447 coi‘nmissarii
648 2415 806 2455 generalis
840 2415 981 2448 ciusdem
1017 2415 1144 2450 Ordinis

404 2472 435 2500 et
454 2467 598 2500 absentia
620 2467 757 2500 ministri
777 2478 833 2500 seu
855 2468 963 2501 vicarii
985 2469 1143 2510 generalis

405 2519 479 2553 dicti
503 2519 547 2552 tui
569 2520 706 2560 Ordinis,
730 2525 761 2554 ct
785 2520 852 2553 Vlce
877 2531 913 2553 ac
939 2521 1009 2554 loco
1031 2521 1139 2565 ipsius,

404 2572 568 2606 universos
582 2573 655 2607 dicti
670 2573 796 2607 Ordinis
815 2574 924 2607 fratres
942 2575 1143 2608 Reformatos

405 2636 478 2658 cum
508 2626 619 2661 eadem
652 2627 865 2669 auctoritate,
893 2627 1139 2671 superioritate,

983 247 1165 271 BULLARIUM
1182 247 1334 272 ROMANUM

1923 247 1973 274 An.
1994 248 2024 275 e.
2041 247 2109 277 teon
2132 267 2137 277 ν.
2159 235 2179 279 ’ῑὲ

1173 294 1395 328 iurisdictione
1415 300 1446 328 et
1466 295 1671 328 facultatibus
1690 295 1836 329 ministro
1856 306 1911 330 seu
2123 292 2126 298 ’

1173 346 1290 380 vicario
1304 347 1445 389 generali
1461 347 1556 381 totius
1565 347 1693 381 Ordinis
1706 347 1806 382 sancti
1821 349 1914 382 Fran-

1173 399 1317 434 cisni-de
1352 400 1563 434 Observantia
1593 401 1851 444 competentibus
1882 407 1914 435 ct

1173 452 1397 496 competituris
1421 453 1454 486 in
1487 452 1708 496 spiritualibus
1731 458 1762 486 et
1789 459 1913 498 tempo-

1174 504 1294 538 ralibus
1329 504 1462 547 regendi
1493 511 1524 538 et
1554 505 1757 547 gubernandi
1783 506 1912 550 plenam

1173 563 1204 590 et
1221 557 1355 591 liberam
1372 558 1554 591 facultatem
1573 563 1605 591 et
1621 557 1844 592 auctoritatem
1863 558 1914 592 tri-

1173 609 1302 643 buimus
1322 616 1353 643 et
1376 609 1591 653 impertimur.
2175 647 2179 651 ⁴

1218 664 1234 704 g
1255 662 1285 695 ⁹2.
1306 662 1491 696 Mandantes
1507 668 1680 707 propterea
1699 663 1823 697 dilectis
1838 663 1913 698 filiis
1948 680 2111 703 oscannum·
2134 666 2135 669 ’
2177 666 2179 710 ζ

1174 715 1360 749 custodibus
1377 721 1409 749 et
1427 715 1498 749 aliis
1518 715 1740 760 superioribus
1760 721 1792 750 et
1809 716 1914 750 fratri·
1927 707 2028 755 ‘ffissssbussf
2047 707 2112 761 ’,ῗὲΣί
2136 722 2142 758 ζ’
2178 723 2179 757 ζ

1174 768 1233 802 bus
1261 768 1418 802 universis
1449 768 1640 802 Reform-atis
1670 769 1854 813 praedictis,
1880 760 2010 804 ut⁰³¹¹⁶³¹
2140 771 2143 779 ¹

1176 820 1230 853 tibi
1266 820 1409 854 debitum
1445 820 1604 854 honorem
1640 827 1671 855 et
1701 821 1914 856 reverentiam

1175 873 1371 914 exhibentes,
1396 879 1450 906 tua
1469 874 1611 907 salubria
1630 874 1754 908 monita
1773 880 1804 908 et
1824 885 1915 909 man-

1175 927 1247 960 data
1281 927 1456 971 suscipiant
1485 927 1667 969 humiliter,
1691 933 1721 962 et
1745 927 1917 962 efficaciter

1175 980 1352 1024 adimplere
1381 986 1578 1024 procurent,
1606 980 1750 1025 alioquin
1782 986 1913 1014 senten-

1177 1032 1252 1065 tiam
1273 1032 1338 1066 sive
1358 1043 1508 1077 poenam,
1532 1043 1633 1077 quam
1648 1033 1708 1067 rite
1728 1033 1841 1068 tuleris
1860 1044 1917 1068 seu

1175 1085 1324 1118 statueris
1351 1085 1383 1118 in
1411 1086 1558 1127 rebelles,
1586 1091 1688 1120 ratam
1709 1086 1913 1127 habebimus,

1176 1144 1206 1171 et
1233 1138 1398 1179 faciemus,
1427 1144 1558 1172 auctore
1581 1139 1732 1181 Domino,
1753 1150 1857 1184 usque
1876 1140 1916 1173 ad

1176 1190 1427 1224 satisfactionem
1461 1191 1662 1235 condignamv
1687 1191 1917 1225 inviolabiliter

1177 1244 1351 1278 observari.
1942 1278 1945 1281 .

1221 1301 1237 1342 ς
1263 1298 1293 1332 3.
1322 1300 1490 1333 Caeterum
1511 1299 1670 1341 volumus,
1693 1305 1740 1341 ut,
1756 1310 1839 1344 quae
1858 1310 1917 1345 per
1948 1315 2113 1348 ιιῳιηρηο-ω.

1178 1353 1277 1386 fclicis
1305 1352 1537 1386 recordationis
1568 1353 1764 1387 Clementem
1795 1345 2114 1400 Papamgssfftssssmffi't:

1179 1407 1459 1450 praedecessorem
1487 1412 1633 1440 nostrum
1667 1417 1727 1451 per
1761 1407 1829 1441 eius
1856 1402 1964 1442 subm·
2030 1404 2034 1415 '

1179 1460 1310 1503 plumbo
1332 1460 1363 1493 in
1394 1461 1535 1494 favorem
1560 1461 1750 1494 eorumdem
1779 1461 1915 1494 fratrum

1178 1514 1449 1554 Reformatorum,
1472 1523 1528 1546 seu
1546 1513 1635 1554 alias,
1656 1513 1820 1557 expeditas
1833 1513 1918 1547 litte-

1177 1576 1227 1599 ras
1248 1565 1401 1609 disposita
1425 1566 1574 1607 fuerunt,
1594 1566 1766 1599 immutare
1786 1571 1841 1600 aut
1860 1566 1917 1600 ati-

1177 1629 1241 1662 quo
1262 1619 1359 1652 modo
1391 1619 1528 1652 alterare
1547 1629 1612 1652 non
1637 1618 1760 1662 possis,
1786 1619 1843 1653 sed
1862 1618 1918 1652 illa

1177 1671 1338 1705 observari
1364 1671 1469 1704 facere
1496 1671 1643 1705 tenearis.

1221 1726 1237 1767 ξ
1266 1724 1296 1757 lt.
1328 1724 1396 1757 Non
1416 1723 1615 1758 obstantibus
1634 1723 1916 1760 constitutionibus

1177 1784 1207 1810 et
1223 1777 1481 1810 ordinationibus
1494 1777 1690 1821 apostolicis,
1705 1787 1766 1811 nec
1781 1787 1846 1812 non
1859 1777 1917 1812 Or-

1177 1831 1260 1864 dinis
1280 1831 1448 1874 praedicti,
1472 1831 1568 1864 etiam
1587 1831 1780 1873 iuramento,
1799 1831 1918 1866 confir-

1178 1884 1320 1917 matione
1351 1884 1529 1928 apostolica
1553 1884 1603 1917 vel
1633 1884 1745 1928 quavis
1764 1884 1917 1919 firmitate

1176 1937 1238 1970 alia
1259 1936 1429 1977 roboratis,
1463 1937 1590 1971 statutis
1615 1943 1646 1971 et
1669 1937 1914 1972 consuetudini-

1178 1990 1247 2031 bus,
1264 1990 1439 2034 privilegiis
1463 2000 1604 2034 quoque,
1625 1991 1757 2025 indultis
1781 1997 1812 2025 et
1833 1991 1917 2026 litte-

1177 2043 1220 2077 ris
1235 2043 1418 2087 apostolicis
1437 2043 1548 2077 Ordini
1568 2044 1734 2088 praedicto
1758 2055 1794 2078 ac
1823 2045 1917 2079 mini-

1177 2102 1242 2130 stro
1263 2096 1404 2138 generali
1420 2102 1450 2130 et
1463 2096 1533 2130 aliis
1549 2097 1771 2140 superioribus
1789 2108 1917 2133 necnon

1178 2149 1340 2189 fratribus,
1358 2155 1420 2182 tam
1435 2149 1628 2184 Reformatis
1642 2160 1739 2194 quam
1764 2151 1804 2184 de
1825 2151 1918 2185 fami-

1179 2202 1229 2242 lia,
1251 2207 1281 2236 et
1301 2201 1371 2236 aliis
1391 2202 1589 2246 quibuslibet
1607 2203 1754 2246 personis
1771 2203 1830 2237 sub
1851 2204 1918 2248 qui-

1179 2256 1377 2300 buscumque
1400 2256 1565 2290 tenoribus
1589 2261 1620 2290 et
1644 2256 1766 2297 formis,
1787 2267 1824 2291 ac
1843 2267 1916 2291 cum

1178 2309 1342 2353 quibusvis
1363 2309 1459 2343 etiam
1481 2309 1760 2352 derogatoriarum
1781 2310 1917 2354 deroga-

1179 2362 1285 2402 toriis‚
1314 2361 1451 2406 aliisque
1471 2361 1707 2395 efficacioribus
1731 2367 1763 2396 et
1782 2362 1917 2398 insolitis

1178 2415 1338 2456 clausulis,
1357 2425 1393 2448 ac
1410 2414 1611 2448 irritantibus
1631 2420 1662 2448 ct
1678 2415 1748 2449 aliis
1766 2415 1913 2457 decretis,

1178 2468 1208 2501 in
1230 2478 1347 2510 genere
1367 2468 1415 2502 vel
1437 2468 1468 2501 in
1489 2469 1605 2512 specie,
1629 2479 1666 2502 ac
1690 2468 1768 2502 alias
1788 2469 1820 2502 in
1841 2479 1917 2504 con-

1178 2521 1309 2555 trarium
1325 2521 1575 2565 praemissorum
1588 2521 1833 2566 quomodolibet
1845 2533 1917 2557 con·

1177 2574 1291 2614 cessis,
1323 2574 1519 2608 confirmatis
1539 2580 1570 2608 et
1595 2575 1763 2609 innovatis.
1794 2575 1916 2615 Quibus

1177 2628 1327 2662 omnibus
1352 2634 1383 2661 et
1407 2628 1551 2672 singulis,
1574 2638 1686 2662 eorum
1709 2634 1836 2662 tenores
1854 2639 1914 2673 pro

1943 1739 2058 1770 nepotatio
2065 1743 2116 1762 eon-
2172 1730 2183 1766 ξ’

1931 1768 2052 1788 uariorum.
2132 1773 2135 1785 e
