2227 3241
55 238 144 266 An.c.
174 238 241 266 1610
914 237 1028 261 murus
1048 237 1067 260 v
1089 237 1134 259 vr.
1669 223 1733 257 6:35
1780 233 1830 260 An.
1846 232 1873 260 C.
1896 232 1964 260 1610

253 287 341 320 ficari
370 286 492 327 facere,
516 286 695 330 eodemque
723 286 842 330 palatio
869 291 931 319 tam
953 287 991 318 ad
1007 293 1011 352 ἱ
1027 286 1093 329 ipsa
1111 284 1245 317 ecclesia
1258 283 1357 317 sancti
1375 282 1522 317 Dalmatii
1540 282 1693 323 instituta,
1713 282 1767 315 ibi-

253 340 398 374 divinum
425 341 545 373 cultum
573 351 668 384 quam
695 340 733 373 ad
755 350 867 373 eorum
901 339 1118 393 habi-ltlem,
1148 339 1232 372 iuxta
1258 338 1504 382 promissionem
1538 337 1662 370 dilectis
1694 336 1767 369 tiliis

254 394 391 428 tationes
412 395 456 428 uti
477 394 616 439 possint;
641 394 744 428 dictus
764 400 871 428 autem
892 394 989 427 Caro·
1009 396 1011 398 ’
1028 392 1113 425 illius
1131 392 1346 426 confratribus
1365 403 1421 436 per
1441 392 1690 425 instrumentum
1711 402 1769 436 pu-

253 449 302 482 lus
325 449 479 482 Emanuel
501 449 563 482 dux
590 448 651 481 illis
678 448 709 480 in
734 448 913 481 subsidium
948 448 992 479 sa·
1028 445 1147 478 blicum
1177 446 1254 479 alias
1282 447 1418 486 factam,
1455 452 1483 479 et
1515 445 1604 479 oneri
1637 445 1767 489 quidem

254 500 361 534 brieae
382 510 483 534 novae
503 500 656 534 ecclesiae
683 498 868 532 huiusmodi
894 498 989 542 quin·
1029 499 1131 532 dictae
1156 500 1419 543 Congregationis
1454 510 1631 542 remanere,
1658 499 1768 543 illique

253 559 366 596 gentos
387 554 563 587 dueatonos
584 553 688 587 dictae
716 558 864 586 monetae
889 552 994 596 primo
1010 560 1012 601 ζ
1028 553 1131 586 forma
1163 554 1305 587 eiusdem
1344 555 1545 588 instrumenti
1579 554 1765 593 observat-i,

254 613 541 651 quoquetempore
552 617 723 641 numerare
737 611 891 639 teneatur.
905 605 996 638 Prae-
1010 606 1013 657 ᾗ
1029 617 1097 649 nec,
1118 612 1151 641 ut
1166 608 1234 652 ipsa
1255 609 1502 642 confraternitas
1523 608 1654 652 aliquod
1671 608 1768 641 detri-

255 667 405 705 tereaque
425 660 578 695 ecelesia¹
604 661 704 695 sancti
729 659 876 693 Dalmatii
905 659 992 692 eius·
1011 666 1013 701 ξ
1031 667 1173 694 mentum
1204 661 1364 705 patiatur,
1388 662 1529 705 permitti
1557 662 1681 695 debeat.
1712 662 1769 694 Po-

255 724 316 759 que
337 714 483 748 aedificia
504 714 689 748 huiusmodi
715 714 755 747 ab
776 713 863 746 omni
889 713 996 757 supel-
1011 715 1013 756 ᾗ
1029 719 1214 757 stremoque
1235 714 1458 758 proeessiones
1475 715 1666 748 dilectorum
1689 714 1770 747 filio-

255 769 352 802 leetili
387 769 516 814 alioque
551 768 664 814 quovis
696 768 807 802 mobili
839 778 938 802 vacua
967 757 1102 809 etirum
1129 767 1259 812 capituli
1294 768 1398 801 (lictae
1431 768 1561 802 maioris
1591 769 1767 809 eeclesiae,

254 823 341 857 nuda
361 823 479 857 dimitti
510 823 668 864 debeant,
697 822 821 867 ipsique
844 822 941 855 abbas
966 814 1112 866 etiquae
1139 822 1178 855 ad
1203 822 1369 855 ecclesiam
1400 823 1499 856 sancti
1533 823 1680 857 Dalmatii
1706 823 1768 856 liu-

255 883 430 911 conventus
449 888 486 911 ac
506 876 692 923 definitores
718 887 734 910 a
757 876 840 910 dicta
862 875 995 909 ecclesia
1032 876 1170 910 iusmodi
1197 886 1256 920 pro
1277 882 1386 910 sancto
1405 877 1543 910 Antonio
1562 877 1692 917 fiebant,
1714 878 1771 910 im-

254 931 355 964 saneti
375 931 521 965 Dalmatii
541 930 649 964 iconas
669 929 836 975 proprias,
857 940 928 963 vasa
949 939 997 962 sa·
1012 936 1015 979 t
1032 937 1196 974 posterum
1223 930 1261 963 arl
1288 930 1454 963 eeclesiam
1480 930 1525 964 sic
1547 931 1771 964 costruendam

255 995 330 1026 cra,
359 990 390 1018 et
418 984 526 1019 omnia
557 984 619 1017 alia
651 983 867 1018 ecclesiastica
896 993 993 1017 orna·
1013 984 1353 1042 'praedictannonere
1380 994 1438 1027 pro
1464 989 1610 1028 tempore
1635 984 1772 1018 existen-

256 1043 363 1072 menta
377 1048 413 1073 ae
431 1037 574 1079 mobilia,
595 1037 733 1071 cuiusvis
746 1037 908 1082 qualitatis
925 1037 997 1078 sint,
1013 1045 1015 1073 t
1033 1038 1111 1071 tium
1138 1037 1222 1071 illius
1247 1038 1471 1080 religiosorum
1488 1066 1495 1077 ,
1524 1038 1593 1071 fieri
1611 1038 1749 1071 debeant
1764 1066 1771 1079 ,

255 1092 399 1136 duasque
419 1103 456 1126 ex
481 1098 620 1136 quatuor
644 1091 826 1136 campanis,
858 1101 940 1135 quae
966 1091 996 1124 in
1014 1084 1015 1146 l
1032 1098 1127 1135 prout
1154 1092 1185 1125 in
1210 1092 1347 1136 publicis
1368 1092 1506 1135 desuper
1527 1092 1679 1126 consectis
1697 1091 1774 1125 seri-

256 1145 428 1190 campanili
447 1145 546 1189 ipsius
564 1145 717 1179 ecclesiae
733 1145 833 1178 sancti
852 1144 996 1177 Dalmatii
1014 1150 1016 1199 t
1033 1146 1133 1190 pturis
1159 1146 1277 1179 dicitur
1297 1146 1467 1179 contineri.

256 1199 431 1232 collocatae
452 1205 537 1239 sunt,
559 1199 598 1233 ad
618 1199 700 1232 idem
724 1199 876 1242 palatium
897 1204 1016 1231 trans-³
1079 1201 1094 1241 ξ
1120 1199 1150 1232 2.
1175 1200 1250 1233 Cum
1277 1201 1395 1240 autem,
1423 1200 1505 1233 sieut
1531 1200 1642 1233 eadem
1661 1199 1774 1244 petitio
1804 1192 1972 1218 Pf³⁶⁴¹''''²¹s¹³¹'‘

1791 1222 1820 1239 tes
1845 1222 1972 1239 auctoritate

255 1252 356 1293 ferre,
380 1263 416 1287 ae
437 1253 603 1286 ecelesiam
627 1253 669 1285 ibi
691 1252 939 1286 construendam
968 1251 997 1284 in
1033 1253 1257 1296 subiungebat,
1274 1254 1449 1297 praemissa
1467 1254 1576 1287 omnia
1594 1253 1690 1286 divini
1709 1254 1776 1287 cul-
1791 1246 1973 1298 fj}¹{²'p'*,⁶:,}¹„{?⁶⁰'

256 1306 324 1340 eius
349 1307 429 1340 vasis
461 1313 491 1340 et.
522 1306 592 1340 aliis
619 1306 838 1346 ornament‘ss,
874 1315 998 1339 necnon
1034 1313 1084 1340 tus
1109 1307 1302 1351 piorumque
1328 1317 1463 1351 operum
1489 1313 1710 1350 augmentum,
1739 1318 1774 1339 ac

258 1361 432 1394 mobilibus
451 1360 649 1401 huiusmodi,
673 1370 827 1394 exornare
851 1366 881 1392 et
905 1359 1000 1393 deco·
1016 1392 1017 1397 ,
1034 1361 1214 1394 animarum
1240 1360 1388 1401 salutem,
1412 1361 1580 1404 (lictaeque
1597 1360 1776 1404 Congrega—

257 1424 329 1448 rare
354 1414 478 1459 possint
502 1420 533 1448 et
553 1415 687 1448 valeant.
712 1414 798 1447 Onus
820 1419 924 1446 tamen
947 1424 998 1446 ex·
1016 1443 1017 1450 ,
1035 1414 1128 1447 tionis
1155 1416 1432 1458 propagationem,
1459 1420 1489 1447 et
1514 1414 1625 1458 populi
1643 1414 1772 1458 praedi-

258 1468 386 1502 ercendi
400 1479 511 1502 euram
530 1468 711 1501 animarum
727 1467 829 1501 eidem
846 1467 998 1500 eeclesiae
1015 1469 1017 1517 j
1034 1474 1102 1501 ctae
1128 1468 1262 1501 civitatis
1294 1468 1493 1512 spiritualem
1520 1468 1774 1501 consolationem

257 1522 357 1555 sancti
393 1521 539 1555 Dalmatii
576 1521 798 1554 imminentem
816 1548 822 1560 ,
855 1520 996 1553 adniini—
1015 1524 1017 1557 t
1034 1532 1230 1555 cons-eruere
1251 1521 1493 1564 dignoscantur,
1517 1532 1576 1566 pro
1602 1528 1692 1566 parte
1712 1527 1775 1555 tam

256 1575 446 1619 strandique
477 1581 677 1608 sacramenta
704 1574 940 1613 ecelesiastica,
970 1571 1136 1609 etharoli
1164 1576 1347 1609 Emanuelis
1379 1576 1488 1616 ducis,
1517 1586 1612 1620 quam
1638 1576 1773 1615 abbatis,

257 1627 319 1661 alia
337 1628 517 1662 necessaria
534 1628 705 1669 subeundi,
722 1627 754 1660 in
768 1638 801 1661 se
815 1628 997 1660 universum
1035 1634 1065 1662 et
1090 1635 1265 1662 conventus
1279 1657 1287 1668 ,
1322 1639 1357 1662 ac
1384 1628 1590 1662 definitorum
1608 1656 1614 1669 ‚
1651 1639 1776 1662 necnon

257 1681 431 1726 suscipere,
454 1692 490 1715 ac
511 1682 660 1715 abbatem
683 1688 712 1715 et
730 1687 921 1714 conventum
942 1692 999 1714 nec
1016 1704 1017 1713 i
1035 1683 1207 1728 praepositi
1235 1689 1265 1715 et
1294 1682 1516 1725 religiosorum
1535 1682 1776 1726 praedictorum

257 1745 322 1768 non
334 1735 521 1769 definitores
534 1735 715 1780 praedictos
730 1735 999 1768 amanutentione
1014 1722 1018 1791 J
1035 1736 1127 1769 nobis
1160 1736 1215 1769 suit
1241 1736 1408 1769 humiliter
1432 1736 1667 1780 supplicatum,
1700 1747 1777 1782 qua-

258 1788 390 1832 parochi
417 1788 447 1821 in
472 1794 573 1822 totum
594 1789 734 1822 relevare
751 1788 942 1827 teneantui·‘³,
964 1799 1000 1821 :tc
1016 1807 1018 1840 ᾗ
1036 1796 1126 1823 tenus
1161 1790 1213 1823 illa
1250 1790 1358 1823 omnia
1393 1800 1452 1833 pro
1490 1800 1601 1823 eorum
1640 1789 1776 1822 firmiori

259 1843 291 1875 in
309 1842 376 1886 ipsa
395 1842 528 1875 eeclesia
553 1842 653 1875 sancti
679 1842 825 1875 Dalmatii
847 1842 998 1875 sacellum
1016 1841 1239 1882 {subsistentia
1274 1850 1304 1877 et
1339 1843 1561 1877 observatione
1602 1842 1776 1877 inviolabili

260 1895 308 1929 vel
325 1896 426 1929 altare
444 1895 574 1939 aliquod
591 1895 692 1928 saneti
710 1895 839 1928 Antonii
858 1894 998 1928 construi
1016 1886 1018 1943 [
1035 1898 1215 1941 approbare
1245 1904 1271 1931 ct
1315 1897 1510 1930 confirmare
1527 1924 1533 1937 ,
1568 1897 1712 1940 aliasque
1745 1896 1776 1928 in

260 1950 377 1991 facere,
406 1956 460 1984 aut
486 1950 571 1983 illius
594 1950 721 1983 titulum
747 1950 841 1983 simul
863 1960 933 1982 cum
961 1949 1000 1982 ti-
1016 1948 1018 1961 ¹
1035 1950 1218 1994 praemissis
1244 1956 1424 1995 opportune
1455 1950 1624 1994 providere
1649 1950 1688 1983 de
1717 1950 1774 1984 be-

261 2004 327 2038 tulo
345 2004 444 2038 sancti
461 2004 609 2037 Dalmatii
628 2003 778 2044 retinere,
800 2009 935 2047 votaque
953 2003 999 2035 rel
1017 2000 1018 2034 l
1036 2004 1191 2046 nignitate
1220 2004 1395 2048 apostoliea
1420 2004 1640 2047 dignaremur.

260 2058 480 2102 eleemosynas
504 2058 656 2099 colligere
682 2057 871 2101 nequeant³,
892 2057 946 2091 sed
964 2065 1018 2090 ea³
1081 2060 1096 2099 ξ
1118 2057 1147 2091 3.
1172 2058 1234 2091 Nos
1261 2058 1368 2101 igitur,
1389 2058 1443 2102 qui
1469 2058 1589 2092 dudum
1617 2058 1700 2092 inter
1717 2059 1778 2092 alia
1803 2049 1978 2070 ⁶⁴⁸¹'fi‘⁰‘³¹⁹⁰²²'

1794 2077 1850 2097 tifex.

260 2110 380 2152 omnia,
398 2122 470 2144 eum
492 2111 645 2144 oneribus
670 2110 896 2144 celebrationis
921 2110 996 2143 mis-
1017 2087 1019 2123 Ι
1037 2111 1204 2152 voluimus,
1226 2111 1313 2155 quod
1339 2117 1483 2155 petentes
1500 2111 1658 2145 beneficia
1679 2112 1778 2145 ecele-

261 2174 368 2197 sarum
390 2170 420 2197 et
444 2164 580 2198 aliorum
608 2164 789 2198 divinorum
819 2164 998 2197 officiorum
1017 2138 1020 2215 ἶ
1036 2165 1161 2199 sia-stica
1187 2165 1255 2198 aliis
1278 2165 1373 2206 uniri,
1399 2172 1584 2200 tenerentur
1600 2167 1779 2210 exprimere

262 2218 336 2252 inde
362 2218 633 2259 incumbentium,
651 2213 736 2252 dicto
753 2218 862 2252 Ordini
882 2229 939 2262 per
956 2217 1002 2250 ‹ti-
1038 2230 1145 2252 verum
1162 2230 1303 2252 annuum
1327 2219 1478 2262 valorem,
1493 2220 1669 2254 seeundum
1689 2220 1781 2253 aesti—

262 2272 361 2306 leetos
379 2272 461 2306 filios
479 2272 547 2306 eius
566 2272 742 2315 religiosos,
766 2272 819 2305 ubi
844 2283 902 2316 pro
925 2278 1003 2306 tem-
1039 2273 1211 2306 mationem
1242 2273 1459 2317 praedictum,
1490 2273 1584 2307 ctiam
1619 2274 1777 2314 beneficii,

262 2336 341 2370 pore
366 2325 566 2359 domicilium
600 2326 794 2366 habuerint,
821 2327 977 2370 explenda
993 2354 1000 2367 ,
1018 2313 1020 2344 Ὗ
1039 2327 1088 2361 cui
1115 2327 1200 2360 aliud
1228 2327 1312 2360 uniri
1338 2333 1512 2371 peteretur,
1538 2328 1680 2371 alioquin
1704 2328 1780 2361 unio

263 2379 379 2413 dimitti
398 2385 429 2413 et
446 2380 585 2423 relinqui
607 2379 755 2413 debeant.
781 2379 1000 2413 Confratcrni-
1019 2361 1022 2424 'i
1039 2392 1102 2415 non
1132 2383 1270 2423 valeret,
1302 2383 1389 2426 quod
1422 2382 1515 2415 ctiam
1542 2382 1703 2415 observari
1730 2393 1782 2415 vo-

265 2438 311 2466 tas
335 2443 433 2478 porro
459 2433 497 2466 de
522 2433 739 2467 Misericordia
756 2439 951 2477 nuncupata,
974 2433 1002 2466 in
1020 2428 1022 2484 l
1039 2435 1146 2468 lumus
1175 2435 1204 2468 in
1234 2435 1430 2479 quibuslibet
1459 2435 1719 2469 concessionibus
1752 2442 1778 2469 et

1020 2488 1022 2540 ξ
1040 2489 1319 2533 applicationibus,
1338 2489 1457 2533 quique
1477 2489 1507 2521 in
1527 2489 1670 2522 eeclesiis
1688 2495 1716 2522 et
1737 2500 1782 2522 re-

299 2521 919 2602 {Nssffi'pglffuggffi§333²ssss(ssgissmm
945 2576 1004 2594 mu-
1021 2548 1023 2595 t
1040 2542 1204 2583 gularibus
1231 2542 1307 2575 loeis
1328 2542 1522 2585 quibuslibet
1549 2542 1691 2575 (lirinum
1713 2543 1780 2575 cul-

266 2614 337 2638 tatur
349 2612 389 2646 (n.
402 2612 452 2646 1),
1021 2596 1023 2610 ³
1042 2602 1107 2629 tum
1141 2607 1178 2629 ac
1212 2596 1375 2638 religionis
1408 2602 1437 2629 et
1467 2596 1645 2629 devotionis
1677 2596 1780 2628 zelum

301 2655 318 2682 3
334 2656 371 2682 An
388 2655 483 2683 iterum
501 2656 651 2684 subiectum
669 2659 794 2690 mutetur,
811 2657 900 2684 nescio
916 2659 952 2690 (a.
970 2664 1004 2687 T».
1041 2649 1192 2688 adaugeri
1214 2649 1346 2682 sinceris
1364 2649 1584 2682 desideramus
1600 2649 1778 2689 alicuibus,
