2227 3241
256 276 304 303 Αη.
321 275 351 303 C.
374 274 442 304 1605

275 657 342 680 Quare
354 656 442 676 eaedem

258 683 345 703 militiae
362 683 440 707 indige-

257 709 309 730 hant
323 709 398 729 maiiix-1
408 714 444 728 uu·

257 741 313 756 mero
342 735 442 756 inmitium

257 768 401 790 personarum.

287 1473 396 1499 Philippus
409 1478 444 1492 rex

259 1500 332 1521 statuit
355 1500 444 1521 militare

261 1527 372 1550 culli-ulum
406 1527 445 1547 Go-

260 1553 382 1574 liintiiiewe
406 1560 444 1573 cri-

261 1586 317 1607 gorm.

487 264 551 299 218

456 334 527 357 rum
546 323 691 362 existant,
708 327 736 354 et
755 326 927 364 propterca
940 330 1002 353 non
1020 320 1123 354 solum
1138 331 1196 365 per

455 377 580 421 priores
598 381 629 408 et
649 380 799 414 rectores,
823 374 879 406 sed
897 373 993 413 etiam
1016 384 1075 418 per
1095 374 1196 407 diver-

455 440 506 463 sos
520 429 598 462 alios
615 427 802 462 earumdem
817 426 1004 459 militiarum
1023 426 1196 460 beneficia-

456 489 504 517 tos
526 482 736 525 collegialiter
765 480 921 514 deserviri
942 481 1086 522 soleant,
1110 481 1196 525 q‘uod

457 536 588 580 quidem
609 545 674 568 non
689 534 748 568 nisi
764 533 909 567 adhibito
927 544 1045 576 magno
1066 534 1198 568 idonco-

457 600 528 623 rum
552 588 772 621 ministrorum
790 597 927 620 numero
945 587 1014 620 fieri
1034 592 1150 632 potest;

502 644 518 685 S
539 641 570 676 3.
594 641 725 675 EtJicet
745 641 777 673 in
802 640 1014 674 conventibus
1038 641 1195 674 dictarum

458 695 646 728 militiarum
670 694 759 727 multi
786 699 852 726 tum
878 693 1108 736 grammaticae
1130 700 1196 727 tum

458 749 573 783 morali
595 747 776 790 theologiae
801 757 934 791 operam
959 753 1085 788 navent,
1110 757 1193 780 non-

456 802 537 836 nulli
562 812 637 835 vero
666 801 698 834 in
726 800 951 835 Colimbriensi
976 807 1007 834 et
1029 801 1195 834 Elborensi

456 855 719 889 universitatibus
750 854 932 887 studiorum
971 854 1194 897 generalium,

457 910 603 955 expensis
633 909 793 942 dictarum
822 908 1033 949 militiarum,
1061 908 1195 942 seorsim

456 969 564 997 tamen
578 968 609 997 et
621 962 805 1006 separatim,
817 967 847 995 et
859 962 981 1006 absque
991 962 1098 1006 aliqua
1111 962 1197 995 clau-

456 1020 532 1052 sura
551 1022 582 1051 et
601 1016 757 1060 regularis
773 1015 961 1060 disciplinae
982 1015 1194 1056 observantia,

455 1071 636 1105 litterarum
647 1070 761 1103 studiis
774 1069 973 1110 incumbant,
990 1075 1025 1102 ut
1037 1075 1147 1113 postea
1159 1069 1198 1102 dc

457 1124 655 1169 prioratibus
668 1134 705 1157 ac
719 1123 789 1169 aliis
807 1123 973 1157 beneficiis
986 1133 1095 1156 earum
1116 1122 1198 1155 mili-

459 1178 576 1211 tiarum
597 1177 714 1222 provisi
731 1177 823 1211 dictis
844 1176 986 1210 ecclesiis
1011 1176 1196 1216 inserviant3

460 1231 614 1275 quoniam
640 1236 746 1264 tamen
771 1229 956 1274 praedictae
982 1229 1115 1262 militiae
1139 1240 1197 1273 pro

459 1285 602 1329 ipsarum
628 1284 837 1318 ecclesiarum
863 1283 1021 1326 regimine
1038 1289 1069 1317 et
1088 1283 1195 1317 admi-

459 1338 648 1372 nistratione
680 1337 796 1371 maiori
825 1337 1029 1371 eruditorum
1061 1348 1198 1371 numero

460 1392 617 1434 indigent;

504 1447 520 1487 ἓ
541 1445 573 1478 4.
596 1445 772 1488 Propterea
793 1443 877 1477 idem
898 1444 1066 1488 Philippus
1091 1455 1144 1478 rex
1170 1450 1201 1478 et

459 1499 712 1538 administrator,
729 1498 768 1532 de
786 1498 920 1532 consilio
938 1498 1151 1542 praesidentis
1171 1505 1202 1533 et

461 1553 687 1597 deputatorum
708 1563 836 1585 mensae
848 1552 1062 1586 conscientiae
1077 1563 1201 1586 nuncu-

461 1612 566 1650 patae,
583 1607 622 1640 ad
640 1606 830 1639 eorumdem
849 1606 1037 1639 militiarum
1057 1606 1201 1649 regimen

460 1659 635 1703 apostolica
645 1660 835 1693 auctoritate
852 1659 1026 1700 institutae,
1043 1666 1202 1693 reservato

460 1719 572 1746 nostro
596 1719 627 1746 et
652 1712 854 1756 Apostolicae
875 1712 965 1746 Sedis
985 1712 1199 1756 beneplacito,

460 1766 611 1807 decrevit,
638 1772 673 1799 ut
699 1766 732 1799 in
756 1765 962 1799 universitate
979 1765 1203 1811 Colimbriensi

459 1829 577 1853 novum
591 1819 760 1862 collegiu'm
775 1830 831 1853 seu
845 1819 1054 1853 seminarium
1069 1820 1205 1863 erigere-

461 1878 513 1906 tur
533 1878 565 1906 et
584 1872 789 1913 fundaretur,
811 1872 842 1905 in
863 1883 928 1917 quo
950 1872 1049 1917 aliqui
1068 1884 1105 1906 ex
1124 1884 1203 1917 qua-

461 1925 539 1960 libet
559 1926 719 1960 die-tarum
741 1926 942 1959 militiarium
967 1926 1121 1970 religiosi,
1144 1927 1203 1960 sub

462 1980 610 2013 clausura
638 1985 668 2013 et
699 1979 840 2022 regulari
866 1980 1070 2020 obedientia,
1094 1990 1204 2014 sacrae

461 2033 656 2076 theologiae,
672 2038 728 2066 aut
748 2033 827 2066 iuris
840 2034 987 2067 canonici
1001 2033 1115 2067 studiis
1128 2044 1203 2078 ope-

461 2097 530 2120 ram
553 2087 678 2127 darent,
698 2087 752 2131 qui
780 2086 981 2130 collegiales,
1006 2087 1088 2121 sacto
1115 2088 1205 2131 prius

462 2140 547 2174 inter
560 2150 625 2180 eos,
646 2140 700 2183 qui
719 2140 908 2173 admittendi
929 2145 1014 2181 sunt,
1031 2151 1201 2182 concursu,

462 2194 586 2228 admitti
609 2194 764 2227 deberent
781 2194 895 2227 eodem
923 2195 1020 2227 modo
1044 2205 1081 2228 ac
1101 2196 1201 2240 stylo,

463 2259 529 2293 quo
547 2248 684 2290 collegio
703 2247 802 2289 regali
817 2247 846 2280 S.
867 2248 957 2281 Pauli
971 2248 1113 2282 eiusdem
1136 2249 1205 2282 uni-

463 2301 630 2341 versitatis,
648 2301 755 2345 quoad
769 2301 934 2343 sanguinis
947 2301 1132 2345 puritatem,
1153 2312 1205 2344 ge-

463 2355 549 2388 neris
562 2360 592 2388 et
605 2354 746 2388 familiae
759 2354 958 2387 nobilitatem
974 2360 1004 2388 et
1017 2355 1204 2398 qualitatem

464 2409 626 2442 dictorum
644 2407 862 2450 collegialium
890 2408 1090 2442 observatur.
1115 2409 1205 2448 Quod

465 2461 595 2506 quidem
630 2461 769 2494 militare
805 2460 1016 2494 seminarium
1051 2472 1088 2495 ac
1121 2462 1206 2496 illius

465 2515 649 2557 collegiales
674 2513 838 2558 -praedicti
869 2514 994 2547 statutis
1026 2520 1057 2548 et
1088 2516 1207 2558 regulis

466 2579 597 2602 suorum
617 2568 787 2609 ordinum,
800 2573 831 2602 et
844 2567 913 2601 aliis
927 2568 967 2601 ad
982 2567 1012 2602 id
1030 2569 1208 2603 formandis

468 2627 498 2654 et
517 2621 650 2654 edendis
669 2621 940 2664 gubernarentur,
966 2624 1002 2655 ea
1023 2622 1208 2656 conditione

468 2674 601 2715 adiecta,
622 2681 657 2709 ut
679 2674 836 2719 praedicti
856 2675 1050 2719 collegiales,
1066 2686 1124 2720 per
1137 2686 1209 2710 con-

1030 272 1213 297 BULLARIUM
1237 272 1389 298 ROMANUM

1977 274 2025 303 An.
2042 273 2073 303 C.
2091 275 2174 307 13123'
2217 272 2226 307 ,Γ

1229 332 1377 363 cursum,
1405 327 1441 355 ut
1465 320 1657 365 praefertur,
1685 321 1847 365 eligendi,
1877 322 1968 368 prius
2163 323 2169 327 ”

1230 386 1326 419 quam
1353 375 1392 408 ad
1418 375 1538 408 dictum
1558 374 1729 418 collegium
1750 385 1806 409 seu
1827 376 1967 410 semina-

1231 428 1312 460 rium
1328 427 1586 468 admitterentur,
1599 427 1629 460 in
1645 428 1854 462 conventibus
1868 429 1969 463 dicta-

1232 492 1301 514 rum
1314 481 1501 514 militiarum
1512 482 1692 524 regularem
1704 492 1814 516 earum
1823 482 1969 517 habitum

1231 535 1439 579 susciperen13
1450 540 1491 575 et,
1501 535 1525 568 si
1541 535 1626 568 dicto
1639 535 1788 580 Philippo
1803 536 1870 578 regi
1883 547 1971 570 nunc

1232 593 1262 621 et
1279 598 1337 632 pro
1351 594 1495 632 tempore
1509 589 1696 622 earumdem
1712 588 1897 622 militiarum
1915 589 1971 624 ad-

1233 641 1443 675 ministratori
1468 641 1647 682 videretur,
1670 641 1766 675 etiarn
1788 642 1969 685 regularem
2016 648 2020 651 ’

1232 705 1268 728 ac
1281 695 1457 727 solemnem
1477 694 1660 728 emitterent
1676 694 1941 742 professionem,

1276 749 1292 790 ς
1313 746 1343 781 5.
1364 747 1543 788 Praeterea,
1560 753 1595 781 ut
1608 747 1684 781 dicti
1702 748 1828 791 collegii
1847 748 1969 783 fabrica
2010 761 2123 792 seminarit
2135 762 2170 785 12⁴
2223 759 2225 770 ¹

1232 807 1260 834 et
1281 801 1497 845 collegialium
1518 812 1661 844 congrua
1673 796 1862 836 sustentatio
1878 803 1968 837 nullo
1983 787 2185 839 ῧῗιῗιῗθοῖωἷὲιιμῖ

1233 866 1374 900 unquam
1393 861 1541 900 tempore
1564 855 1704 889 deficere
1723 861 1777 889 aut
1790 850 1968 890 desiderari
1982 841 2170 895 {iiifflssffiiffli

1232 916 1350 954 posset,
1371 921 1406 944 ex
1427 910 1585 943 dictarum
1604 909 1792 943 militiarum
1812 894 2171 954 p1·iorati-l³‚2„2n2‘?3?lll¹{ffi
2222 900 2224 912 ⁴

1231 965 1301 1005 hus,
1325 963 1567 1011 praeceptoriis,
1591 963 1791 997 commendis
1811 968 1842 997 et
1864 963 1967 997 hene·
1984 949 2066 996 lif-{3¹⁰¹
2082 948 2168 980 mutu„

1232 1018 1323 1059 ficiis,
1348 1028 1526 1062 eorumque
1539 1017 1729 1058 redditibus,
1748 1017 1968 1061 proventibus,

1233 1071 1356 1104 iuribus
1369 1076 1400 1104 et
1420 1070 1647 1104 emolumentis
1664 1070 1922 1115 quibuscumque
1935 1081 1974 1105 ea

1234 1123 1394 1168 quantitas
1420 1129 1451 1157 et
1479 1123 1586 1168 portio
1619 1123 1723 1156 eidem
1754 1123 1891 1166 collegio
1916 1134 1980 1172 seu'

1234 1178 1406 1211 seminario
1432 1177 1650 1222 applicaretur
1675 1183 1705 1211 et
1729 1177 1970 1219 attribueretur,

1235 1241 1317 1274 quae
1345 1230 1479 1264 arbitrio
1500 1230 1599 1275 ipsius
1618 1230 1758 1274 Philippi
1778 1230 1863 1273 regis
1887 1240 1974 1264 nunc

1234 1290 1264 1317 et
1284 1294 1343 1328 pro
1365 1290 1509 1328 tempore
1530 1283 1691 1317 existentis
1704 1283 1997 1325 administratoris„

1233 1338 1419 1371 huiusmodi
1434 1338 1568 1371 taxanda
1586 1343 1615 1371 et
1635 1337 1827 1382 applicanda
1840 1343 1872 1372 et
1884 1338 1973 1372 attri-
2206 1378 2209 1385 ι

1233 1392 1361 1425 buenda
1377 1391 1548 1424 videretur.
1573 1391 1649 1424 Cum
1670 1397 1789 1433 autem,
1812 1391 1895 1426 sicut
1914 1402 1970 1426 ea·
2004 1396 2171 1432 ,Ειιςμιιιιι
2212 1408 2213 1415 1

1234 1445 1307 1479 dem
1321 1444 1477 1488 expositio
1485 1444 1712 1488 subiungebat,
1726 1445 1794 1488 ipse
1806 1444 1975 1489 Philippus
1987 1427 2168 1486 'xinsssussriss'fflci'

1234 1509 1287 1532 rex
1309 1504 1340 1532 et
1352 1498 1593 1532 administrator
1612 1498 1721 1542 cupiat
1734 1498 1928 1532 erectionem
1944 1503 1977 1533 et
1989 1481 2022 1503 ‘³¹⁵
2037 1486 2098 1502 ‘¹¹¹⁰'
2112 1479 2165 1508 Μ’
2211 1490 2213 1495 ’

1236 1552 1460 1586 fundationem
1481 1551 1556 1584 dicti
1577 1551 1708 1594 collegii
1725 1561 1781 1585 seu
1809 1551 1976 1585 seminarii

1237 1605 1455 1650 quantocitius
1472 1605 1512 1638 ad
1533 1605 1658 1639 felicem
1678 1610 1707 1638 et
1728 1610 1873 1649 optatum
1899 1604 1976 1638 effe-

1238 1665 1322 1692 ctum
1348 1658 1494 1703 perduci,
1517 1664 1614 1703 atque
1632 1664 1666 1691 ut
1690 1658 1825 1703 priores,
1845 1669 1977 1703 praece-

1238 1716 1357 1756 ptores,
1379 1711 1647 1745 commendatarii
1673 1716 1704 1745 et
1721 1711 1772 1745 alii
1794 1711 1976 1747 beneficiati

1238 1765 1397 1799 dictarum
1419 1765 1608 1798 militiarum
1631 1775 1711 1798 onus
1729 1765 1978 1800 contributionis

1238 1829 1296 1862 per
1313 1828 1367 1852 eos
1381 1818 1556 1860 faciendae,
1576 1818 1606 1851 in
1621 1818 1865 1853 subventionem
1881 1818 1978 1852 colle-

1239 1871 1281 1914 gii
1302 1881 1357 1905 seu
1371 1871 1535 1905 seminarii
1554 1871 1698 1914 erigendi
1717 1871 1914 1912 huiusmodi,
1930 1871 1977 1905 sa-

1239 1925 1330 1959 cilius
1350 1925 1491 1970 perferre
1509 1925 1652 1965 valeant,
1675 1924 1747 1958 illos
1774 1935 1978 1969 quacumque

1238 1979 1301 2013 alia
1320 1979 1559 2013 contributione
1580 1978 1650 2012 aliis
1666 1978 1847 2013 seminariis
1871 1980 1975 2014 eccle-

1238 2033 1373 2067 siasticis
1386 2044 1444 2077 per
1452 2032 1638 2067 Ordinarios
1647 2033 1792 2066 locorum
1803 2043 1838 2066 ex
1848 2033 1978 2067 decreto

1239 2087 1320 2120 sacri
1338 2086 1472 2121 Concilii
1492 2086 1671 2120 Tridentini
1693 2086 1807 2120 erectis
1831 2085 1979 2121 facienda
2020 2078 2025 2081 Α

1239 2142 1375 2185 (attento
1395 2140 1533 2174 maxime
1554 2140 1640 2184 quod
1665 2140 1838 2174 seminaria
1850 2140 1978 2175 illarum

1240 2194 1380 2238 partium
1408 2193 1483 2227 satis
1504 2194 1621 2227 uberes
1640 2193 1785 2228 redditus
1805 2193 1926 2228 habent
1949 2199 1981 2228 et

1239 2259 1303 2282 non
1318 2247 1456 2281 existunt
1469 2247 1500 2280 in
1515 2247 1604 2291 quasi
1622 2247 1822 2291 possessione
1833 2247 1981 2290 exigendi

1240 2301 1513 2335 contributionem
1536 2311 1553 2334 a
1578 2300 1744 2334 beneficiis
1766 2300 1980 2345 militiai-ium)

1240 2355 1430 2388 auctoritate
1451 2354 1629 2398 apostolica
1647 2353 1741 2387 eximi
1762 2353 1933 2395 desideret,
1949 2359 1982 2388 et

1239 2414 1413 2453 propterea
1430 2408 1525 2442 nobis
1545 2407 1713 2441 humiliter
1731 2406 1907 2451 supplicari
1928 2407 1957 2441 fe
1970 2426 1977 2432 ·

1240 2462 1372 2503 cerit‚ut
1383 2462 1414 2494 in
1429 2460 1611 2506 praemissis
1620 2466 1801 2504 opportune
1810 2460 1981 2504 providere
2028 2453 2031 2457 Δ

1241 2517 1280 2550 de
1299 2515 1499 2558 benignitate
1516 2514 1693 2559 apostoliea
1714 2514 1932 2556 dignaremur:
2147 2556 2150 2558 v
2172 2541 2173 2546 ,

1286 2571 1302 2612 S
1320 2568 1350 2602 6.
1375 2569 1438 2602 Nos
1458 2567 1556 2611 igitur
1575 2567 1718 2601 eiusdem
1739 2567 1877 2611 Philippi
1896 2566 1980 2610 regis
2013 2577 2166 2611 rapiunt

1242 2627 1273 2655 et
1293 2620 1562 2655 administratoris
1582 2620 1643 2664 piis
1662 2620 1744 2654 votis
1760 2630 1797 2654 ac
1816 2619 1978 2664 supplica·
1994 2611 2162 2659 {wi-nauum
2185 2625 2186 2636 ¹

1243 2675 1403 2716 tionibus,
1426 2673 1459 2708 in
1483 2673 1532 2708 his
1557 2673 1745 2719 praesertim
1770 2683 1853 2719 quae
1877 2672 1978 2708 divini
1993 2659 2130 2712 {iiiii-‘imm'
2154 2666 2192 2690 ³‘''
