<?xml version="1.0" encoding="UTF-8"?>
<!DOCTYPE html PUBLIC "-//W3C//DTD XHTML 1.0 Transitional//EN"
    "http://www.w3.org/TR/xhtml1/DTD/xhtml1-transitional.dtd">
<html xmlns="http://www.w3.org/1999/xhtml" xml:lang="en" lang="en">
 <head>
  <title>
</title>
<meta http-equiv="Content-Type" content="text/html;charset=utf-8" />
  <meta name='ocr-system' content='tesseract 3.04.00' />
  <meta name='ocr-capabilities' content='ocr_page ocr_carea ocr_par ocr_line ocrx_word'/>
</head>
<body>
  <div class='ocr_page' id='page_1' title='image "./bullarumdiplomat11cath_0058.png"; bbox 0 0 2227 3241; ppageno 0'>
   <div class='ocr_carea' id='block_1_1' title="bbox 264 297 539 335">
    <p class='ocr_par' dir='ltr' id='par_1_1' title="bbox 264 297 539 335">
     <span class='ocr_line' id='line_1_1' title="bbox 264 297 539 335; baseline -0.015 -1"><span class='ocrx_word' id='word_1_1' title='bbox 264 309 312 335; x_wconf 68' lang='lat' dir='ltr'>An.</span> <span class='ocrx_word' id='word_1_2' title='bbox 335 307 361 334; x_wconf 90' lang='lat' dir='ltr'>c.</span> <span class='ocrx_word' id='word_1_3' title='bbox 385 307 452 334; x_wconf 79' lang='lat'>1603</span> <span class='ocrx_word' id='word_1_4' title='bbox 498 297 539 330; x_wconf 73' lang='lat'>⁶20</span> 
     </span>
    </p>
   </div>
   <div class='ocr_carea' id='block_1_2' title="bbox 303 633 444 658">
    <p class='ocr_par' dir='ltr' id='par_1_2' title="bbox 303 633 444 658">
     <span class='ocr_line' id='line_1_2' title="bbox 303 633 444 658; baseline 0.014 -6"><span class='ocrx_word' id='word_1_5' title='bbox 303 633 416 658; x_wconf 66' lang='lat' dir='ltr'>quuuhu</span> <span class='ocrx_word' id='word_1_6' title='bbox 423 639 444 653; x_wconf 77' lang='lat' dir='ltr'>cs</span> 
     </span>
    </p>
   </div>
   <div class='ocr_carea' id='block_1_3' title="bbox 263 659 365 685">
    <p class='ocr_par' dir='ltr' id='par_1_3' title="bbox 263 659 365 685">
     <span class='ocr_line' id='line_1_3' title="bbox 263 659 365 685; baseline 0 -6"><span class='ocrx_word' id='word_1_7' title='bbox 263 659 365 685; x_wconf 51' lang='lat' dir='ltr'>diunguat.</span> 
     </span>
    </p>
   </div>
   <div class='ocr_carea' id='block_1_4' title="bbox 259 1852 441 1901">
    <p class='ocr_par' dir='ltr' id='par_1_4' title="bbox 259 1852 441 1901">
     <span class='ocr_line' id='line_1_4' title="bbox 286 1852 441 1880; baseline -0.006 -6"><span class='ocrx_word' id='word_1_8' title='bbox 286 1852 377 1880; x_wconf 57' lang='lat' dir='ltr'>nvmgat</span> <span class='ocrx_word' id='word_1_9' title='bbox 394 1859 441 1874; x_wconf 82' lang='lat' dir='ltr'>con·</span> 
     </span>
     <span class='ocr_line' id='line_1_5' title="bbox 259 1882 336 1901; baseline 0 -1"><span class='ocrx_word' id='word_1_10' title='bbox 259 1882 336 1901; x_wconf 74' lang='lat' dir='ltr'>trariis.</span> 
     </span>
    </p>
   </div>
   <div class='ocr_carea' id='block_1_5' title="bbox 456 352 1201 2537">
    <p class='ocr_par' dir='ltr' id='par_1_5' title="bbox 459 352 1197 610">
     <span class='ocr_line' id='line_1_6' title="bbox 460 352 1194 400; baseline -0.003 -12"><span class='ocrx_word' id='word_1_11' title='bbox 460 356 592 400; x_wconf 76' lang='lat' dir='ltr'>teg-atos,</span> <span class='ocrx_word' id='word_1_12' title='bbox 619 354 712 387; x_wconf 86' lang='lat' dir='ltr'>etiam</span> <span class='ocrx_word' id='word_1_13' title='bbox 739 363 905 386; x_wconf 85' lang='lat' dir='ltr'>causarum</span> <span class='ocrx_word' id='word_1_14' title='bbox 931 352 1042 386; x_wconf 77' lang='lat' dir='ltr'>Palatii</span> <span class='ocrx_word' id='word_1_15' title='bbox 1061 353 1194 397; x_wconf 82' lang='lat' dir='ltr'>Aposto-</span> 
     </span>
     <span class='ocr_line' id='line_1_7' title="bbox 461 405 1193 447; baseline -0.001 -6"><span class='ocrx_word' id='word_1_16' title='bbox 461 409 510 441; x_wconf 86' lang='lat' dir='ltr'>iiei</span> <span class='ocrx_word' id='word_1_17' title='bbox 535 408 706 447; x_wconf 74' lang='lat' dir='ltr'>auditores,</span> <span class='ocrx_word' id='word_1_18' title='bbox 727 406 858 439; x_wconf 86' lang='lat' dir='ltr'>iudicari</span> <span class='ocrx_word' id='word_1_19' title='bbox 881 412 911 439; x_wconf 83' lang='lat' dir='ltr'>et</span> <span class='ocrx_word' id='word_1_20' title='bbox 929 405 1052 438; x_wconf 83' lang='lat' dir='ltr'>definiri</span> <span class='ocrx_word' id='word_1_21' title='bbox 1068 405 1193 446; x_wconf 81' lang='lat' dir='ltr'>debere,</span> 
     </span>
     <span class='ocr_line' id='line_1_8' title="bbox 459 459 1197 503; baseline -0.003 -10"><span class='ocrx_word' id='word_1_22' title='bbox 459 472 494 493; x_wconf 83' lang='lat' dir='ltr'>ac</span> <span class='ocrx_word' id='word_1_23' title='bbox 521 460 644 493; x_wconf 85' lang='lat' dir='ltr'>irritum</span> <span class='ocrx_word' id='word_1_24' title='bbox 663 465 692 492; x_wconf 90' lang='lat' dir='ltr'>et</span> <span class='ocrx_word' id='word_1_25' title='bbox 709 459 801 492; x_wconf 86' lang='lat' dir='ltr'>inane</span> <span class='ocrx_word' id='word_1_26' title='bbox 818 459 975 502; x_wconf 81' lang='lat' dir='ltr'>quidquid</span> <span class='ocrx_word' id='word_1_27' title='bbox 1000 469 1089 492; x_wconf 85' lang='lat' dir='ltr'>secus</span> <span class='ocrx_word' id='word_1_28' title='bbox 1104 470 1197 503; x_wconf 87' lang='lat' dir='ltr'>super</span> 
     </span>
     <span class='ocr_line' id='line_1_9' title="bbox 460 513 1196 557; baseline -0.001 -10"><span class='ocrx_word' id='word_1_29' title='bbox 460 514 507 547; x_wconf 82' lang='lat' dir='ltr'>his</span> <span class='ocrx_word' id='word_1_30' title='bbox 524 526 539 546; x_wconf 89' lang='lat' dir='ltr'>a</span> <span class='ocrx_word' id='word_1_31' title='bbox 559 524 732 557; x_wconf 79' lang='lat' dir='ltr'>quoquam,</span> <span class='ocrx_word' id='word_1_32' title='bbox 752 513 860 556; x_wconf 85' lang='lat' dir='ltr'>quavis</span> <span class='ocrx_word' id='word_1_33' title='bbox 877 513 1078 553; x_wconf 82' lang='lat' dir='ltr'>auctoritate,</span> <span class='ocrx_word' id='word_1_34' title='bbox 1097 514 1196 547; x_wconf 83' lang='lat' dir='ltr'>seien-</span> 
     </span>
     <span class='ocr_line' id='line_1_10' title="bbox 461 567 1155 610; baseline 0 -11"><span class='ocrx_word' id='word_1_35' title='bbox 461 573 506 599; x_wconf 92' lang='lat' dir='ltr'>ter</span> <span class='ocrx_word' id='word_1_36' title='bbox 526 567 571 599; x_wconf 72' lang='lat' dir='ltr'>rel</span> <span class='ocrx_word' id='word_1_37' title='bbox 589 567 783 609; x_wconf 67' lang='lat' dir='ltr'>ignoranter,</span> <span class='ocrx_word' id='word_1_38' title='bbox 805 567 971 610; x_wconf 83' lang='lat' dir='ltr'>contigerit</span> <span class='ocrx_word' id='word_1_39' title='bbox 995 567 1155 600; x_wconf 83' lang='lat' dir='ltr'>attentari.</span> 
     </span>
    </p>

    <p class='ocr_par' dir='ltr' id='par_1_6' title="bbox 456 619 1200 1828">
     <span class='ocr_line' id='line_1_11' title="bbox 504 619 1195 663; baseline 0 -11"><span class='ocrx_word' id='word_1_40' title='bbox 504 620 518 663; x_wconf 63' lang='grc' dir='ltr'>ξ</span> <span class='ocrx_word' id='word_1_41' title='bbox 543 620 572 652; x_wconf 69' lang='lat' dir='ltr'>lt.</span> <span class='ocrx_word' id='word_1_42' title='bbox 601 619 756 658; x_wconf 75' lang='lat' dir='ltr'>Quocirca</span> <span class='ocrx_word' id='word_1_43' title='bbox 781 620 902 653; x_wconf 87' lang='lat' dir='ltr'>dilectis</span> <span class='ocrx_word' id='word_1_44' title='bbox 932 620 1004 653; x_wconf 82' lang='lat' dir='ltr'>filiis</span> <span class='ocrx_word' id='word_1_45' title='bbox 1028 631 1195 654; x_wconf 81' lang='lat' dir='ltr'>causarum</span> 
     </span>
     <span class='ocr_line' id='line_1_12' title="bbox 460 673 1197 718; baseline -0.001 -11"><span class='ocrx_word' id='word_1_46' title='bbox 460 673 567 707; x_wconf 83' lang='lat' dir='ltr'>euriae</span> <span class='ocrx_word' id='word_1_47' title='bbox 595 673 743 707; x_wconf 78' lang='lat' dir='ltr'>Gamerae</span> <span class='ocrx_word' id='word_1_48' title='bbox 760 673 959 716; x_wconf 84' lang='lat' dir='ltr'>Apostolieae</span> <span class='ocrx_word' id='word_1_49' title='bbox 982 674 1120 718; x_wconf 84' lang='lat' dir='ltr'>generali</span> <span class='ocrx_word' id='word_1_50' title='bbox 1142 685 1197 706; x_wconf 90' lang='lat' dir='ltr'>au-</span> 
     </span>
     <span class='ocr_line' id='line_1_13' title="bbox 459 726 1196 770; baseline -0.001 -10"><span class='ocrx_word' id='word_1_51' title='bbox 459 727 566 766; x_wconf 88' lang='lat' dir='ltr'>ditori,</span> <span class='ocrx_word' id='word_1_52' title='bbox 592 738 627 759; x_wconf 86' lang='lat' dir='ltr'>ac</span> <span class='ocrx_word' id='word_1_53' title='bbox 652 732 762 760; x_wconf 91' lang='lat' dir='ltr'>nostro</span> <span class='ocrx_word' id='word_1_54' title='bbox 790 732 820 760; x_wconf 90' lang='lat' dir='ltr'>et</span> <span class='ocrx_word' id='word_1_55' title='bbox 837 726 926 760; x_wconf 88' lang='lat' dir='ltr'>Sedis</span> <span class='ocrx_word' id='word_1_56' title='bbox 946 728 1147 770; x_wconf 80' lang='lat' dir='ltr'>Apostolioae</span> <span class='ocrx_word' id='word_1_57' title='bbox 1165 727 1196 760; x_wconf 90' lang='lat' dir='ltr'>in</span> 
     </span>
     <span class='ocr_line' id='line_1_14' title="bbox 460 780 1197 825; baseline 0 -12"><span class='ocrx_word' id='word_1_58' title='bbox 460 781 564 824; x_wconf 80' lang='lat' dir='ltr'>regnis</span> <span class='ocrx_word' id='word_1_59' title='bbox 580 780 804 825; x_wconf 81' lang='lat' dir='ltr'>Hispaniarum</span> <span class='ocrx_word' id='word_1_60' title='bbox 822 782 951 822; x_wconf 87' lang='lat' dir='ltr'>nuncio,</span> <span class='ocrx_word' id='word_1_61' title='bbox 975 792 1031 825; x_wconf 88' lang='lat' dir='ltr'>per</span> <span class='ocrx_word' id='word_1_62' title='bbox 1048 791 1197 825; x_wconf 82' lang='lat' dir='ltr'>praesen-</span> 
     </span>
     <span class='ocr_line' id='line_1_15' title="bbox 459 835 1196 878; baseline 0.001 -12"><span class='ocrx_word' id='word_1_63' title='bbox 459 839 505 866; x_wconf 87' lang='lat' dir='ltr'>tes</span> <span class='ocrx_word' id='word_1_64' title='bbox 525 835 753 868; x_wconf 68' lang='lat' dir='ltr'>committimus</span> <span class='ocrx_word' id='word_1_65' title='bbox 770 841 800 868; x_wconf 89' lang='lat' dir='ltr'>et</span> <span class='ocrx_word' id='word_1_66' title='bbox 834 836 1022 868; x_wconf 80' lang='lat' dir='ltr'>mandamus</span> <span class='ocrx_word' id='word_1_67' title='bbox 1040 840 1196 878; x_wconf 85' lang='lat' dir='ltr'>quatenus</span> 
     </span>
     <span class='ocr_line' id='line_1_16' title="bbox 459 887 1194 933; baseline 0.001 -14"><span class='ocrx_word' id='word_1_68' title='bbox 459 887 529 930; x_wconf 86' lang='lat' dir='ltr'>ipsi,</span> <span class='ocrx_word' id='word_1_69' title='bbox 549 889 595 921; x_wconf 85' lang='lat' dir='ltr'>vel</span> <span class='ocrx_word' id='word_1_70' title='bbox 627 889 705 921; x_wconf 84' lang='lat' dir='ltr'>alter</span> <span class='ocrx_word' id='word_1_71' title='bbox 728 899 840 922; x_wconf 91' lang='lat' dir='ltr'>eorum</span> <span class='ocrx_word' id='word_1_72' title='bbox 871 900 927 933; x_wconf 90' lang='lat' dir='ltr'>per</span> <span class='ocrx_word' id='word_1_73' title='bbox 946 900 990 929; x_wconf 86' lang='lat' dir='ltr'>se,</span> <span class='ocrx_word' id='word_1_74' title='bbox 1010 889 1056 922; x_wconf 76' lang='lat' dir='ltr'>vel</span> <span class='ocrx_word' id='word_1_75' title='bbox 1083 888 1194 927; x_wconf 86' lang='lat' dir='ltr'>alium,</span> 
     </span>
     <span class='ocr_line' id='line_1_17' title="bbox 459 940 1195 984; baseline 0.001 -12"><span class='ocrx_word' id='word_1_76' title='bbox 459 949 514 973; x_wconf 89' lang='lat' dir='ltr'>seu</span> <span class='ocrx_word' id='word_1_77' title='bbox 542 940 633 981; x_wconf 89' lang='lat' dir='ltr'>alios,</span> <span class='ocrx_word' id='word_1_78' title='bbox 661 947 844 984; x_wconf 80' lang='lat' dir='ltr'>praesentes</span> <span class='ocrx_word' id='word_1_79' title='bbox 875 941 1011 981; x_wconf 66' lang='lat' dir='ltr'>litteras,</span> <span class='ocrx_word' id='word_1_80' title='bbox 1034 947 1065 975; x_wconf 86' lang='lat' dir='ltr'>et</span> <span class='ocrx_word' id='word_1_81' title='bbox 1091 940 1121 973; x_wconf 89' lang='lat' dir='ltr'>in</span> <span class='ocrx_word' id='word_1_82' title='bbox 1150 941 1195 974; x_wconf 88' lang='lat' dir='ltr'>eis</span> 
     </span>
     <span class='ocr_line' id='line_1_18' title="bbox 458 995 1196 1039; baseline 0.003 -15"><span class='ocrx_word' id='word_1_83' title='bbox 458 998 606 1026; x_wconf 89' lang='lat' dir='ltr'>contenta</span> <span class='ocrx_word' id='word_1_84' title='bbox 620 1004 854 1039; x_wconf 82' lang='lat' dir='ltr'>quaecumque,</span> <span class='ocrx_word' id='word_1_85' title='bbox 866 995 919 1028; x_wconf 87' lang='lat' dir='ltr'>ubi</span> <span class='ocrx_word' id='word_1_86' title='bbox 935 1001 965 1028; x_wconf 87' lang='lat' dir='ltr'>et</span> <span class='ocrx_word' id='word_1_87' title='bbox 978 995 1106 1038; x_wconf 85' lang='lat' dir='ltr'>quando</span> <span class='ocrx_word' id='word_1_88' title='bbox 1117 1005 1196 1038; x_wconf 91' lang='lat' dir='ltr'>opus</span> 
     </span>
     <span class='ocr_line' id='line_1_19' title="bbox 458 1047 1194 1093; baseline 0.004 -15"><span class='ocrx_word' id='word_1_89' title='bbox 458 1047 567 1087; x_wconf 83' lang='lat' dir='ltr'>suerit,</span> <span class='ocrx_word' id='word_1_90' title='bbox 590 1053 620 1080; x_wconf 89' lang='lat' dir='ltr'>et</span> <span class='ocrx_word' id='word_1_91' title='bbox 638 1049 763 1092; x_wconf 88' lang='lat' dir='ltr'>quoties</span> <span class='ocrx_word' id='word_1_92' title='bbox 783 1060 841 1093; x_wconf 88' lang='lat' dir='ltr'>pro</span> <span class='ocrx_word' id='word_1_93' title='bbox 867 1054 954 1092; x_wconf 88' lang='lat' dir='ltr'>parte</span> <span class='ocrx_word' id='word_1_94' title='bbox 974 1048 1050 1082; x_wconf 78' lang='lat' dir='ltr'>dicti</span> <span class='ocrx_word' id='word_1_95' title='bbox 1069 1047 1194 1081; x_wconf 84' lang='lat' dir='ltr'>abbatis</span> 
     </span>
     <span class='ocr_line' id='line_1_20' title="bbox 457 1100 1193 1145; baseline 0.003 -13"><span class='ocrx_word' id='word_1_96' title='bbox 457 1100 576 1134; x_wconf 85' lang='lat' dir='ltr'>suerint</span> <span class='ocrx_word' id='word_1_97' title='bbox 597 1102 751 1144; x_wconf 81' lang='lat' dir='ltr'>requisiti,</span> <span class='ocrx_word' id='word_1_98' title='bbox 780 1102 965 1135; x_wconf 83' lang='lat' dir='ltr'>solemniter</span> <span class='ocrx_word' id='word_1_99' title='bbox 982 1101 1193 1145; x_wconf 71' lang='lat' dir='ltr'>publicantes,</span> 
     </span>
     <span class='ocr_line' id='line_1_21' title="bbox 458 1152 1196 1196; baseline 0.003 -12"><span class='ocrx_word' id='word_1_100' title='bbox 458 1152 568 1196; x_wconf 80' lang='lat' dir='ltr'>illique</span> <span class='ocrx_word' id='word_1_101' title='bbox 586 1153 618 1186; x_wconf 92' lang='lat' dir='ltr'>in</span> <span class='ocrx_word' id='word_1_102' title='bbox 639 1154 820 1196; x_wconf 82' lang='lat' dir='ltr'>praemissis</span> <span class='ocrx_word' id='word_1_103' title='bbox 841 1154 976 1188; x_wconf 81' lang='lat' dir='ltr'>essieacis</span> <span class='ocrx_word' id='word_1_104' title='bbox 1005 1154 1196 1187; x_wconf 84' lang='lat' dir='ltr'>defensionis</span> 
     </span>
     <span class='ocr_line' id='line_1_22' title="bbox 459 1206 1197 1249; baseline 0.003 -11"><span class='ocrx_word' id='word_1_105' title='bbox 459 1206 618 1249; x_wconf 87' lang='lat' dir='ltr'>praesidio</span> <span class='ocrx_word' id='word_1_106' title='bbox 636 1208 830 1249; x_wconf 75' lang='lat' dir='ltr'>assistentes,</span> <span class='ocrx_word' id='word_1_107' title='bbox 855 1207 982 1248; x_wconf 84' lang='lat' dir='ltr'>saciant,</span> <span class='ocrx_word' id='word_1_108' title='bbox 1010 1208 1197 1241; x_wconf 84' lang='lat' dir='ltr'>auctoritate</span> 
     </span>
     <span class='ocr_line' id='line_1_23' title="bbox 457 1259 1196 1305; baseline 0.001 -14"><span class='ocrx_word' id='word_1_109' title='bbox 457 1264 576 1300; x_wconf 85' lang='lat' dir='ltr'>nostra,</span> <span class='ocrx_word' id='word_1_110' title='bbox 608 1259 696 1293; x_wconf 89' lang='lat' dir='ltr'>illum</span> <span class='ocrx_word' id='word_1_111' title='bbox 726 1261 975 1305; x_wconf 84' lang='lat' dir='ltr'>praemissorum</span> <span class='ocrx_word' id='word_1_112' title='bbox 1009 1261 1196 1294; x_wconf 87' lang='lat' dir='ltr'>eorumdem</span> 
     </span>
     <span class='ocr_line' id='line_1_24' title="bbox 458 1312 1197 1358; baseline 0.004 -15"><span class='ocrx_word' id='word_1_113' title='bbox 458 1312 570 1345; x_wconf 77' lang='lat' dir='ltr'>effectu</span> <span class='ocrx_word' id='word_1_114' title='bbox 588 1313 718 1356; x_wconf 85' lang='lat' dir='ltr'>pacifice</span> <span class='ocrx_word' id='word_1_115' title='bbox 732 1314 794 1347; x_wconf 88' lang='lat' dir='ltr'>srui</span> <span class='ocrx_word' id='word_1_116' title='bbox 816 1319 846 1347; x_wconf 90' lang='lat' dir='ltr'>et</span> <span class='ocrx_word' id='word_1_117' title='bbox 865 1314 1018 1358; x_wconf 82' lang='lat' dir='ltr'>gaudere,</span> <span class='ocrx_word' id='word_1_118' title='bbox 1039 1325 1101 1347; x_wconf 90' lang='lat' dir='ltr'>non</span> <span class='ocrx_word' id='word_1_119' title='bbox 1127 1325 1197 1358; x_wconf 90' lang='lat' dir='ltr'>per-</span> 
     </span>
     <span class='ocr_line' id='line_1_25' title="bbox 458 1365 1198 1412; baseline 0.005 -15"><span class='ocrx_word' id='word_1_120' title='bbox 458 1365 621 1399; x_wconf 80' lang='lat' dir='ltr'>mittentes</span> <span class='ocrx_word' id='word_1_121' title='bbox 642 1366 730 1399; x_wconf 87' lang='lat' dir='ltr'>illum</span> <span class='ocrx_word' id='word_1_122' title='bbox 756 1367 894 1412; x_wconf 86' lang='lat' dir='ltr'>desuper</span> <span class='ocrx_word' id='word_1_123' title='bbox 921 1378 976 1411; x_wconf 89' lang='lat' dir='ltr'>per</span> <span class='ocrx_word' id='word_1_124' title='bbox 992 1367 1112 1401; x_wconf 88' lang='lat' dir='ltr'>dictum</span> <span class='ocrx_word' id='word_1_125' title='bbox 1134 1367 1198 1411; x_wconf 92' lang='lat' dir='ltr'>epi-</span> 
     </span>
     <span class='ocr_line' id='line_1_26' title="bbox 458 1419 1198 1465; baseline 0.004 -14"><span class='ocrx_word' id='word_1_126' title='bbox 458 1429 589 1462; x_wconf 85' lang='lat' dir='ltr'>scopum</span> <span class='ocrx_word' id='word_1_127' title='bbox 610 1419 776 1454; x_wconf 89' lang='lat' dir='ltr'>Vicensem</span> <span class='ocrx_word' id='word_1_128' title='bbox 802 1426 856 1454; x_wconf 83' lang='lat' dir='ltr'>aut</span> <span class='ocrx_word' id='word_1_129' title='bbox 874 1431 1094 1465; x_wconf 87' lang='lat' dir='ltr'>quoscumque</span> <span class='ocrx_word' id='word_1_130' title='bbox 1120 1420 1198 1454; x_wconf 88' lang='lat' dir='ltr'>alios</span> 
     </span>
     <span class='ocr_line' id='line_1_27' title="bbox 457 1473 1197 1516; baseline 0.007 -13"><span class='ocrx_word' id='word_1_131' title='bbox 457 1473 699 1516; x_wconf 81' lang='lat' dir='ltr'>quomodolibet</span> <span class='ocrx_word' id='word_1_132' title='bbox 716 1474 858 1508; x_wconf 86' lang='lat' dir='ltr'>indebite</span> <span class='ocrx_word' id='word_1_133' title='bbox 875 1474 1054 1514; x_wconf 85' lang='lat' dir='ltr'>molestari;</span> <span class='ocrx_word' id='word_1_134' title='bbox 1072 1481 1197 1508; x_wconf 87' lang='lat' dir='ltr'>contra-</span> 
     </span>
     <span class='ocr_line' id='line_1_28' title="bbox 457 1526 1199 1573; baseline 0.004 -14"><span class='ocrx_word' id='word_1_135' title='bbox 457 1526 593 1560; x_wconf 85' lang='lat' dir='ltr'>dictores</span> <span class='ocrx_word' id='word_1_136' title='bbox 633 1538 853 1573; x_wconf 84' lang='lat' dir='ltr'>quoscumque</span> <span class='ocrx_word' id='word_1_137' title='bbox 887 1540 943 1572; x_wconf 87' lang='lat' dir='ltr'>per</span> <span class='ocrx_word' id='word_1_138' title='bbox 983 1538 1132 1561; x_wconf 86' lang='lat' dir='ltr'>censuras</span> <span class='ocrx_word' id='word_1_139' title='bbox 1168 1534 1199 1562; x_wconf 86' lang='lat' dir='ltr'>et</span> 
     </span>
     <span class='ocr_line' id='line_1_29' title="bbox 456 1582 1198 1626; baseline 0.004 -13"><span class='ocrx_word' id='word_1_140' title='bbox 456 1590 576 1623; x_wconf 89' lang='lat' dir='ltr'>poenas</span> <span class='ocrx_word' id='word_1_141' title='bbox 593 1582 835 1623; x_wconf 85' lang='lat' dir='ltr'>ecclesiasticas,</span> <span class='ocrx_word' id='word_1_142' title='bbox 863 1582 989 1626; x_wconf 84' lang='lat' dir='ltr'>aliaque</span> <span class='ocrx_word' id='word_1_143' title='bbox 1015 1588 1198 1626; x_wconf 87' lang='lat' dir='ltr'>opportuna</span> 
     </span>
     <span class='ocr_line' id='line_1_30' title="bbox 457 1633 1195 1679; baseline 0.004 -14"><span class='ocrx_word' id='word_1_144' title='bbox 457 1633 535 1666; x_wconf 87' lang='lat' dir='ltr'>iuris</span> <span class='ocrx_word' id='word_1_145' title='bbox 552 1639 583 1667; x_wconf 90' lang='lat' dir='ltr'>et</span> <span class='ocrx_word' id='word_1_146' title='bbox 606 1634 680 1668; x_wconf 82' lang='lat' dir='ltr'>facti</span> <span class='ocrx_word' id='word_1_147' title='bbox 699 1635 853 1675; x_wconf 87' lang='lat' dir='ltr'>remedia,</span> <span class='ocrx_word' id='word_1_148' title='bbox 873 1635 1088 1679; x_wconf 79' lang='lat' dir='ltr'>appellatione</span> <span class='ocrx_word' id='word_1_149' title='bbox 1106 1641 1195 1679; x_wconf 80' lang='lat' dir='ltr'>post-</span> 
     </span>
     <span class='ocr_line' id='line_1_31' title="bbox 457 1687 1198 1731; baseline 0.004 -13"><span class='ocrx_word' id='word_1_150' title='bbox 457 1687 571 1730; x_wconf 75' lang='lat' dir='ltr'>posita,</span> <span class='ocrx_word' id='word_1_151' title='bbox 599 1688 847 1731; x_wconf 86' lang='lat' dir='ltr'>compescendo,</span> <span class='ocrx_word' id='word_1_152' title='bbox 869 1688 1015 1722; x_wconf 75' lang='lat' dir='ltr'>invocato</span> <span class='ocrx_word' id='word_1_153' title='bbox 1040 1689 1133 1721; x_wconf 88' lang='lat' dir='ltr'>etiam</span> <span class='ocrx_word' id='word_1_154' title='bbox 1160 1689 1198 1721; x_wconf 90' lang='lat' dir='ltr'>ad</span> 
     </span>
     <span class='ocr_line' id='line_1_32' title="bbox 457 1740 1200 1785; baseline 0.003 -13"><span class='ocrx_word' id='word_1_155' title='bbox 457 1740 528 1781; x_wconf 86' lang='lat' dir='ltr'>hoc,</span> <span class='ocrx_word' id='word_1_156' title='bbox 557 1740 582 1773; x_wconf 91' lang='lat' dir='ltr'>si</span> <span class='ocrx_word' id='word_1_157' title='bbox 611 1751 691 1785; x_wconf 89' lang='lat' dir='ltr'>opus</span> <span class='ocrx_word' id='word_1_158' title='bbox 715 1741 822 1782; x_wconf 88' lang='lat' dir='ltr'>suerit,</span> <span class='ocrx_word' id='word_1_159' title='bbox 844 1741 962 1775; x_wconf 85' lang='lat' dir='ltr'>auxilio</span> <span class='ocrx_word' id='word_1_160' title='bbox 986 1742 1108 1775; x_wconf 88' lang='lat' dir='ltr'>brachii</span> <span class='ocrx_word' id='word_1_161' title='bbox 1134 1752 1200 1775; x_wconf 90' lang='lat' dir='ltr'>sae-</span> 
     </span>
     <span class='ocr_line' id='line_1_33' title="bbox 458 1795 583 1828; baseline 0 -1"><span class='ocrx_word' id='word_1_162' title='bbox 458 1795 583 1828; x_wconf 90' lang='lat' dir='ltr'>cularis.</span> 
     </span>
    </p>

    <p class='ocr_par' dir='ltr' id='par_1_7' title="bbox 458 1847 1201 2321">
     <span class='ocr_line' id='line_1_34' title="bbox 502 1847 1195 1890; baseline 0.004 -10"><span class='ocrx_word' id='word_1_163' title='bbox 502 1847 562 1890; x_wconf 68' lang='lat'>§5</span> <span class='ocrx_word' id='word_1_164' title='bbox 583 1848 652 1881; x_wconf 89' lang='lat' dir='ltr'>Non</span> <span class='ocrx_word' id='word_1_165' title='bbox 678 1848 878 1883; x_wconf 77' lang='lat' dir='ltr'>obstantibus</span> <span class='ocrx_word' id='word_1_166' title='bbox 908 1849 1006 1883; x_wconf 77' lang='lat' dir='ltr'>felicis</span> <span class='ocrx_word' id='word_1_167' title='bbox 1041 1850 1195 1884; x_wconf 85' lang='lat' dir='ltr'>recorda-</span> 
     </span>
     <span class='ocr_line' id='line_1_35' title="bbox 460 1901 1200 1947; baseline 0.007 -14"><span class='ocrx_word' id='word_1_168' title='bbox 460 1901 553 1935; x_wconf 88' lang='lat' dir='ltr'>tionis</span> <span class='ocrx_word' id='word_1_169' title='bbox 573 1902 727 1936; x_wconf 85' lang='lat' dir='ltr'>Bonisacii</span> <span class='ocrx_word' id='word_1_170' title='bbox 748 1904 852 1947; x_wconf 86' lang='lat' dir='ltr'>Papae</span> <span class='ocrx_word' id='word_1_171' title='bbox 876 1903 954 1943; x_wconf 83' lang='lat' dir='ltr'>thl,</span> <span class='ocrx_word' id='word_1_172' title='bbox 972 1904 1200 1947; x_wconf 84' lang='lat' dir='ltr'>praedecesso—</span> 
     </span>
     <span class='ocr_line' id='line_1_36' title="bbox 458 1955 1200 2001; baseline 0.001 -13"><span class='ocrx_word' id='word_1_173' title='bbox 458 1955 501 1988; x_wconf 93' lang='lat' dir='ltr'>ris</span> <span class='ocrx_word' id='word_1_174' title='bbox 518 1956 628 1996; x_wconf 83' lang='lat' dir='ltr'>nostri,</span> <span class='ocrx_word' id='word_1_175' title='bbox 643 1956 682 1990; x_wconf 90' lang='lat' dir='ltr'>de</span> <span class='ocrx_word' id='word_1_176' title='bbox 699 1967 775 1996; x_wconf 80' lang='lat' dir='ltr'>una,</span> <span class='ocrx_word' id='word_1_177' title='bbox 795 1963 825 1990; x_wconf 88' lang='lat' dir='ltr'>et</span> <span class='ocrx_word' id='word_1_178' title='bbox 845 1957 877 1990; x_wconf 91' lang='lat' dir='ltr'>in</span> <span class='ocrx_word' id='word_1_179' title='bbox 896 1957 1038 1990; x_wconf 87' lang='lat' dir='ltr'>Concilio</span> <span class='ocrx_word' id='word_1_180' title='bbox 1059 1957 1200 2001; x_wconf 84' lang='lat' dir='ltr'>generali</span> 
     </span>
     <span class='ocr_line' id='line_1_37' title="bbox 459 2009 1201 2052; baseline 0.004 -11"><span class='ocrx_word' id='word_1_181' title='bbox 459 2009 546 2042; x_wconf 85' lang='lat' dir='ltr'>edita</span> <span class='ocrx_word' id='word_1_182' title='bbox 571 2010 611 2042; x_wconf 90' lang='lat' dir='ltr'>de</span> <span class='ocrx_word' id='word_1_183' title='bbox 636 2010 760 2043; x_wconf 87' lang='lat' dir='ltr'>duabus</span> <span class='ocrx_word' id='word_1_184' title='bbox 785 2010 889 2052; x_wconf 89' lang='lat' dir='ltr'>dietis,</span> <span class='ocrx_word' id='word_1_185' title='bbox 916 2011 1091 2044; x_wconf 89' lang='lat' dir='ltr'>dummodo</span> <span class='ocrx_word' id='word_1_186' title='bbox 1117 2012 1201 2044; x_wconf 88' lang='lat' dir='ltr'>ultra</span> 
     </span>
     <span class='ocr_line' id='line_1_38' title="bbox 461 2063 1197 2109; baseline 0.004 -14"><span class='ocrx_word' id='word_1_187' title='bbox 461 2068 521 2095; x_wconf 84' lang='lat' dir='ltr'>tres</span> <span class='ocrx_word' id='word_1_188' title='bbox 557 2063 656 2098; x_wconf 81' lang='lat' dir='ltr'>dietas</span> <span class='ocrx_word' id='word_1_189' title='bbox 690 2064 804 2107; x_wconf 80' lang='lat' dir='ltr'>aliquis</span> <span class='ocrx_word' id='word_1_190' title='bbox 828 2064 1016 2098; x_wconf 85' lang='lat' dir='ltr'>auctoritato</span> <span class='ocrx_word' id='word_1_191' title='bbox 1045 2076 1197 2109; x_wconf 89' lang='lat' dir='ltr'>praesen-</span> 
     </span>
     <span class='ocr_line' id='line_1_39' title="bbox 460 2117 1201 2162; baseline 0.005 -14"><span class='ocrx_word' id='word_1_192' title='bbox 460 2117 539 2149; x_wconf 89' lang='lat' dir='ltr'>tium</span> <span class='ocrx_word' id='word_1_193' title='bbox 566 2117 604 2150; x_wconf 86' lang='lat' dir='ltr'>ad</span> <span class='ocrx_word' id='word_1_194' title='bbox 626 2117 782 2151; x_wconf 87' lang='lat' dir='ltr'>iudicium</span> <span class='ocrx_word' id='word_1_195' title='bbox 802 2128 866 2151; x_wconf 84' lang='lat' dir='ltr'>non</span> <span class='ocrx_word' id='word_1_196' title='bbox 887 2120 1042 2160; x_wconf 83' lang='lat' dir='ltr'>trahatur,</span> <span class='ocrx_word' id='word_1_197' title='bbox 1067 2119 1201 2162; x_wconf 87' lang='lat' dir='ltr'>aliisque</span> 
     </span>
     <span class='ocr_line' id='line_1_40' title="bbox 460 2171 1197 2217; baseline 0.003 -14"><span class='ocrx_word' id='word_1_198' title='bbox 460 2171 741 2205; x_wconf 84' lang='lat' dir='ltr'>constitutionibus</span> <span class='ocrx_word' id='word_1_199' title='bbox 769 2177 800 2206; x_wconf 85' lang='lat' dir='ltr'>et</span> <span class='ocrx_word' id='word_1_200' title='bbox 831 2172 1090 2206; x_wconf 82' lang='lat' dir='ltr'>ordinationibus</span> <span class='ocrx_word' id='word_1_201' title='bbox 1118 2183 1197 2217; x_wconf 89' lang='lat' dir='ltr'>apo-</span> 
     </span>
     <span class='ocr_line' id='line_1_41' title="bbox 459 2223 1198 2269; baseline 0.004 -14"><span class='ocrx_word' id='word_1_202' title='bbox 459 2223 593 2263; x_wconf 85' lang='lat' dir='ltr'>stolicis,</span> <span class='ocrx_word' id='word_1_203' title='bbox 628 2225 822 2269; x_wconf 83' lang='lat' dir='ltr'>caeterisque</span> <span class='ocrx_word' id='word_1_204' title='bbox 858 2225 1027 2259; x_wconf 80' lang='lat' dir='ltr'>contrariis</span> <span class='ocrx_word' id='word_1_205' title='bbox 1062 2225 1198 2268; x_wconf 89' lang='lat' dir='ltr'>quibus-</span> 
     </span>
     <span class='ocr_line' id='line_1_42' title="bbox 461 2286 607 2321; baseline 0.007 -12"><span class='ocrx_word' id='word_1_206' title='bbox 461 2286 607 2321; x_wconf 83' lang='lat' dir='ltr'>cumque.</span> 
     </span>
    </p>

    <p class='ocr_par' dir='ltr' id='par_1_8' title="bbox 460 2332 1200 2481">
     <span class='ocr_line' id='line_1_43' title="bbox 503 2332 1200 2377; baseline 0.001 -13"><span class='ocrx_word' id='word_1_207' title='bbox 503 2332 617 2364; x_wconf 79' lang='lat' dir='ltr'>Datum</span> <span class='ocrx_word' id='word_1_208' title='bbox 643 2333 763 2366; x_wconf 83' lang='lat' dir='ltr'>Romae</span> <span class='ocrx_word' id='word_1_209' title='bbox 792 2332 877 2377; x_wconf 90' lang='lat' dir='ltr'>apud</span> <span class='ocrx_word' id='word_1_210' title='bbox 908 2333 939 2366; x_wconf 80' lang='lat' dir='ltr'>S.</span> <span class='ocrx_word' id='word_1_211' title='bbox 963 2333 1114 2373; x_wconf 79' lang='lat' dir='ltr'>Marcum,</span> <span class='ocrx_word' id='word_1_212' title='bbox 1142 2332 1200 2365; x_wconf 88' lang='lat' dir='ltr'>suh</span> 
     </span>
     <span class='ocr_line' id='line_1_44' title="bbox 460 2385 1197 2427; baseline 0.003 -11"><span class='ocrx_word' id='word_1_213' title='bbox 460 2385 578 2417; x_wconf 83' lang='lat' dir='ltr'>annulo</span> <span class='ocrx_word' id='word_1_214' title='bbox 612 2385 804 2427; x_wconf 72' lang='lat' dir='ltr'>piscatoris,</span> <span class='ocrx_word' id='word_1_215' title='bbox 832 2386 884 2419; x_wconf 89' lang='lat' dir='ltr'>die</span> <span class='ocrx_word' id='word_1_216' title='bbox 917 2396 955 2419; x_wconf 84' lang='lat' dir='ltr'>xv</span> <span class='ocrx_word' id='word_1_217' title='bbox 981 2385 1048 2418; x_wconf 91' lang='lat' dir='ltr'>iulii</span> <span class='ocrx_word' id='word_1_218' title='bbox 1074 2395 1197 2426; x_wconf 76' lang='lat' dir='ltr'>nocui,</span> 
     </span>
     <span class='ocr_line' id='line_1_45' title="bbox 460 2438 957 2481; baseline 0.004 -11"><span class='ocrx_word' id='word_1_219' title='bbox 460 2438 664 2481; x_wconf 80' lang='lat' dir='ltr'>pontificatus</span> <span class='ocrx_word' id='word_1_220' title='bbox 682 2439 782 2473; x_wconf 85' lang='lat' dir='ltr'>nostri</span> <span class='ocrx_word' id='word_1_221' title='bbox 796 2449 881 2472; x_wconf 86' lang='lat' dir='ltr'>anno</span> <span class='ocrx_word' id='word_1_222' title='bbox 903 2450 957 2472; x_wconf 81' lang='lat' dir='ltr'>xit.</span> 
     </span>
    </p>

    <p class='ocr_par' dir='ltr' id='par_1_9' title="bbox 496 2498 1079 2537">
     <span class='ocr_line' id='line_1_46' title="bbox 496 2498 1079 2537; baseline 0.005 -12"><span class='ocrx_word' id='word_1_223' title='bbox 496 2498 553 2526; x_wconf 82' lang='lat' dir='ltr'>Dat.</span> <span class='ocrx_word' id='word_1_224' title='bbox 572 2499 614 2528; x_wconf 87' lang='lat' dir='ltr'>die</span> <span class='ocrx_word' id='word_1_225' title='bbox 633 2500 664 2527; x_wconf 88' lang='lat'>15</span> <span class='ocrx_word' id='word_1_226' title='bbox 683 2500 738 2528; x_wconf 89' lang='lat' dir='ltr'>iulii</span> <span class='ocrx_word' id='word_1_227' title='bbox 756 2502 833 2536; x_wconf 77' lang='lat'>1603,</span> <span class='ocrx_word' id='word_1_228' title='bbox 851 2501 946 2537; x_wconf 84' lang='lat' dir='ltr'>pontis.</span> <span class='ocrx_word' id='word_1_229' title='bbox 970 2509 1014 2528; x_wconf 80' lang='lat' dir='ltr'>an.</span> <span class='ocrx_word' id='word_1_230' title='bbox 1032 2509 1079 2528; x_wconf 79' lang='lat' dir='ltr'>xu.</span> 
     </span>
    </p>
   </div>
   <div class='ocr_carea' id='block_1_6' title="bbox 1035 304 1394 330">
    <p class='ocr_par' dir='ltr' id='par_1_10' title="bbox 1035 304 1394 330">
     <span class='ocr_line' id='line_1_47' title="bbox 1035 304 1394 330; baseline 0 -2"><span class='ocrx_word' id='word_1_231' title='bbox 1035 304 1216 329; x_wconf 74' lang='lat' dir='ltr'>BULLARIUM</span> <span class='ocrx_word' id='word_1_232' title='bbox 1242 305 1394 330; x_wconf 71' lang='lat' dir='ltr'><strong>ROMANUM</strong></span> 
     </span>
    </p>
   </div>
   <div class='ocr_carea' id='block_1_7' title="bbox 1211 402 1215 1054">
    <p class='ocr_par' dir='ltr' id='par_1_11' title="bbox 1211 402 1215 1054">
     <span class='ocr_line' id='line_1_48' title="bbox 1211 402 1215 1054; baseline 0 0"><span class='ocrx_word' id='word_1_233' title='bbox 1211 402 1215 1054; x_wconf 95' lang='lat' dir='ltr'> </span> 
     </span>
    </p>
   </div>
   <div class='ocr_carea' id='block_1_8' title="bbox 1215 1205 1221 2734">
    <p class='ocr_par' dir='ltr' id='par_1_12' title="bbox 1215 1205 1221 2734">
     <span class='ocr_line' id='line_1_49' title="bbox 1215 1205 1221 2734; baseline 0 0"><span class='ocrx_word' id='word_1_234' title='bbox 1215 1205 1221 2734; x_wconf 95' lang='lat' dir='ltr'> </span> 
     </span>
    </p>
   </div>
   <div class='ocr_carea' id='block_1_9' title="bbox 1524 302 2168 386">
    <p class='ocr_par' dir='ltr' id='par_1_13' title="bbox 1524 302 2168 386">
     <span class='ocr_line' id='line_1_50' title="bbox 1982 302 2168 332; baseline 0.016 -3"><span class='ocrx_word' id='word_1_235' title='bbox 1982 302 2033 330; x_wconf 81' lang='lat' dir='ltr'>An.</span> <span class='ocrx_word' id='word_1_236' title='bbox 2049 302 2077 330; x_wconf 86' lang='lat' dir='ltr'>C.</span> <span class='ocrx_word' id='word_1_237' title='bbox 2097 303 2168 332; x_wconf 77' lang='lat'>1603</span> 
     </span>
     <span class='ocr_line' id='line_1_51' title="bbox 1524 351 1674 386; baseline -0.013 -1"><span class='ocrx_word' id='word_1_238' title='bbox 1524 351 1674 386; x_wconf 72' lang='lat' dir='ltr'>CCCXIX.</span> 
     </span>
    </p>
   </div>
   <div class='ocr_carea' id='block_1_10' title="bbox 1233 456 1969 743">
    <p class='ocr_par' dir='ltr' id='par_1_14' title="bbox 1233 456 1969 743">
     <span class='ocr_line' id='line_1_52' title="bbox 1233 456 1968 502; baseline -0.004 -9"><span class='ocrx_word' id='word_1_239' title='bbox 1233 459 1433 493; x_wconf 65' lang='lat' dir='ltr'>Unio-orsitus</span> <span class='ocrx_word' id='word_1_240' title='bbox 1453 462 1480 490; x_wconf 83' lang='lat' dir='ltr'>et</span> <span class='ocrx_word' id='word_1_241' title='bbox 1507 458 1653 489; x_wconf 70' lang='lat' dir='ltr'>hommes</span> <span class='ocrx_word' id='word_1_242' title='bbox 1679 456 1739 489; x_wconf 77' lang='lat' dir='ltr'>Ioci</span> <span class='ocrx_word' id='word_1_243' title='bbox 1764 457 1868 502; x_wconf 78' lang='lat' dir='ltr'>Rysch</span> <span class='ocrx_word' id='word_1_244' title='bbox 1890 467 1968 500; x_wconf 82' lang='lat' dir='ltr'>par-</span> 
     </span>
     <span class='ocr_line' id='line_1_53' title="bbox 1277 519 1968 559; baseline -0.003 -5"><span class='ocrx_word' id='word_1_245' title='bbox 1277 522 1316 554; x_wconf 78' lang='lat' dir='ltr'>tis</span> <span class='ocrx_word' id='word_1_246' title='bbox 1339 520 1495 554; x_wconf 71' lang='lat' dir='ltr'>territorii</span> <span class='ocrx_word' id='word_1_247' title='bbox 1509 519 1730 559; x_wconf 51' lang='lat' dir='ltr'>Lucernensi&amp;</span> <span class='ocrx_word' id='word_1_248' title='bbox 1746 519 1968 553; x_wconf 76' lang='lat' dir='ltr'>Constantien-</span> 
     </span>
     <span class='ocr_line' id='line_1_54' title="bbox 1275 582 1969 624; baseline 0 -9"><span class='ocrx_word' id='word_1_249' title='bbox 1275 584 1319 615; x_wconf 81' lang='lat' dir='ltr'>sis</span> <span class='ocrx_word' id='word_1_250' title='bbox 1357 582 1518 624; x_wconf 75' lang='lat' dir='ltr'>dioecesis,</span> <span class='ocrx_word' id='word_1_251' title='bbox 1550 583 1742 615; x_wconf 70' lang='lat' dir='ltr'>eoez&#39;muntur</span> <span class='ocrx_word' id='word_1_252' title='bbox 1765 593 1786 614; x_wconf 85' lang='grc' dir='ltr'><em>α</em></span> <span class='ocrx_word' id='word_1_253' title='bbox 1808 582 1969 615; x_wconf 79' lang='lat' dir='ltr'>solutione</span> 
     </span>
     <span class='ocr_line' id='line_1_55' title="bbox 1275 645 1965 689; baseline 0.001 -11"><span class='ocrx_word' id='word_1_254' title='bbox 1275 647 1442 679; x_wconf 70' lang='lat' dir='ltr'>minorum</span> <span class='ocrx_word' id='word_1_255' title='bbox 1477 645 1679 679; x_wconf 78' lang='lat' dir='ltr'>decimarum</span> <span class='ocrx_word' id='word_1_256' title='bbox 1714 645 1831 679; x_wconf 77' lang='lat' dir='ltr'>rectori</span> <span class='ocrx_word' id='word_1_257' title='bbox 1864 655 1965 689; x_wconf 80' lang='lat' dir='ltr'>paro-</span> 
     </span>
     <span class='ocr_line' id='line_1_56' title="bbox 1276 709 1780 743; baseline -0.002 0"><span class='ocrx_word' id='word_1_258' title='bbox 1276 711 1393 743; x_wconf 62' lang='lat' dir='ltr'>catalis</span> <span class='ocrx_word' id='word_1_259' title='bbox 1414 709 1561 743; x_wconf 75' lang='lat' dir='ltr'>ecclesiae</span> <span class='ocrx_word' id='word_1_260' title='bbox 1585 710 1665 743; x_wconf 73' lang='lat' dir='ltr'>dicti</span> <span class='ocrx_word' id='word_1_261' title='bbox 1686 709 1780 743; x_wconf 83' lang='lat' dir='ltr'>Ioci¹.</span> 
     </span>
    </p>
   </div>
   <div class='ocr_carea' id='block_1_11' title="bbox 1231 772 1970 924">
    <p class='ocr_par' dir='ltr' id='par_1_15' title="bbox 1231 772 1970 924">
     <span class='ocr_line' id='line_1_57' title="bbox 1231 772 1970 825; baseline 0.001 -8"><span class='ocrx_word' id='word_1_262' title='bbox 1231 772 1402 818; x_wconf 78' lang='lat' dir='ltr'>Venerabili</span> <span class='ocrx_word' id='word_1_263' title='bbox 1422 790 1510 818; x_wconf 82' lang='lat' dir='ltr'>fratri</span> <span class='ocrx_word' id='word_1_264' title='bbox 1533 790 1638 818; x_wconf 85' lang='lat' dir='ltr'>Ioanni</span> <span class='ocrx_word' id='word_1_265' title='bbox 1663 790 1801 825; x_wconf 80' lang='lat' dir='ltr'>episcopo</span> <span class='ocrx_word' id='word_1_266' title='bbox 1830 790 1970 825; x_wconf 69' lang='lat' dir='ltr'>veglensi</span> 
     </span>
     <span class='ocr_line' id='line_1_58' title="bbox 1265 843 1970 883; baseline 0.001 -13"><span class='ocrx_word' id='word_1_267' title='bbox 1265 846 1368 870; x_wconf 86' lang='lat' dir='ltr'>nostro</span> <span class='ocrx_word' id='word_1_268' title='bbox 1391 846 1422 870; x_wconf 83' lang='lat' dir='ltr'>et.</span> <span class='ocrx_word' id='word_1_269' title='bbox 1442 843 1629 883; x_wconf 69' lang='lat' dir='ltr'>Apostolicee</span> <span class='ocrx_word' id='word_1_270' title='bbox 1652 843 1743 871; x_wconf 79' lang='lat' dir='ltr'>sedis</span> <span class='ocrx_word' id='word_1_271' title='bbox 1766 843 1844 878; x_wconf 80' lang='lat' dir='ltr'>apud</span> <span class='ocrx_word' id='word_1_272' title='bbox 1865 843 1970 872; x_wconf 77' lang='lat' dir='ltr'>Helve-</span> 
     </span>
     <span class='ocr_line' id='line_1_59' title="bbox 1265 897 1449 924; baseline 0 0"><span class='ocrx_word' id='word_1_273' title='bbox 1265 897 1324 924; x_wconf 75' lang='lat' dir='ltr'>tios</span> <span class='ocrx_word' id='word_1_274' title='bbox 1339 897 1449 924; x_wconf 86' lang='lat' dir='ltr'>nuncio</span> 
     </span>
    </p>
   </div>
   <div class='ocr_carea' id='block_1_12' title="bbox 1403 962 1789 1004">
    <p class='ocr_par' dir='ltr' id='par_1_16' title="bbox 1403 962 1789 1004">
     <span class='ocr_line' id='line_1_60' title="bbox 1403 962 1789 1004; baseline -0.003 -11"><span class='ocrx_word' id='word_1_275' title='bbox 1403 962 1559 994; x_wconf 85' lang='lat' dir='ltr'>Clemens</span> <span class='ocrx_word' id='word_1_276' title='bbox 1580 963 1675 1004; x_wconf 78' lang='lat' dir='ltr'>Papa</span> <span class='ocrx_word' id='word_1_277' title='bbox 1695 963 1789 993; x_wconf 88' lang='lat' dir='ltr'>VIII.</span> 
     </span>
    </p>
   </div>
   <div class='ocr_carea' id='block_1_13' title="bbox 1266 1031 1936 1119">
    <p class='ocr_par' dir='ltr' id='par_1_17' title="bbox 1266 1031 1936 1119">
     <span class='ocr_line' id='line_1_61' title="bbox 1450 1031 1759 1065; baseline 0 -7"><span class='ocrx_word' id='word_1_278' title='bbox 1450 1031 1636 1059; x_wconf 81' lang='lat' dir='ltr'>Venerabilis</span> <span class='ocrx_word' id='word_1_279' title='bbox 1656 1031 1759 1065; x_wconf 77' lang='lat' dir='ltr'>frater,</span> 
     </span>
     <span class='ocr_line' id='line_1_62' title="bbox 1266 1084 1936 1119; baseline -0.001 -7"><span class='ocrx_word' id='word_1_280' title='bbox 1266 1086 1396 1113; x_wconf 85' lang='lat' dir='ltr'>salutem</span> <span class='ocrx_word' id='word_1_281' title='bbox 1420 1088 1451 1113; x_wconf 80' lang='lat' dir='ltr'>et</span> <span class='ocrx_word' id='word_1_282' title='bbox 1474 1085 1666 1119; x_wconf 79' lang='lat' dir='ltr'>apostolicam</span> <span class='ocrx_word' id='word_1_283' title='bbox 1685 1084 1936 1113; x_wconf 79' lang='lat' dir='ltr'>benedictionem.</span> 
     </span>
    </p>
   </div>
   <div class='ocr_carea' id='block_1_14' title="bbox 1277 1155 2172 1200">
    <p class='ocr_par' dir='ltr' id='par_1_18' title="bbox 1277 1155 2172 1200">
     <span class='ocr_line' id='line_1_63' title="bbox 1277 1155 2172 1200; baseline 0 -12"><span class='ocrx_word' id='word_1_284' title='bbox 1277 1156 1291 1199; x_wconf 66' lang='grc' dir='ltr'>ξ</span> <span class='ocrx_word' id='word_1_285' title='bbox 1315 1156 1346 1188; x_wconf 84' lang='grc'>1.</span> <span class='ocrx_word' id='word_1_286' title='bbox 1367 1155 1552 1199; x_wconf 81' lang='lat' dir='ltr'>Expositum</span> <span class='ocrx_word' id='word_1_287' title='bbox 1577 1155 1670 1189; x_wconf 93' lang='lat' dir='ltr'>nobis</span> <span class='ocrx_word' id='word_1_288' title='bbox 1694 1166 1797 1200; x_wconf 88' lang='lat' dir='ltr'>nuper</span> <span class='ocrx_word' id='word_1_289' title='bbox 1816 1155 1888 1196; x_wconf 81' lang='lat' dir='ltr'>suit,</span> <span class='ocrx_word' id='word_1_290' title='bbox 1913 1165 1972 1199; x_wconf 90' lang='lat' dir='ltr'>pro</span> <span class='ocrx_word' id='word_1_291' title='bbox 2005 1159 2172 1182; x_wconf 71' lang='lat' dir='ltr'>Adonviandum</span> 
     </span>
    </p>
   </div>
   <div class='ocr_carea' id='block_1_15' title="bbox 1987 1187 2173 1214">
    <p class='ocr_par' dir='ltr' id='par_1_19' title="bbox 1987 1187 2173 1214">
     <span class='ocr_line' id='line_1_64' title="bbox 1987 1187 2173 1214; baseline -0.005 -6"><span class='ocrx_word' id='word_1_292' title='bbox 1987 1187 2134 1214; x_wconf 68' lang='lat' dir='ltr'>frequentibus</span> <span class='ocrx_word' id='word_1_293' title='bbox 2146 1187 2173 1207; x_wconf 88' lang='lat' dir='ltr'>li-</span> 
     </span>
    </p>
   </div>
   <div class='ocr_carea' id='block_1_16' title="bbox 1233 1208 2171 1253">
    <p class='ocr_par' dir='ltr' id='par_1_20' title="bbox 1233 1208 2171 1253">
     <span class='ocr_line' id='line_1_65' title="bbox 1233 1208 2171 1253; baseline -0.003 -10"><span class='ocrx_word' id='word_1_294' title='bbox 1233 1216 1322 1253; x_wconf 88' lang='lat' dir='ltr'>parte</span> <span class='ocrx_word' id='word_1_295' title='bbox 1343 1210 1535 1243; x_wconf 82' lang='lat' dir='ltr'>dilectorum</span> <span class='ocrx_word' id='word_1_296' title='bbox 1554 1209 1691 1243; x_wconf 82' lang='lat' dir='ltr'>filiorum</span> <span class='ocrx_word' id='word_1_297' title='bbox 1713 1208 1928 1243; x_wconf 87' lang='lat' dir='ltr'>universitatis</span> <span class='ocrx_word' id='word_1_298' title='bbox 1942 1213 1973 1242; x_wconf 89' lang='lat' dir='ltr'>et</span> <span class='ocrx_word' id='word_1_299' title='bbox 1988 1215 2055 1238; x_wconf 61' lang='lat' dir='ltr'>*ihu-³.</span> <span class='ocrx_word' id='word_1_300' title='bbox 2073 1219 2129 1240; x_wconf 71' lang='lat' dir='ltr'>‘tuae</span> <span class='ocrx_word' id='word_1_301' title='bbox 2147 1219 2171 1234; x_wconf 70' lang='lat' dir='ltr'>ox</span> 
     </span>
    </p>
   </div>
   <div class='ocr_carea' id='block_1_17' title="bbox 1232 1240 2174 1306">
    <p class='ocr_par' dir='ltr' id='par_1_21' title="bbox 1232 1240 2174 1306">
     <span class='ocr_line' id='line_1_66' title="bbox 1232 1240 2174 1306; baseline 0 -10"><span class='ocrx_word' id='word_1_302' title='bbox 1232 1263 1398 1297; x_wconf 89' lang='lat' dir='ltr'>hominum</span> <span class='ocrx_word' id='word_1_303' title='bbox 1423 1263 1485 1296; x_wconf 88' lang='lat' dir='ltr'>loci</span> <span class='ocrx_word' id='word_1_304' title='bbox 1502 1263 1607 1306; x_wconf 68' lang='lat' dir='ltr'>Rysch</span> <span class='ocrx_word' id='word_1_305' title='bbox 1624 1263 1722 1306; x_wconf 82' lang='lat' dir='ltr'>partis</span> <span class='ocrx_word' id='word_1_306' title='bbox 1739 1261 1891 1296; x_wconf 88' lang='lat' dir='ltr'>territorii</span> <span class='ocrx_word' id='word_1_307' title='bbox 1911 1262 1972 1296; x_wconf 88' lang='lat' dir='ltr'>Lu-</span> <span class='ocrx_word' id='word_1_308' title='bbox 1987 1240 2174 1288; x_wconf 47' lang='grc' dir='ltr'>ῗιῗὲῗιιιιῐῖῃοῖἰέὓᾞῗ</span> 
     </span>
    </p>
   </div>
   <div class='ocr_carea' id='block_1_18' title="bbox 1232 1295 2174 2694">
    <p class='ocr_par' dir='ltr' id='par_1_22' title="bbox 1232 1295 2174 2694">
     <span class='ocr_line' id='line_1_67' title="bbox 1232 1295 2027 1359; baseline -0.003 -9"><span class='ocrx_word' id='word_1_309' title='bbox 1232 1316 1404 1357; x_wconf 83' lang='lat' dir='ltr'>cemensis,</span> <span class='ocrx_word' id='word_1_310' title='bbox 1419 1315 1576 1349; x_wconf 87' lang='lat' dir='ltr'>dioecesis</span> <span class='ocrx_word' id='word_1_311' title='bbox 1594 1315 1852 1356; x_wconf 82' lang='lat' dir='ltr'>Constantiensis,</span> <span class='ocrx_word' id='word_1_312' title='bbox 1872 1314 1970 1359; x_wconf 80' lang='lat' dir='ltr'>quod,</span> <span class='ocrx_word' id='word_1_313' title='bbox 1986 1295 2027 1319; x_wconf 50' lang='lat' dir='ltr'>‘ur&#39;</span> 
     </span>
     <span class='ocr_line' id='line_1_68' title="bbox 1234 1368 1970 1414; baseline -0.003 -11"><span class='ocrx_word' id='word_1_314' title='bbox 1234 1381 1306 1403; x_wconf 92' lang='lat' dir='ltr'>cum</span> <span class='ocrx_word' id='word_1_315' title='bbox 1333 1380 1426 1414; x_wconf 87' lang='lat' dir='ltr'>saepe</span> <span class='ocrx_word' id='word_1_316' title='bbox 1458 1369 1543 1403; x_wconf 91' lang='lat' dir='ltr'>inter</span> <span class='ocrx_word' id='word_1_317' title='bbox 1559 1368 1712 1402; x_wconf 86' lang='lat' dir='ltr'>dilectum</span> <span class='ocrx_word' id='word_1_318' title='bbox 1733 1369 1833 1402; x_wconf 87' lang='lat' dir='ltr'>filium</span> <span class='ocrx_word' id='word_1_319' title='bbox 1862 1373 1970 1402; x_wconf 87' lang='lat' dir='ltr'>recto-</span> 
     </span>
     <span class='ocr_line' id='line_1_69' title="bbox 1233 1422 1973 1467; baseline -0.001 -11"><span class='ocrx_word' id='word_1_320' title='bbox 1233 1434 1299 1458; x_wconf 88' lang='lat' dir='ltr'>rem</span> <span class='ocrx_word' id='word_1_321' title='bbox 1316 1423 1505 1467; x_wconf 79' lang='lat' dir='ltr'>paroehialis</span> <span class='ocrx_word' id='word_1_322' title='bbox 1519 1422 1670 1456; x_wconf 83' lang='lat' dir='ltr'>ecclesiae</span> <span class='ocrx_word' id='word_1_323' title='bbox 1684 1422 1759 1456; x_wconf 88' lang='lat' dir='ltr'>dicti</span> <span class='ocrx_word' id='word_1_324' title='bbox 1776 1422 1836 1456; x_wconf 90' lang='lat' dir='ltr'>loci</span> <span class='ocrx_word' id='word_1_325' title='bbox 1857 1428 1888 1456; x_wconf 85' lang='lat' dir='ltr'>et</span> <span class='ocrx_word' id='word_1_326' title='bbox 1905 1422 1973 1456; x_wconf 88' lang='lat' dir='ltr'>eius</span> 
     </span>
     <span class='ocr_line' id='line_1_70' title="bbox 1233 1474 1973 1520; baseline -0.003 -10"><span class='ocrx_word' id='word_1_327' title='bbox 1233 1476 1454 1520; x_wconf 78' lang='lat' dir='ltr'>paroeliianOS,</span> <span class='ocrx_word' id='word_1_328' title='bbox 1467 1475 1636 1510; x_wconf 85' lang='lat' dir='ltr'>occasione</span> <span class='ocrx_word' id='word_1_329' title='bbox 1650 1474 1856 1516; x_wconf 82' lang='lat' dir='ltr'>decimarum,</span> <span class='ocrx_word' id='word_1_330' title='bbox 1872 1479 1908 1508; x_wconf 86' lang='lat' dir='ltr'>ut</span> <span class='ocrx_word' id='word_1_331' title='bbox 1920 1484 1973 1508; x_wconf 92' lang='lat' dir='ltr'>vo-</span> 
     </span>
     <span class='ocr_line' id='line_1_71' title="bbox 1234 1527 1974 1572; baseline -0.001 -10"><span class='ocrx_word' id='word_1_332' title='bbox 1234 1534 1315 1569; x_wconf 84' lang='lat' dir='ltr'>cant,</span> <span class='ocrx_word' id='word_1_333' title='bbox 1331 1529 1504 1569; x_wconf 86' lang='lat' dir='ltr'>minorum,</span> <span class='ocrx_word' id='word_1_334' title='bbox 1520 1539 1598 1572; x_wconf 84' lang='lat' dir='ltr'>quas</span> <span class='ocrx_word' id='word_1_335' title='bbox 1615 1528 1740 1561; x_wconf 93' lang='lat' dir='ltr'>solvunt</span> <span class='ocrx_word' id='word_1_336' title='bbox 1757 1527 1902 1572; x_wconf 85' lang='lat' dir='ltr'>quolibet</span> <span class='ocrx_word' id='word_1_337' title='bbox 1918 1538 1974 1561; x_wconf 84' lang='lat' dir='ltr'>an-</span> 
     </span>
     <span class='ocr_line' id='line_1_72' title="bbox 1233 1580 1975 1626; baseline -0.003 -10"><span class='ocrx_word' id='word_1_338' title='bbox 1233 1593 1287 1624; x_wconf 88' lang='lat' dir='ltr'>no,</span> <span class='ocrx_word' id='word_1_339' title='bbox 1308 1592 1389 1626; x_wconf 88' lang='lat' dir='ltr'>quae</span> <span class='ocrx_word' id='word_1_340' title='bbox 1408 1581 1549 1615; x_wconf 82' lang='lat' dir='ltr'>decimae</span> <span class='ocrx_word' id='word_1_341' title='bbox 1568 1581 1708 1615; x_wconf 89' lang='lat' dir='ltr'>minores</span> <span class='ocrx_word' id='word_1_342' title='bbox 1721 1586 1795 1615; x_wconf 92' lang='lat' dir='ltr'>sunt</span> <span class='ocrx_word' id='word_1_343' title='bbox 1811 1591 1848 1614; x_wconf 84' lang='lat' dir='ltr'>ex</span> <span class='ocrx_word' id='word_1_344' title='bbox 1865 1580 1975 1615; x_wconf 76' lang='lat' dir='ltr'>fructi-</span> 
     </span>
     <span class='ocr_line' id='line_1_73' title="bbox 1233 1633 1973 1679; baseline -0.003 -10"><span class='ocrx_word' id='word_1_345' title='bbox 1233 1637 1293 1670; x_wconf 87' lang='lat' dir='ltr'>bus</span> <span class='ocrx_word' id='word_1_346' title='bbox 1314 1636 1478 1676; x_wconf 86' lang='lat' dir='ltr'>arborum‚</span> <span class='ocrx_word' id='word_1_347' title='bbox 1505 1644 1670 1679; x_wconf 80' lang='lat' dir='ltr'>raparum,</span> <span class='ocrx_word' id='word_1_348' title='bbox 1697 1635 1825 1678; x_wconf 79' lang='lat' dir='ltr'>canapis</span> <span class='ocrx_word' id='word_1_349' title='bbox 1845 1640 1876 1668; x_wconf 89' lang='lat' dir='ltr'>et</span> <span class='ocrx_word' id='word_1_350' title='bbox 1903 1633 1973 1676; x_wconf 87' lang='lat' dir='ltr'>tini,</span> 
     </span>
     <span class='ocr_line' id='line_1_74' title="bbox 1234 1686 1972 1732; baseline -0.004 -9"><span class='ocrx_word' id='word_1_351' title='bbox 1234 1690 1448 1723; x_wconf 85' lang='lat' dir='ltr'>controversia</span> <span class='ocrx_word' id='word_1_352' title='bbox 1466 1693 1497 1722; x_wconf 86' lang='lat' dir='ltr'>et</span> <span class='ocrx_word' id='word_1_353' title='bbox 1523 1687 1701 1721; x_wconf 77' lang='lat' dir='ltr'>differentia</span> <span class='ocrx_word' id='word_1_354' title='bbox 1724 1687 1801 1721; x_wconf 88' lang='lat' dir='ltr'>oriri</span> <span class='ocrx_word' id='word_1_355' title='bbox 1826 1686 1972 1732; x_wconf 87' lang='lat' dir='ltr'>contige-</span> 
     </span>
     <span class='ocr_line' id='line_1_75' title="bbox 1234 1740 1974 1785; baseline -0.001 -10"><span class='ocrx_word' id='word_1_356' title='bbox 1234 1743 1286 1784; x_wconf 89' lang='lat' dir='ltr'>rit,</span> <span class='ocrx_word' id='word_1_357' title='bbox 1314 1748 1344 1776; x_wconf 88' lang='lat' dir='ltr'>et</span> <span class='ocrx_word' id='word_1_358' title='bbox 1374 1742 1405 1775; x_wconf 91' lang='lat' dir='ltr'>in</span> <span class='ocrx_word' id='word_1_359' title='bbox 1435 1742 1577 1775; x_wconf 81' lang='lat' dir='ltr'>futurum</span> <span class='ocrx_word' id='word_1_360' title='bbox 1602 1741 1786 1785; x_wconf 80' lang='lat' dir='ltr'>contingere</span> <span class='ocrx_word' id='word_1_361' title='bbox 1805 1740 1916 1785; x_wconf 87' lang='lat' dir='ltr'>possit,</span> <span class='ocrx_word' id='word_1_362' title='bbox 1938 1751 1974 1774; x_wconf 85' lang='lat' dir='ltr'>ex</span> 
     </span>
     <span class='ocr_line' id='line_1_76' title="bbox 1234 1794 1975 1840; baseline -0.003 -10"><span class='ocrx_word' id='word_1_363' title='bbox 1234 1807 1271 1830; x_wconf 88' lang='lat' dir='ltr'>eo</span> <span class='ocrx_word' id='word_1_364' title='bbox 1292 1797 1380 1840; x_wconf 91' lang='lat' dir='ltr'>quod</span> <span class='ocrx_word' id='word_1_365' title='bbox 1398 1795 1461 1828; x_wconf 79' lang='lat' dir='ltr'>iarn</span> <span class='ocrx_word' id='word_1_366' title='bbox 1482 1806 1499 1828; x_wconf 86' lang='lat' dir='ltr'>a</span> <span class='ocrx_word' id='word_1_367' title='bbox 1520 1801 1646 1829; x_wconf 87' lang='lat' dir='ltr'>centum</span> <span class='ocrx_word' id='word_1_368' title='bbox 1666 1795 1758 1828; x_wconf 85' lang='lat' dir='ltr'>annis</span> <span class='ocrx_word' id='word_1_369' title='bbox 1783 1794 1921 1836; x_wconf 83' lang='lat' dir='ltr'>circiter,</span> <span class='ocrx_word' id='word_1_370' title='bbox 1938 1799 1975 1828; x_wconf 90' lang='lat' dir='ltr'>ut</span> 
     </span>
     <span class='ocr_line' id='line_1_77' title="bbox 1235 1847 1976 1893; baseline -0.001 -10"><span class='ocrx_word' id='word_1_371' title='bbox 1235 1850 1397 1891; x_wconf 87' lang='lat' dir='ltr'>asseritur,</span> <span class='ocrx_word' id='word_1_372' title='bbox 1421 1848 1577 1892; x_wconf 83' lang='lat' dir='ltr'>quaedam</span> <span class='ocrx_word' id='word_1_373' title='bbox 1597 1848 1739 1893; x_wconf 87' lang='lat' dir='ltr'>praedia,</span> <span class='ocrx_word' id='word_1_374' title='bbox 1760 1859 1842 1892; x_wconf 88' lang='lat' dir='ltr'>quae</span> <span class='ocrx_word' id='word_1_375' title='bbox 1863 1847 1976 1882; x_wconf 92' lang='lat' dir='ltr'>huius-</span> 
     </span>
     <span class='ocr_line' id='line_1_78' title="bbox 1236 1901 1974 1946; baseline -0.001 -11"><span class='ocrx_word' id='word_1_376' title='bbox 1236 1903 1321 1936; x_wconf 84' lang='lat' dir='ltr'>modi</span> <span class='ocrx_word' id='word_1_377' title='bbox 1345 1903 1485 1936; x_wconf 85' lang='lat' dir='ltr'>decimas</span> <span class='ocrx_word' id='word_1_378' title='bbox 1510 1902 1743 1946; x_wconf 86' lang='lat' dir='ltr'>persolvebant,</span> <span class='ocrx_word' id='word_1_379' title='bbox 1770 1902 1809 1935; x_wconf 82' lang='lat' dir='ltr'>ab</span> <span class='ocrx_word' id='word_1_380' title='bbox 1846 1901 1974 1935; x_wconf 84' lang='lat' dir='ltr'>illarum</span> 
     </span>
     <span class='ocr_line' id='line_1_79' title="bbox 1236 1955 1975 2000; baseline -0.001 -10"><span class='ocrx_word' id='word_1_381' title='bbox 1236 1957 1394 1990; x_wconf 87' lang='lat' dir='ltr'>solutione</span> <span class='ocrx_word' id='word_1_382' title='bbox 1419 1956 1583 2000; x_wconf 88' lang='lat' dir='ltr'>redempta</span> <span class='ocrx_word' id='word_1_383' title='bbox 1614 1956 1753 1996; x_wconf 84' lang='lat' dir='ltr'>suerunt,</span> <span class='ocrx_word' id='word_1_384' title='bbox 1785 1955 1839 1989; x_wconf 88' lang='lat' dir='ltr'>sed</span> <span class='ocrx_word' id='word_1_385' title='bbox 1865 1956 1975 1989; x_wconf 85' lang='lat' dir='ltr'>consu-</span> 
     </span>
     <span class='ocr_line' id='line_1_80' title="bbox 1235 2008 1975 2053; baseline -0.001 -10"><span class='ocrx_word' id='word_1_386' title='bbox 1235 2011 1306 2051; x_wconf 89' lang='lat' dir='ltr'>sim,</span> <span class='ocrx_word' id='word_1_387' title='bbox 1326 2021 1363 2043; x_wconf 84' lang='lat' dir='ltr'>ac</span> <span class='ocrx_word' id='word_1_388' title='bbox 1383 2021 1420 2043; x_wconf 85' lang='lat' dir='ltr'>ex</span> <span class='ocrx_word' id='word_1_389' title='bbox 1438 2009 1649 2043; x_wconf 85' lang='lat' dir='ltr'>diuturnitate</span> <span class='ocrx_word' id='word_1_390' title='bbox 1666 2009 1830 2053; x_wconf 86' lang='lat' dir='ltr'>temporis,</span> <span class='ocrx_word' id='word_1_391' title='bbox 1848 2008 1975 2043; x_wconf 74' lang='lat' dir='ltr'>incuria</span> 
     </span>
     <span class='ocr_line' id='line_1_81' title="bbox 1236 2062 1976 2107; baseline -0.003 -9"><span class='ocrx_word' id='word_1_392' title='bbox 1236 2070 1397 2098; x_wconf 87' lang='lat' dir='ltr'>rectorum</span> <span class='ocrx_word' id='word_1_393' title='bbox 1422 2074 1481 2107; x_wconf 91' lang='lat' dir='ltr'>pro</span> <span class='ocrx_word' id='word_1_394' title='bbox 1508 2067 1651 2106; x_wconf 85' lang='lat' dir='ltr'>tempore</span> <span class='ocrx_word' id='word_1_395' title='bbox 1680 2062 1895 2103; x_wconf 83' lang='lat' dir='ltr'>existentium,</span> <span class='ocrx_word' id='word_1_396' title='bbox 1921 2066 1976 2096; x_wconf 82' lang='lat' dir='ltr'>aut</span> 
     </span>
     <span class='ocr_line' id='line_1_82' title="bbox 1237 2115 1973 2162; baseline 0 -12"><span class='ocrx_word' id='word_1_397' title='bbox 1237 2118 1356 2152; x_wconf 76' lang='lat' dir='ltr'>malitia</span> <span class='ocrx_word' id='word_1_398' title='bbox 1378 2127 1598 2162; x_wconf 84' lang='lat' dir='ltr'>possessorum</span> <span class='ocrx_word' id='word_1_399' title='bbox 1617 2116 1775 2151; x_wconf 88' lang='lat' dir='ltr'>dictorum</span> <span class='ocrx_word' id='word_1_400' title='bbox 1800 2115 1973 2157; x_wconf 85' lang='lat' dir='ltr'>bonorum,</span> 
     </span>
     <span class='ocr_line' id='line_1_83' title="bbox 1236 2168 1974 2214; baseline -0.003 -10"><span class='ocrx_word' id='word_1_401' title='bbox 1236 2171 1363 2204; x_wconf 87' lang='lat' dir='ltr'>termini</span> <span class='ocrx_word' id='word_1_402' title='bbox 1384 2171 1498 2203; x_wconf 85' lang='lat' dir='ltr'>remoti</span> <span class='ocrx_word' id='word_1_403' title='bbox 1524 2170 1653 2210; x_wconf 86' lang='lat' dir='ltr'>suerint,</span> <span class='ocrx_word' id='word_1_404' title='bbox 1676 2169 1786 2214; x_wconf 80' lang='lat' dir='ltr'>sicque</span> <span class='ocrx_word' id='word_1_405' title='bbox 1821 2168 1974 2212; x_wconf 84' lang='lat' dir='ltr'>distingui</span> 
     </span>
     <span class='ocr_line' id='line_1_84' title="bbox 1236 2221 1975 2268; baseline -0.003 -11"><span class='ocrx_word' id='word_1_406' title='bbox 1236 2234 1300 2258; x_wconf 92' lang='lat' dir='ltr'>non</span> <span class='ocrx_word' id='word_1_407' title='bbox 1317 2223 1428 2268; x_wconf 79' lang='lat' dir='ltr'>possit,</span> <span class='ocrx_word' id='word_1_408' title='bbox 1456 2233 1538 2266; x_wconf 86' lang='lat' dir='ltr'>quae</span> <span class='ocrx_word' id='word_1_409' title='bbox 1564 2223 1648 2256; x_wconf 86' lang='lat' dir='ltr'>bona</span> <span class='ocrx_word' id='word_1_410' title='bbox 1673 2223 1871 2256; x_wconf 80' lang='lat' dir='ltr'>decimarum</span> <span class='ocrx_word' id='word_1_411' title='bbox 1888 2221 1975 2255; x_wconf 91' lang='lat' dir='ltr'>solu-</span> 
     </span>
     <span class='ocr_line' id='line_1_85' title="bbox 1237 2276 1975 2320; baseline -0.003 -10"><span class='ocrx_word' id='word_1_412' title='bbox 1237 2278 1313 2311; x_wconf 89' lang='lat' dir='ltr'>tioni</span> <span class='ocrx_word' id='word_1_413' title='bbox 1335 2277 1484 2317; x_wconf 88' lang='lat' dir='ltr'>obnoxia,</span> <span class='ocrx_word' id='word_1_414' title='bbox 1507 2282 1538 2309; x_wconf 83' lang='lat' dir='ltr'>et.</span> <span class='ocrx_word' id='word_1_415' title='bbox 1563 2287 1645 2320; x_wconf 91' lang='lat' dir='ltr'>quae</span> <span class='ocrx_word' id='word_1_416' title='bbox 1666 2277 1705 2309; x_wconf 85' lang='lat' dir='ltr'>ab</span> <span class='ocrx_word' id='word_1_417' title='bbox 1737 2276 1798 2309; x_wconf 90' lang='lat' dir='ltr'>illis</span> <span class='ocrx_word' id='word_1_418' title='bbox 1830 2281 1975 2320; x_wconf 85' lang='lat' dir='ltr'>exempta</span> 
     </span>
     <span class='ocr_line' id='line_1_86' title="bbox 1236 2328 2174 2382; baseline -0.002 -18"><span class='ocrx_word' id='word_1_419' title='bbox 1236 2332 1317 2372; x_wconf 88' lang='lat' dir='ltr'>sint·‚</span> <span class='ocrx_word' id='word_1_420' title='bbox 1350 2330 1498 2363; x_wconf 83' lang='lat' dir='ltr'>homines</span> <span class='ocrx_word' id='word_1_421' title='bbox 1524 2329 1600 2363; x_wconf 89' lang='lat' dir='ltr'>dicti</span> <span class='ocrx_word' id='word_1_422' title='bbox 1634 2329 1712 2371; x_wconf 86' lang='lat' dir='ltr'>loci,</span> <span class='ocrx_word' id='word_1_423' title='bbox 1740 2329 1780 2362; x_wconf 82' lang='lat' dir='ltr'>ad</span> <span class='ocrx_word' id='word_1_424' title='bbox 1813 2329 1974 2363; x_wconf 84' lang='lat' dir='ltr'>evitandas</span> <span class='ocrx_word' id='word_1_425' title='bbox 1990 2328 2174 2382; x_wconf 49' lang='lat' dir='ltr'>,ociffiggfg‘gff&#39;ffi</span> 
     </span>
     <span class='ocr_line' id='line_1_87' title="bbox 1236 2382 2172 2422; baseline -0.002 -5"><span class='ocrx_word' id='word_1_426' title='bbox 1236 2383 1419 2417; x_wconf 87' lang='lat' dir='ltr'>huiusmodi</span> <span class='ocrx_word' id='word_1_427' title='bbox 1442 2383 1513 2416; x_wconf 87' lang='lat' dir='ltr'>lites</span> <span class='ocrx_word' id='word_1_428' title='bbox 1530 2389 1559 2416; x_wconf 88' lang='lat' dir='ltr'>et</span> <span class='ocrx_word' id='word_1_429' title='bbox 1577 2382 1818 2422; x_wconf 89' lang='lat' dir='ltr'>controversias,</span> <span class='ocrx_word' id='word_1_430' title='bbox 1837 2382 1975 2416; x_wconf 86' lang='lat' dir='ltr'>decimas</span> <span class='ocrx_word' id='word_1_431' title='bbox 1990 2382 2172 2404; x_wconf 60' lang='lat' dir='ltr'>‘⁰⁸¹¹meft’00ffl·</span> 
     </span>
     <span class='ocr_line' id='line_1_88' title="bbox 1235 2435 1975 2479; baseline 0 -10"><span class='ocrx_word' id='word_1_432' title='bbox 1235 2436 1422 2470; x_wconf 90' lang='lat' dir='ltr'>huiusmodi</span> <span class='ocrx_word' id='word_1_433' title='bbox 1438 2436 1609 2476; x_wconf 85' lang='lat' dir='ltr'>redimere,</span> <span class='ocrx_word' id='word_1_434' title='bbox 1621 2435 1787 2469; x_wconf 87' lang='lat' dir='ltr'>etillarum</span> <span class='ocrx_word' id='word_1_435' title='bbox 1797 2435 1879 2476; x_wconf 91' lang='lat' dir='ltr'>loco,</span> <span class='ocrx_word' id='word_1_436' title='bbox 1892 2445 1975 2479; x_wconf 88' lang='lat' dir='ltr'>quae</span> 
     </span>
     <span class='ocr_line' id='line_1_89' title="bbox 1235 2488 1975 2533; baseline -0.001 -10"><span class='ocrx_word' id='word_1_437' title='bbox 1235 2491 1413 2532; x_wconf 86' lang='lat' dir='ltr'>annuatim,</span> <span class='ocrx_word' id='word_1_438' title='bbox 1445 2490 1605 2524; x_wconf 87' lang='lat' dir='ltr'>distractis</span> <span class='ocrx_word' id='word_1_439' title='bbox 1633 2489 1786 2533; x_wconf 84' lang='lat' dir='ltr'>expensis,</span> <span class='ocrx_word' id='word_1_440' title='bbox 1816 2488 1855 2521; x_wconf 91' lang='lat' dir='ltr'>ad</span> <span class='ocrx_word' id='word_1_441' title='bbox 1886 2493 1975 2523; x_wconf 83' lang='lat' dir='ltr'>scuta</span> 
     </span>
     <span class='ocr_line' id='line_1_90' title="bbox 1236 2541 1972 2588; baseline 0 -12"><span class='ocrx_word' id='word_1_442' title='bbox 1236 2543 1420 2588; x_wconf 86' lang='lat' dir='ltr'>quindecim</span> <span class='ocrx_word' id='word_1_443' title='bbox 1439 2548 1585 2577; x_wconf 82' lang='lat' dir='ltr'>monetae</span> <span class='ocrx_word' id='word_1_444' title='bbox 1603 2542 1729 2577; x_wconf 86' lang='lat' dir='ltr'>circiter</span> <span class='ocrx_word' id='word_1_445' title='bbox 1745 2541 1972 2584; x_wconf 83' lang='lat' dir='ltr'>ascendebant,</span> 
     </span>
     <span class='ocr_line' id='line_1_91' title="bbox 1235 2596 1976 2640; baseline -0.001 -10"><span class='ocrx_word' id='word_1_446' title='bbox 1235 2597 1397 2631; x_wconf 89' lang='lat' dir='ltr'>redditum</span> <span class='ocrx_word' id='word_1_447' title='bbox 1427 2607 1569 2631; x_wconf 81' lang='lat' dir='ltr'>annuum</span> <span class='ocrx_word' id='word_1_448' title='bbox 1596 2602 1760 2630; x_wconf 86' lang='lat' dir='ltr'>scutorum</span> <span class='ocrx_word' id='word_1_449' title='bbox 1785 2596 1915 2640; x_wconf 83' lang='lat' dir='ltr'>triginta</span> <span class='ocrx_word' id='word_1_450' title='bbox 1940 2606 1976 2629; x_wconf 88' lang='lat' dir='ltr'>u—</span> 
     </span>
     <span class='ocr_line' id='line_1_92' title="bbox 1234 2649 1975 2694; baseline -0.001 -11"><span class='ocrx_word' id='word_1_451' title='bbox 1234 2650 1305 2683; x_wconf 86' lang='lat' dir='ltr'>nius</span> <span class='ocrx_word' id='word_1_452' title='bbox 1325 2650 1477 2684; x_wconf 89' lang='lat' dir='ltr'>similium</span> <span class='ocrx_word' id='word_1_453' title='bbox 1495 2650 1526 2683; x_wconf 92' lang='lat' dir='ltr'>in</span> <span class='ocrx_word' id='word_1_454' title='bbox 1544 2649 1684 2693; x_wconf 89' lang='lat' dir='ltr'>quodam</span> <span class='ocrx_word' id='word_1_455' title='bbox 1702 2655 1856 2694; x_wconf 87' lang='lat' dir='ltr'>perpetuo</span> <span class='ocrx_word' id='word_1_456' title='bbox 1876 2658 1975 2683; x_wconf 89' lang='lat' dir='ltr'>censu</span> 
     </span>
    </p>
   </div>
   <div class='ocr_carea' id='block_1_19' title="bbox 1270 2712 1778 2749">
    <p class='ocr_par' dir='ltr' id='par_1_23' title="bbox 1270 2712 1778 2749">
     <span class='ocr_line' id='line_1_93' title="bbox 1270 2712 1778 2749; baseline 0 -9"><span class='ocrx_word' id='word_1_457' title='bbox 1270 2715 1282 2740; x_wconf 81' lang='lat'><strong>1</strong></span> <span class='ocrx_word' id='word_1_458' title='bbox 1304 2712 1343 2740; x_wconf 86' lang='lat' dir='ltr'>Ex</span> <span class='ocrx_word' id='word_1_459' title='bbox 1358 2712 1466 2749; x_wconf 79' lang='lat' dir='ltr'>Regest.</span> <span class='ocrx_word' id='word_1_460' title='bbox 1487 2712 1515 2740; x_wconf 89' lang='lat' dir='ltr'>in</span> <span class='ocrx_word' id='word_1_461' title='bbox 1529 2712 1631 2741; x_wconf 78' lang='lat' dir='ltr'>Secret.</span> <span class='ocrx_word' id='word_1_462' title='bbox 1643 2712 1778 2742; x_wconf 75' lang='lat' dir='ltr'>Brevium.</span> 
     </span>
    </p>
   </div>
  </div>
 </body>
</html>
