2227 3241
277 271 326 297 An.
339 272 366 298 (j.
392 271 457 298 ¹6⁰4

326 1723 461 1742 caeterorum

279 1749 341 1770 Urbis
363 1749 461 1774 ruttogiu-

279 1782 323 1797 rum
352 1776 463 1801 privilegia

279 1802 413 1823 &conce-tit.

504 262 544 295 9ss

475 322 589 363 magna
610 320 673 353 sive
695 322 788 364 parva
809 318 998 362 quantitate,
1014 323 1075 351 tam
1091 317 1122 350 in
1139 317 1210 351 har·

475 372 541 405 eliis
555 383 650 416 quam
673 372 702 404 in
723 371 904 414 magazinis,
929 376 957 405 et
979 371 1056 404 alias
1075 370 1211 404 ubilibet

474 425 685 458 emendorum
708 424 939 467 cuiuscumque
957 424 1094 467 generis,
1109 434 1210 468 quan-

476 477 582 518 titatis,
610 477 785 520 qualitatis,
809 477 926 510 valoris
947 482 977 510 et
997 477 1115 521 speciei
1141 478 1209 511 sue-

475 530 547 569 rint,
566 530 740 571 exactione,
754 529 925 571 solutione,
944 530 1160 574 praestatione
1181 535 1211 563 et

474 583 730 623 contributione,
765 593 891 617 necnon
927 594 1210 627 quorumcumque

474 636 629 676 aliorum,
650 637 746 669 etiam
775 636 860 670 iuxta
883 637 1014 671 Concilii
1031 636 1208 671 Tridentini

475 690 602 722 decreta
616 689 752 723 ubilibet
765 689 984 724 institutorum
1000 696 1030 724 et
1043 690 1211 723 instituen—

475 743 588 775 dorum
611 743 840 785 collegiorum,
865 749 892 776 et
914 743 1043 787 piorum
1064 744 1209 777 locorum

474 795 694 837 subventione,
718 796 909 831 auctoritate
930 802 961 830 et
983 803 1093 830 tenore
1117 807 1210 841 prae-

475 848 577 889 dictis,
599 849 720 893 pariter
733 855 890 894 perpetuo
904 850 1073 884 eximimus
1087 856 1117 883 et
1133 850 1211 883 libe-

475 913 595 942 ramus,
615 913 651 936 ac
668 903 727 936 sub
745 903 829 937 beati
847 903 930 937 Petri
948 909 978 937 et
992 903 1095 937 dictae
1108 903 1207 944 Sedis,

474 961 570 998 atque
591 961 731 997 nostrae,
753 967 789 989 ae
805 967 865 1000 pro
887 962 1032 1000 tempore
1051 956 1212 989 existentis

474 1008 609 1041 Romani
630 1009 804 1051 Pontificis,
823 1010 1023 1054 protectione
1037 1015 1068 1043 et
1081 1009 1213 1042 inviola-

475 1060 530 1093 bili
552 1062 797 1096 conservatione
823 1062 1026 1107 suscipimus,
1055 1061 1213 1105 nobisque

475 1120 505 1147 et
529 1115 634 1149 eidem
660 1115 732 1150 Sedi
758 1116 944 1150 immediate
963 1115 1162 1155 subiicimus;
1183 1120 1214 1148 et

475 1168 1211 1212 exemptionem,liberationem,susceptionem

476 1220 660 1255 huiusmodi
681 1222 713 1254 in
733 1232 941 1266 quocumque
962 1222 1029 1255 soro
1057 1226 1087 1254 et
1107 1220 1210 1254 tribu-

476 1275 552 1316 nali,
575 1286 612 1308 ac
632 1275 714 1309 dicta
735 1275 890 1316 Camerti,
922 1275 1016 1309 etiam
1040 1274 1214 1318 respective

476 1329 709 1373 cuiuscumque
744 1328 912 1362 solutionis
948 1328 993 1361 illi
1029 1328 1210 1368 faciendae,

475 1394 603 1428 semper
624 1383 842 1417 favorabiliter
855 1382 976 1416 censeri
990 1383 1119 1423 debere,
1131 1388 1160 1416 ct
1175 1383 1214 1416 de

476 1438 539 1472 illis
560 1438 590 1471 in
612 1448 817 1482 quacumque
833 1439 940 1477 causa,
959 1436 1014 1470 lite
1035 1442 1066 1470 et
1086 1441 1214 1470 contro-

478 1493 578 1526 versia
600 1503 670 1525 eam
693 1491 992 1536 interpretationem
1019 1490 1212 1524 extensivam

476 1547 659 1580 habendam
674 1556 753 1586 esse,
769 1556 851 1589 quae
866 1555 924 1589 pro
939 1544 999 1577 alia
1009 1544 1214 1588 quantumvis

476 1600 527 1644 pia
549 1607 579 1633 ct
599 1599 809 1643 privilegiam,
827 1599 866 1632 ad
880 1598 950 1642 pios
965 1609 1039 1631 usus
1057 1598 1212 1631 destinata

476 1659 508 1687 et
518 1653 676 1697 applicata
687 1653 778 1685 causa
792 1651 861 1685 fieri
875 1656 993 1695 posset,
1004 1651 1214 1685 declaramus.

521 1710 538 1750 ἓ
563 1708 593 1741 5.
621 1706 683 1750 Ipsi
704 1716 833 1750 quoque
854 1704 990 1747 collegio
1011 1715 1047 1738 ac
1068 1705 1153 1738 illius
1170 1715 1216 1738 re-

478 1761 569 1801 ctori,
590 1759 802 1799 scholaribus,
819 1758 1002 1802 capellanis,
1020 1758 1214 1800 oeconomis,

478 1813 681 1853 officialibus,
703 1812 856 1846 ministris
874 1817 904 1845 et
920 1812 1077 1856 personis,
1098 1818 1133 1845 ut
1152 1823 1217 1846 om-

479 1868 574 1901 nibus
595 1873 625 1901 et
645 1866 778 1909 singulis
798 1865 982 1910 privilegiis,
1006 1866 1217 1910 exemptioni-

480 1922 556 1961 bus,
581 1919 801 1959 libertatibus,
826 1919 1099 1960 immunitatibus,
1122 1929 1216 1963 prae-

479 1975 641 2018 rogativis,
661 1973 919 2015 antelationibus,
940 1973 1213 2017 praeeminemus,

480 2027 750 2068 concessionibus,
772 2026 914 2069 indultis,
928 2026 1100 2067 favoribus,
1114 2033 1217 2060 caete-

480 2082 588 2126 risque
609 2081 718 2124 gratiis
735 2080 902 2121 universis,
920 2085 983 2113 tam
998 2079 1217 2124 spiritualibus

480 2145 575 2179 quam
599 2133 843 2177 temporalibus,
867 2132 985 2176 quibus
1004 2131 1066 2165 alia
1082 2132 1217 2175 collegia

481 2195 511 2222 et
531 2188 583 2233 pia
603 2188 673 2221 loca
694 2187 726 2220 in
748 2186 831 2220 dicta
859 2186 944 2220 Urbe
972 2185 1125 2226 instituta,
1146 2186 1217 2219 illo-

483 2252 620 2286 rumque
642 2246 797 2281 rectores,
825 2239 1003 2279 scholares,
1035 2239 1214 2283 capellani,

480 2294 661 2335 oeconomi,
676 2293 841 2334 officiales,
858 2292 993 2326 ministri
1009 2298 1039 2326 et
1052 2303 1219 2336 personae,

481 2350 520 2383 dc
538 2350 618 2389 iure,
634 2359 705 2388 usu,
727 2346 971 2387 consuetudine,
988 2346 1155 2390 privilegio
1171 2347 1218 2380 vel

481 2402 558 2435 alias
590 2400 837 2445 quomodolibet
865 2404 1019 2440 utuntur,
1046 2399 1216 2440 fruuntur,

482 2455 648 2499 potiuntur
665 2460 695 2487 et
715 2454 867 2495 gaudent,
891 2463 927 2486 ac
947 2453 1005 2493 uti,
1027 2453 1100 2494 frui,
1124 2453 1219 2497 potiri

483 2516 513 2543 et
533 2509 674 2552 gaudere
694 2513 828 2552 possunt
849 2512 880 2540 et
904 2512 1057 2551 poterunt
1077 2517 1215 2551 quomo-

483 2562 604 2596 dolibet
618 2562 648 2594 in
666 2562 820 2601 futurum,
840 2570 905 2594 non
922 2560 1025 2594 solum
1047 2560 1086 2593 ad
1107 2570 1218 2593 eorum

484 2615 592 2655 instar,
613 2615 669 2648 sed
688 2624 790 2659 aeque
806 2613 1025 2658 principaliter
1038 2619 1067 2647 et
1085 2613 1221 2657 paritor-

485 2668 589 2709 miter,
606 2668 637 2701 in
653 2668 804 2702 omnibus
818 2673 849 2702 et
861 2677 919 2712 per
932 2666 1052 2708 omnia,
1068 2666 1127 2708 uti,
1144 2666 1217 2708 frui,

1057 269 1240 294 BULLARIUM
1261 270 1413 295 ROMANUM

1998 270 2089 298 An.c.
2112 271 2176 300 ¹60⁴
2226 289 2227 293 =

1242 318 1337 362 potiri
1356 324 1386 352 et.
1407 318 1559 362 gaudere,
1576 329 1634 353 nec
1648 329 1712 353 non
1727 325 1788 353 tam
1806 320 1865 364 ipsi
1883 331 1979 364 quarn

1243 381 1354 405 eorum
1386 372 1517 412 coloni,
1552 373 1784 414 arrendatarii‚
1808 373 1976 413 livellarii,

1957 426 1963 432 ¹
1995 408 2177 432 1·1n1s,etc.,t·her-

1243 425 1458 459 conductores
1476 431 1503 458 et
1525 426 1744 470 emphiteutae
1763 426 1917 470 praedicti
1935 438 1980 459 vi·
1995 434 2178 471 tatemdattrqzes
2226 439 2227 447 ³

1244 488 1332 519 num,
1350 478 1502 520 triticum,
1519 479 1667 520 ordeum,
1681 479 1855 522 legumina,
1871 479 1977 520 blada,
1994 461 2178 534 &Effiiissffl'skt‘ss
2226 475 2227 485 ¹

1245 530 1405 564 frumenta
1432 537 1462 564 et
1491 531 1630 565 cuiusvis
1661 531 1787 574 generis
1814 532 1920 574 fruges
1951 537 1982 566 et
1995 514 2094 541 (ΜΗΘ
2105 519 2177 558 ''lm‘'
2225 530 2227 571 l

1244 593 1342 624 grana
1370 593 1405 616 ex
1434 583 1692 628 quibuscumque
1716 583 1979 628 proprietatibus,
2189 588 2193 590 “
2225 578 2227 618 l

1245 637 1499 679 possessionibus
1520 643 1549 670 et
1567 637 1660 671 bonis
1680 638 1755 671 dicti
1780 637 1919 681 collegii,
1942 637 1981 671 il-
2224 627 2227 654 ¹

1245 689 1370 733 liusque
1391 690 1610 724 membrorum
1636 697 1667 725 et
1687 701 1883 725 annexorum
1902 701 1983 736 quo-

1245 753 1468 787 rumcumque,
1481 743 1704 788 provenientia
1718 744 1757 778 de
1772 744 1982 788 quibuscum-

1245 806 1307 839 que
1326 796 1499 840 provinciis
1513 824 1520 838 ,
1541 797 1634 831 terris
1654 803 1686 831 et
1704 797 1798 838 loeis,
1821 796 1930 839 nobis,
1953 802 1984 831 et

1245 849 1408 882 Romanae
1432 849 1609 890 Ecclesiae,
1639 849 1777 883 mediate
1797 849 1846 883 vel
1863 849 1980 884 imme-

1246 901 1330 936 diate
1355 902 1516 943 subiectis,
1541 903 1680 937 cuiusvis
1699 903 1829 937 licentia
1846 903 1984 947 desuper

1247 955 1378 989 minime
1396 956 1562 1000 requisita,
1586 962 1616 990 et
1637 957 1758 1001 absque
1778 956 1914 990 alicuius
1931 967 1984 1000 pe-

1247 1008 1360 1041 cuniae
1377 1009 1424 1041 vel
1442 1009 1573 1043 alterius
1593 1009 1639 1043 rei
1660 1010 1822 1044 solutione
1839 1014 1871 1043 et
1889 1019 1983 1053 prae-

1246 1061 1382 1095 statione
1402 1068 1560 1106 perpetuo
1581 1063 1737 1104 facienda,
1752 1068 1812 1105 ,aut
1828 1071 1985 1096 censurae

1247 1114 1294 1147 vel
1311 1125 1434 1158 poenae
1452 1115 1594 1157 incursu,
1616 1116 1782 1150 extrahere
1785 1121 1847 1175 2¹¹²
1861 1114 1984 1150 extrahi

1247 1167 1363 1208 facere,
1387 1178 1423 1201 ac
1443 1168 1483 1202 ad
1503 1168 1623 1202 dictum
1640 1169 1810 1212 collegium
1825 1179 1884 1213 pro
1900 1168 1985 1202 illius

1247 1231 1305 1254 usu
1324 1221 1515 1263 conducere,
1536 1228 1565 1256 et
1583 1222 1678 1256 etiam
1692 1223 1747 1256 illa
1760 1222 1792 1256 in
1804 1222 1887 1256 dicta
1899 1221 1985 1256 Urbe

1248 1273 1398 1317 illiusque
1411 1274 1566 1315 districtu,
1583 1286 1642 1309 nec
1659 1286 1723 1309 non
1737 1275 1886 1309 universo
1896 1275 1985 1309 Statu

1248 1328 1463 1362 ecclesiastico
1490 1329 1640 1370 vendere,
1674 1330 1854 1364 distrahere
1885 1335 1916 1363 et
1946 1330 1987 1364 de

1250 1382 1311 1416 illis
1331 1383 1370 1416 ad
1391 1392 1502 1416 eorum
1525 1382 1650 1416 lihitum
1674 1382 1862 1427 disponere,
1884 1383 1986 1418 libere

1249 1442 1278 1470 et
1302 1435 1387 1469 licite
1418 1435 1561 1479 valeant,
1585 1435 1704 1469 eisdem
1733 1436 1924 1470 auctoritate
1955 1442 1986 1471 et

1249 1497 1359 1524 tenore
1379 1489 1528 1523 similiter
1546 1494 1703 1533 perpetuo
1724 1489 1940 1532 indulgemus.

1293 1545 1309 1585 ἓ
1327 1542 1357 1575 6.
1380 1541 1562 1576 Districtius
1582 1552 1714 1585 quoque
1732 1542 1763 1574 in
1783 1542 1900 1576 virtute
1918 1553 1986 1577 san·
2039 1554 2123 1575 intiba
2137 1553 2196 1585 qui-¹

1248 1602 1318 1630 ctae
1337 1595 1540 1629 obedientiae
1565 1595 1750 1629 inhibemus
1776 1595 1899 1638 legatis,
1928 1606 1982 1629 ar·
2000 1581 2211 1650 iiiiii-m‘32‘iiiffiss3

1249 1648 1481 1693 chiepiscopis,
1505 1648 1666 1692 episcopis
1692 1654 1722 1681 et
1748 1648 1818 1682 aliis
1838 1649 1984 1682 locorum
1999 1634 2195 1683 ἷὲῗῖῗωρωωῂ*

1248 1702 1435 1743 Ordinariis,
1448 1701 1642 1744 vicelegatis,
1663 1702 1987 1744 locatenentibusffli-

1250 1756 1355 1796 cariis,
1378 1755 1538 1788 iudicibus
1559 1761 1590 1788 et
1609 1754 1678 1788 aliis
1704 1755 1878 1799 praedictis
1898 1755 1985 1790 eius-

1250 1810 1323 1843 dem
1348 1809 1378 1843 S.
1395 1809 1430 1842 R.
1446 1809 1478 1842 Ε.
1497 1808 1686 1849 camerario,
1709 1814 1741 1842 et
1760 1808 1863 1842 dictae
1883 1809 1988 1843 Came-

1251 1873 1305 1896 rae
1322 1862 1534 1903 thesaurario,
1562 1861 1696 1902 clericis,
1717 1861 1986 1906 praesidentibus,

1252 1915 1485 1956 commissario,
1498 1926 1557 1949 nec
1570 1925 1634 1949 non
1648 1925 1796 1949 annonae
1809 1916 1990 1960 praesectis,

1251 1981 1288 2003 ac
1304 1969 1516 2014 pedagiorum
1530 1996 1538 2010 ‚
1562 1968 1736 2010 datiorum,
1760 1969 1962 2012 vectigalium
1978 1997 1987 2012 ,

1252 2024 1463 2067 gabellarum,
1491 2022 1710 2065 angariarum,
1731 2022 1987 2066 bullettinorum,

1252 2077 1463 2115 decimarum,
1473 2076 1641 2115 talearum,
1650 2081 1794 2109 taxarum
1807 2081 1838 2109 et
1850 2075 1989 2110 aliorum

1253 2140 1387 2163 onerum
1402 2140 1439 2162 ac
1451 2129 1670 2162 subsidiorum
1685 2128 1925 2173 praedictorum
1940 2140 1992 2174 ap-

1252 2183 1476 2227 patratoribus,
1500 2181 1987 2225 dohaneriis‚vice-dohane1·iis‚

1253 2235 1456 2270 exactoribus
1470 2262 1477 2276 ,
1509 2234 1653 2268 datiariis
1673 2240 1704 2268 et
1723 2234 1889 2278 quibusvis
1919 2235 1990 2270 aliis

1253 2289 1399 2335 personis
1410 2289 1642 2333 cuiuscumque
1659 2293 1770 2329 status,
1790 2289 1920 2331 gradus,
1943 2299 1991 2323 or-

1254 2344 1348 2385 dinis,
1374 2342 1567 2377 conditionis
1585 2348 1616 2376 et
1630 2341 1904 2386 praeeminentiae
1931 2342 1992 2376 exi-

1253 2397 1430 2437 stentibus,
1453 2407 1490 2430 ac
1517 2406 1722 2441 quacumque
1747 2395 1938 2431 auctoritate
1961 2402 1993 2431 et

1254 2456 1412 2496 potestate
1426 2451 1643 2494 fungentibus,
1659 2461 1699 2484 ne
1710 2460 1992 2494 quorumcumque

1255 2504 1518 2550 privilegiorum,
1547 2503 1745 2537 indultorum
1768 2503 1813 2536 eis
1832 2503 1892 2536 sub
1920 2502 1991 2548 qui-

1255 2559 1363 2593 busvis
1391 2557 1555 2592 tenoribus
1576 2562 1606 2591 et
1625 2556 1736 2590 formis
1763 2566 1991 2591 concessorum

1255 2618 1286 2647 et
1305 2612 1606 2653 concedendorurn‚
1629 2621 1684 2645 seu
1706 2610 1802 2645 etiam
1830 2620 1989 2651 annonae,

1254 2676 1308 2700 seu
1323 2664 1549 2706 abundantiae,
1566 2669 1621 2698 aut
1633 2663 1770 2698 cuiusvis
1784 2663 1990 2705 necessitatis,

2028 381 2126 410 illiusque
2141 388 2176 402 co-
