2227 3241
42 238 92 268 An.
103 239 132 267 C.
155 238 222 266 1601

68 621 156 644 scutulis
173 626 223 641 eou-

43 648 224 678 trainebedientes

41 681 122 703 poenis.

67 1100 177 1123 clausulae
187 1105 225 1127 pro

42 1131 146 1156 perpetua
188 1129 225 1148 liu-

43 1157 99 1176 iusee
126 1155 226 1175 cunstitu-

43 1182 104 1203 tionis
121 1181 225 1202 firmitate.

855 240 999 265 CLEMENS
1022 241 1079 265 VIII
1100 242 1150 265 ΡΡ.

237 286 388 331 spective,
413 293 446 321 ut
464 288 656 332 praefertur,
679 287 871 322 durantibus
891 298 979 321 com-

1059 290 1075 331 ξ
1101 288 1131 322 9.
1148 288 1306 328 Quocirca
1327 287 1503 322 venerabili
1524 287 1615 320 fratri
1632 286 1757 320 archie-

238 340 482 383 mittendorum,
497 352 530 375 se
544 341 771 382 intromittere,
784 352 843 376 nec
856 341 980 385 aliquos
1014 341 1147 385 piscopo
1173 341 1381 375 Ulixbonensi
1406 352 1442 374 ac
1463 340 1587 375 dilectis
1613 340 1688 373 filiis
1708 341 1758 373 In-

238 394 278 427 ad
291 394 595 437 testificandum‚vel
607 396 836 436 accusandum,
857 405 913 429 seu
931 395 982 428 de·
1015 395 1162 439 quisitori
1177 395 1321 438 generali
1341 401 1453 429 contra
1467 394 1663 428 haereticam
1681 404 1758 438 pra-

237 448 458 483 nunciandum
472 449 693 491 inducere,vel
707 450 982 494 illossuperprae-
1015 448 1145 481 vitatem
1163 448 1194 481 in
1216 449 1337 482 eisdem
1366 448 1493 491 regnis,
1527 458 1655 482 necnon
1686 458 1759 492 spo-

226 501 342 536 'missis
355 502 432 537 alias
444 503 616 537 molestare
629 513 761 547 quoquo
775 503 873 536 modo
887 503 982 536 aude-

238 561 292 589 ant
302 566 358 590 seu
371 562 586 601 praesumant.
597 557 642 590 Ac
651 556 860 590 decernentes
871 567 982 590 omnes

239 615 270 643 et
289 609 432 653 singulos
444 610 476 642 in
492 609 676 654 praemissis
689 609 923 652 inobedientes,
933 611 981 643 rel

238 664 526 705 contravenientes,
536 664 664 697 easdem
679 664 863 705 sententias,
873 674 982 697 censu-

239 727 290 750 ras
302 722 333 750 et
345 727 465 761 poenas
480 727 519 750 eo
533 717 602 761 ipso
620 717 798 758 incurrere,
816 722 847 750 et
859 717 981 751 benefi-

237 770 286 803 cia
304 781 363 814 per
387 780 440 803 eos
458 770 588 804 obtenta
612 781 733 813 vacare,
749 776 779 804 et
798 781 816 804 a
836 771 928 804 nobis
953 776 982 804 et

236 833 254 856 a
278 822 443 866 quibusvis
463 823 594 857 illorum
617 823 788 857 ordinariis
813 824 979 857 collatori-

235 876 295 910 bus
314 876 481 921 impetrari
500 883 530 911 et
554 877 695 911 conferri
712 887 817 922 posse,
835 877 982 922 ipsasque

238 930 489 975 impetrationes,
505 931 692 965 collationes
717 936 749 965 et
779 931 857 965 alias
875 931 983 975 dispo-

238 984 370 1018 sitiones
399 984 544 1029 alioquin
568 985 711 1028 legitime
739 986 835 1019 saetas
861 986 979 1027 valere,

239 1038 433 1083 plenamque
458 1038 585 1072 roboris
607 1039 792 1072 firmitatem
822 1039 979 1080 obtinere;

286 1095 302 1135 g
324 1092 354 1126 8.
379 1094 423 1126 Ac
445 1093 574 1126 easdem
591 1099 778 1137 praesentes
799 1092 922 1126 litteras
943 1094 982 1127 de

240 1146 459 1191 subreptionis
487 1146 537 1179 vel
567 1146 768 1190 obreptionis
800 1146 897 1187 vitio,
926 1158 982 1180 seu

241 1199 429 1233 intentionis
449 1205 578 1233 nostrae
599 1200 727 1233 defectu
741 1200 847 1234 notari
861 1200 909 1234 vel
924 1200 982 1233 im-

241 1254 379 1298 pugnari
404 1264 469 1287 non
493 1263 608 1297 posse,
637 1263 696 1286 nec
728 1253 786 1286 sub
817 1253 983 1297 quibusvis

242 1307 512 1348 revocationibus,
529 1307 834 1347 modificationiluis‚
859 1307 980 1340 limita-

243 1360 983 1405 tionibusetsuspensionibusquarumcumque

242 1414 397 1448 similium
419 1414 467 1447 vel
493 1414 695 1447 dissimilium
722 1414 918 1455 litterarum,
947 1425 982 1447 ac

243 1468 338 1502 etlam
363 1478 422 1512 per
445 1477 504 1501 nos
528 1473 558 1501 et
582 1467 697 1501 Sedem
723 1468 871 1500 eamdem
894 1468 984 1501 saetis

243 1528 274 1556 et
289 1521 454 1562 faciendis,
474 1521 635 1555 ullatenus
655 1521 900 1565 comprehendi,
928 1522 983 1555 sed

243 1576 282 1609 ab
304 1575 366 1608 illis
386 1585 514 1619 semper
535 1580 682 1619 exceptas
707 1585 786 1615 esse,
806 1580 837 1608 ct
857 1575 984 1619 quoties

242 1635 410 1664 revocatae
430 1630 478 1663 vel
503 1629 660 1662 limitatae
680 1629 809 1670 fuerint,
835 1629 926 1663 toties
951 1629 982 1662 in

243 1683 414 1728 pristinum
440 1688 471 1716 et
496 1693 569 1716 eum
586 1710 593 1723 ,
617 1682 648 1715 in
674 1692 738 1726 quo
764 1682 795 1715 in
822 1682 982 1726 praesenti

244 1737 394 1778 existunt,
415 1742 532 1770 statum
558 1736 721 1770 restitutas
746 1742 776 1769 et
800 1736 980 1778 reintegra-

245 1797 291 1825 tas
311 1791 457 1831 existere;
481 1801 609 1825 necnon
630 1791 758 1824 illorum
775 1790 984 1834 transuml‘itis

244 1856 342 1879 manu
355 1844 473 1879 notarii
490 1844 611 1888 publici
628 1843 816 1888 subscriptis
837 1844 983 1878 eamdem

243 1910 387 1944 prorsus,
412 1904 476 1932 tam
510 1898 541 1931 in
571 1898 692 1931 iudicio
720 1908 815 1942 quam
838 1903 925 1931 extra
949 1898 986 1930 il-

246 1953 312 1993 lud,
337 1952 433 1985 tidem
460 1951 608 1984 adbiberi
634 1951 772 1991 debere,
801 1961 883 1994 quae
910 1951 985 1995 ipsis

245 2005 468 2050 praesentibus
489 2004 709 2041 adhiberetur,
727 2004 752 2037 si
777 2005 882 2037 forent
899 2005 986 2038 exbi-

247 2060 332 2093 bitac
353 2059 402 2092 vel
422 2064 586 2098 ostensam
611 2058 721 2101 sicque
744 2058 774 2090 in
799 2059 985 2102 praemissis

246 2113 399 2147 omnibus
423 2123 482 2156 per
504 2112 687 2156 praedictos
712 2118 741 2145 et
762 2122 985 2156 quoscumque

247 2167 327 2201 alios
340 2166 549 2210 Inquisitores
562 2171 591 2199 et
606 2165 727 2198 iudices
748 2165 842 2198 etiam
856 2167 886 2199 S.
898 2167 932 2199 u.
948 2166 981 2199 E.

247 2221 427 2255 cardinales
458 2221 489 2253 in
521 2230 726 2264 quaerunque
766 2219 914 2252 instantia
956 2225 986 2253 et

249 2275 367 2309 iudicio
388 2284 495 2307 eoram
518 2273 574 2313 eis,
603 2272 698 2305 etiam
721 2282 806 2304 nunc
831 2278 862 2305 et
883 2272 913 2305 in
941 2274 986 2305 su-

249 2334 356 2362 turum
379 2327 551 2371 pendente,
568 2326 714 2366 iudicari,
742 2326 930 2358 ¹seutentiari
957 2332 987 2359 et

248 2381 375 2415 deliniri
389 2381 522 2420 debere,
543 2380 667 2413 sublata
688 2379 733 2412 eis
751 2384 906 2412 eteorum
921 2379 987 2412 cui-

249 2435 328 2468 libet
347 2434 457 2478 quavis
475 2434 567 2467 aliter
582 2432 755 2473 iudicandi,
773 2432 986 2465 sententiandi

250 2494 280 2522 ct
292 2487 466 2522 definiendi
485 2488 645 2526 facultate,
660 2497 696 2520 ac
709 2486 835 2519 irritum
848 2492 878 2519 et
893 2486 987 2519 inane

251 2541 410 2586 quidquid
442 2552 533 2574 secus
561 2552 658 2585 super
682 2541 731 2573 liis
756 2552 772 2573 a
798 2551 983 2584 quoquam,

1016 502 1135 536 liorum
1167 509 1199 536 et
1228 502 1348 536 iurium
1378 503 1529 536 Camerae
1555 502 1759 546 Apostolieae

1017 557 1201 590 debitorum
1220 557 1252 589 in
1274 556 1366 590 dictis
1386 557 1494 599 regnis
1516 556 1682 590 collectori
1704 567 1758 599 ‹ge-

1017 610 1130 651 nerali,
1164 620 1222 654 per
1254 615 1441 654 praesentes
1472 610 1704 643 committimus
1730 615 1758 643 et

1017 664 1210 697 mandamus
1235 669 1394 707 quatenus
1419 663 1498 707 ipsi,
1522 663 1571 696 vel
1597 664 1681 703 duo,
1705 670 1759 696 aut

1017 727 1100 750 unus
1118 727 1229 750 eorum
1250 727 1308 760 per
1327 727 1371 756 se,
1401 717 1449 750 rel
1464 716 1574 755 alium,
1595 727 1650 750 seu
1665 717 1756 757 alios,

1018 770 1146 804 easdem
1170 776 1368 813 praesentes,
1389 780 1448 814 pro
1466 770 1581 803 maiori
1601 771 1760 814 praefato-

1017 834 1088 856 rum
1103 822 1228 864 notitia,
1251 828 1281 856 et
1301 823 1333 856 in
1355 823 1400 856 eis
1418 828 1568 857 contenta
1585 835 1759 867 quaecum-

1016 887 1099 921 que,
1135 877 1189 910 ubi
1221 882 1252 910 et
1286 877 1417 921 quando
1450 888 1486 910 ac
1519 878 1644 921 quoties
1677 888 1758 922 opus

1017 931 1124 972 suerit,
1152 931 1367 975 publicantes,
1392 937 1423 964 et
1447 931 1479 963 iu
1500 931 1687 975 praemissis
1708 932 1755 965 es-

1016 984 1161 1018 ficaciter
1178 985 1371 1026 assistentes,
1391 985 1506 1018 saciant
1524 990 1709 1029 praesentes
1730 990 1761 1018 et

1016 1040 1048 1072 in
1062 1039 1107 1073 eis
1128 1045 1279 1073 contenta
1300 1049 1526 1083 quaecumque
1545 1039 1682 1073 firmiter
1703 1041 1761 1073 ob-

1016 1093 1145 1133 servari,
1164 1104 1200 1127 ac
1213 1093 1366 1135 singulos,
1378 1104 1458 1137 quos
1473 1093 1560 1136 ipsae
1576 1100 1762 1137 praesentes

1017 1153 1227 1187 concernunt,
1245 1147 1374 1179 illorum
1395 1146 1509 1180 effectu
1532 1146 1664 1191 pacifice
1685 1158 1758 1190 gau-

1017 1201 1112 1241 dere;
1135 1210 1202 1233 non
1225 1200 1450 1244 permittentes
1471 1210 1525 1233 eos
1546 1201 1685 1244 desuper
1706 1212 1763 1244 per

1017 1254 1227 1298 Inquisitores
1241 1260 1270 1287 et
1284 1253 1406 1287 iudices
1420 1254 1596 1297 praefatos,
1610 1264 1666 1287 seu
1681 1265 1762 1297 quo-

1016 1318 1173 1351 scumque
1204 1307 1284 1340 alios
1316 1306 1563 1351 quomodolibet
1589 1306 1757 1350 impediri,

1018 1361 1183 1394 molestari
1201 1361 1249 1393 vel
1275 1360 1478 1404 perturbari3
1503 1360 1759 1393 contradictores

1017 1415 1178 1458 quoslibet
1198 1421 1228 1447 et
1248 1414 1384 1447 rebelles
1396 1424 1454 1457 per
1468 1424 1620 1447 censuras
1634 1419 1662 1447 et
1683 1424 1759 1457 poc-

1017 1476 1073 1499 nas
1095 1465 1340 1505 ecclesiasticas,
1357 1470 1388 1498 et
1401 1465 1464 1497 alia
1478 1464 1555 1497 iuris
1574 1471 1758 1508 opportuna

1017 1517 1170 1559 remedia,
1183 1517 1397 1560 appellatione
1415 1515 1604 1560 postposita,
1626 1526 1757 1560 compe-

1016 1572 1148 1613 scendo,
1178 1572 1325 1605 invocato
1350 1571 1445 1605 etiam
1472 1571 1512 1604 ad
1538 1570 1609 1612 boe,
1629 1571 1655 1603 si
1677 1581 1757 1614 opus

1017 1626 1122 1665 suerit,
1147 1625 1266 1658 auxilio
1288 1624 1412 1657 brachii
1430 1624 1615 1658 saecularis.

1062 1678 1148 1721 glo.
1174 1679 1243 1712 Non
1269 1678 1472 1711 obstantibus
1497 1678 1692 1721 praemissis,
1722 1690 1758 1711 ac

1018 1733 1113 1766 etiam
1141 1732 1241 1766 felicis
1266 1732 1501 1765 recordationis
1526 1731 1680 1765 Bonisacii
1703 1733 1758 1765 I‘a-

1018 1798 1077 1831 pae
1098 1787 1173 1827 vlu,
1198 1786 1402 1829 aliorumque
1428 1787 1650 1819 Rornanorum
1677 1786 1760 1818 I'eu-

1020 1841 1142 1873 titieum
1173 1840 1461 1884 praedeeessorum
1494 1844 1701 1876 nostrorum,
1731 1845 1761 1872 et

1018 1895 1088 1928 aliis
1114 1893 1318 1938 apostolicis,
1346 1903 1473 1926 necnon
1500 1893 1531 1925 in
1556 1893 1760 1935 generalibus

1019 1955 1049 1982 et
1073 1948 1326 1992 provincialibus
1359 1953 1387 1980 et
1420 1947 1629 1991 synodalibus
1654 1946 1761 1980 conci-

1020 2002 1069 2035 liis
1100 2002 1215 2043 editis,
1248 2001 1456 2044 generalibus
1488 2001 1536 2033 vel
1567 2000 1761 2044 specialibus

1019 2055 1304 2089 constitutionibus
1326 2060 1356 2087 et
1376 2053 1646 2093 ordinationibus,
1665 2054 1759 2087 etiam

1019 2110 1057 2142 ab
1080 2109 1200 2143 eisdem
1221 2108 1527 2153 praede‹:essoi·iluls
1551 2108 1600 2140 vel
1617 2118 1634 2140 a
1654 2107 1758 2145 nobis,

1020 2164 1113 2197 etiam
1132 2163 1264 2206 pluries,
1286 2161 1453 2201 emanatis,
1481 2161 1606 2203 legibus
1631 2171 1761 2205 quoque

1021 2216 1241 2261 imperialibus
1255 2221 1286 2249 et
1300 2215 1405 2257 regiis,
1419 2226 1476 2248 ner
1492 2225 1554 2248 non
1569 2214 1761 2249 iuramento„

1021 2269 1269 2304 confirmatione
1290 2268 1479 2312 apostoliea,
1503 2268 1550 2300 vel
1572 2267 1683 2310 quavis
1708 2267 1761 2299 tii·-

1022 2324 1130 2357 mitate
1152 2323 1211 2356 alia
1231 2323 1401 2363 roboratis,
1425 2321 1524 2355 officii
1543 2320 1761 2364 Inquisitiouis

1021 2383 1058 2421 et
1076 2377 1298 2417 eeclesiarum,
1322 2382 1353 2408 et
1378 2386 1566 2417 regnorum,
1595 2379 1625 2407 et
1656 2373 1760 2406 ‹lonii-

1021 2430 1148 2463 niorum
1175 2431 1407 2473 praefatorum,
1434 2429 1628 2471 illorumque
1654 2427 1761 2460 cirita-

1022 2491 1088 2518 tum
1119 2490 1149 2517 et
1181 2485 1349 2521 locorum,
1378 2482 1475 2515 etiam
1508 2481 1761 2524 municipalibus

1021 2539 1146 2572 statutis
1183 2544 1211 2571 et
1249 2536 1539 2571 consuettulinibus
1554 2562 1561 2575 ,
1594 2534 1761 2568 sententiis

251 2595 361 2640 quavis
385 2595 589 2635 auctoritate,
609 2595 747 2628 scienter
767 2595 814 2628 vel
838 2594 987 2637 ignoran-
1008 2602 1163 2636 -quoque,
1184 2602 1219 2624 ae
1241 2590 1415 2635 privilegiis
1437 2594 1467 2623 et
1489 2588 1619 2622 indultis
1641 2588 1671 2621 iu
1690 2599 1761 2621 eor-

253 2654 310 2690 ter,
334 2648 505 2691 contigerit
525 2648 686 2681 attentari.

1021 2656 1100 2689 pore
1126 2645 1204 2678 iuris
1235 2644 1372 2685 clausis,
1401 2654 1436 2676 ac
1468 2642 1562 2676 etiam
1593 2642 1625 2675 in
1657 2643 1758 2675 t'ormzl

1664 227 1729 260 1023
1775 236 1825 263 An.
1837 237 1866 263 c.
1887 236 1957 263 1604

1811 298 1958 325 Exequutores

1773 326 1907 353 deputantur.

1809 1694 1919 1715 (Ioulraita
1938 1701 1958 1714 [1-

1773 1727 1829 1741 uuua
1851 1723 1958 1742 tollunttu.
