2227 3241
95 226 143 253 An.
161 226 181 252 c
212 225 279 254 1609
926 228 1047 254 mucs
1073 229 1092 253 v
1116 229 1166 253 pr.
1721 218 1784 253 577

567 274 749 309 cxxxvlii.

292 382 534 424 Confirmantm
556 382 683 415 litterae
703 384 760 416 Pii
787 384 810 415 V
825 388 852 415 cl
880 384 1027 418 Clemen-

337 435 376 467 [ῖς
399 435 490 475 VIII,
508 436 628 479 quibus
643 436 823 469 nonnullae
839 437 926 470 aliae
945 448 1029 470 rere-

335 487 493 520 rabuntur
512 488 714 522 concedentes
728 490 958 522 communitati
977 491 1031 522 Bi-

334 542 490 575 sentinae
518 541 708 584 facultatem
733 543 880 586 eriyemte'
906 543 1030 575 studio-

335 604 408 627 rum
426 595 669 628 mciversitatem
682 596 700 628 ¹.

529 711 638 738 Paulus
660 712 738 745 Papa
759 713 789 746 V,

412 765 448 792 ad
468 768 644 800 perpetuam
664 766 709 794 rei
729 768 909 794 memoriam.

88 866 212 914 mfflgtsssgl'
228 866 273 913 Ἣ
333 866 348 906 ἓ
375 864 400 896 l.
425 864 610 908 Expositum
640 864 732 898 nobis
760 875 865 908 nuper
887 866 944 899 suit
966 876 1027 900 no-

87 910 191 972 zgssffip
220 921 271 945 aar*
288 917 375 950 mine
396 917 589 951 dilectorum
609 917 750 951 liliorum
771 918 888 952 nobilis
907 918 964 952 viri
983 920 1030 953 Al-

288 970 369 1004 berti
399 970 580 1004 archiducis
606 971 774 1012 Ausfflae,
807 983 843 1005 ac
869 973 1025 1014 rectoris,

289 1023 516 1067 magistrorum
539 1031 569 1058 et
589 1025 785 1059 scholarium
812 1027 1028 1060 universitatis

286 1077 385 1110 studii
406 1077 563 1120 generalis
578 1106 585 1119 ‚
607 1089 665 1111 nec
684 1090 747 1112 non
771 1079 901 1113 maioris
920 1080 1024 1113 scabi-

285 1141 426 1171 norum,
451 1136 483 1164 et
503 1132 626 1165 consilii
649 1132 759 1176 oppidi
781 1133 877 1166 Dolac
910 1133 1024 1167 [lisun-

286 1184 371 1218 tinae
400 1185 578 1225 dioecesis,
608 1187 706 1230 quod,
729 1198 800 1219 cum
823 1187 900 1220 alias
928 1188 1027 1222 felicis

284 1239 517 1273 recordationis
547 1240 619 1273 l'ius
642 1241 723 1284 Papa
744 1242 776 1282 Y,
801 1242 1028 1284 praedecessor

283 1298 410 1335 noster,
432 1293 556 1327 dilectis
574 1294 647 1327 liliis
668 1296 871 1329 solutioribus
893 1297 1027 1330 civitatis

284 1345 491 1387 Bisuntinae‚
524 1357 637 1380 eorum
669 1354 742 1382 tunc
769 1349 829 1382 sibi
861 1350 1027 1384 humiliter

284 1401 442 1444 porrectis
460 1401 752 1445 supplicationibus
774 1403 944 1437 inclinatus
963 1433 969 1444 ,
995 1412 1027 1439 ut

285 1455 316 1488 in
335 1454 419 1489 dicta
438 1455 573 1497 civitate,
589 1462 617 1488 et
632 1456 704 1489 loco
718 1457 757 1489 ad
778 1457 806 1490 id
823 1459 1025 1492 convenienti

283 1516 314 1542 et
334 1515 418 1553 apto,
444 1519 544 1542 unum
567 1509 739 1552 collegium
759 1511 968 1553 scholarium,
994 1513 1023 1545 in

283 1573 348 1606 quo
368 1563 493 1606 aliquot
513 1569 757 1607 praeceptores,
778 1576 833 1598 seu
855 1566 1022 1607 doctores,

282 1616 337 1660 qui
356 1615 434 1649 inibi
456 1616 585 1660 publice
609 1616 815 1660 theologiam,
841 1625 871 1652 et
891 1619 939 1652 ius
962 1626 1023 1653 tam

281 1670 373 1704 civile
395 1681 490 1714 quam
510 1671 714 1712 canonicum,
733 1683 769 1705 ac
786 1672 1023 1718 philosophiam

281 1730 313 1757 et
332 1723 524 1757 medicinam
546 1724 777 1768 profiterentur
800 1736 836 1759 ac
857 1727 1021 1768 docerent,

281 1777 341 1810 suh
367 1777 461 1811 certis
480 1778 576 1811 modo
598 1784 625 1811 ct
650 1778 751 1811 forma
774 1785 848 1813 tunc
869 1782 1025 1825 expressis

281 1832 427 1875 erigendi
445 1837 477 1865 et
495 1831 681 1867 instituendi
701 1834 884 1868 facultatem
900 1846 1025 1871 conces-

281 1885 389 1925 sisset3
958 1919 963 1924 .

82 1933 267 1983 dmssgss'fflssgl‘ffll
327 1941 343 1982 g
365 1938 395 1972 2.
419 1941 488 1983 lpse
518 1940 747 1984 praedecessor
774 1941 912 1976 subinde
928 1971 935 1983 ,
968 1955 1024 1988 per

82 1989 265 2040 {2'J;1,f2‘}',?‡³¹'¹¹
281 2004 356 2027 eum
379 1993 540 2026 vicinitate
564 1993 780 2028 universitatis
802 1996 898 2029 studii
920 2008 1020 2039 gene-

281 2046 358 2080 ralis
375 2046 486 2091 oppidi
508 2047 616 2088 Dolae,
638 2048 723 2091 quod
745 2059 763 2082 a
788 2049 873 2083 dicta
898 2050 1022 2084 civitate

281 2107 354 2135 octo
376 2101 483 2135 leucas
498 2129 505 2141 ,
529 2102 600 2145 plus
619 2102 784 2143 minusve,
810 2103 969 2145 distabat,
994 2112 1023 2139 et

280 2161 377 2200 prout
393 2156 556 2196 asseritur,
575 2156 682 2197 distat,
704 2157 876 2199 intellecta,
894 2170 1023 2194 conces-

279 2210 404 2244 sionem
426 2209 623 2254 praedictam
652 2221 687 2244 ac
717 2211 826 2244 omnia
848 2218 875 2245 et
898 2213 1023 2256 singula

280 2264 311 2297 in
343 2263 457 2298 litteris
484 2264 622 2308 desuper
649 2265 801 2299 consectis
838 2272 892 2299 aut
917 2269 1019 2300 conli-

279 2318 403 2353 eiendis
428 2324 579 2352 contenta
609 2320 790 2360 revocavit⁷
829 2321 962 2355 cassavit
993 2329 1023 2356 et

279 2372 473 2413 annullavit,
494 2378 590 2416 prout
608 2372 639 2405 iu
662 2372 804 2406 eiusdem
828 2374 871 2407 l‘ii
892 2375 913 2407 Υ
930 2386 1022 2419 prae-

280 2425 457 2459 decessoris
477 2436 574 2470 super
596 2427 820 2468 revocatione,
845 2429 1022 2464 cassatione

279 2486 310 2513 et
331 2479 551 2513 annullatione
573 2479 757 2513 huiusmodi
781 2481 811 2514 in
833 2481 928 2515 simili
948 2484 1022 2516 Bre-

279 2533 325 2567 vis
347 2534 449 2567 forma
471 2533 624 2578 expeditis
646 2534 759 2568 litteris
779 2536 899 2570 tenoris
917 2537 1022 2572 subse-

279 2587 406 2631 quentis
426 2587 611 2622 continetur
627 2600 632 2621 ;

319 2650 325 2676 l
348 2649 384 2676 Ex
400 2650 504 2686 Regest.
523 2651 547 2678 in
562 2652 663 2679 secret.
682 2652 814 2680 Breiiuui.

333 2703 412 2730 Ball.
430 2704 512 2731 Ιῖουι.
582 2705 645 2732 Voti
664 2706 716 2732 XI.
885 2707 916 2733 73

1111 277 1192 309 Pius
1216 278 1309 320 Papa
1341 276 1365 309 V
1385 276 1426 309 ad
1443 277 1589 319 futuram
1618 277 1666 309 rei
1689 287 1809 310 memo-

1068 330 1163 362 rium.
1179 330 1241 362 Etsi
1258 330 1296 362 ab
1310 329 1490 373 Apostolica
1502 329 1582 363 Sede
1595 330 1647 373 (ad
1662 340 1758 374 quam
1773 331 1813 364 de

1067 382 1199 415 diversis
1215 383 1325 416 mundi
1345 382 1489 426 partibus
1509 384 1714 425 negotiorum
1734 385 1812 418 mul-

1069 436 1171 469 titudo
1192 436 1358 479 confluit),
1377 437 1461 469 curis
1480 437 1631 470 continue
1653 438 1749 481 plena
1768 437 1812 470 in-

1067 490 1220 530 numeris,
1239 491 1395 523 nonnulla
1415 491 1576 524 interdum
1596 502 1631 524 ex
1649 491 1810 535 aliquibus

1067 543 1170 575 causis
1199 553 1257 586 per
1284 544 1524 587 opportunam¹
1550 545 1730 588 petentium
1757 545 1807 578 in-

1067 596 1214 628 stantiam
1241 597 1473 636 concedantur,
1498 607 1562 630 non
1584 598 1679 631 debet
1699 609 1810 642 repre-

1067 649 1223 682 hensibile
1243 649 1354 690 videri⁷
1372 649 1396 682 si
1416 649 1579 684 Romanus
1598 651 1752 693 PontifeX,
1770 653 1810 686 ad

1067 703 1157 736 cuius
1178 703 1414 748 providentiam
1436 714 1495 747 pro
1514 704 1623 738 debito
1640 707 1809 749 pastoralis

1067 756 1164 790 officii
1183 763 1316 801 spectat,
1338 758 1535 802 quandoque
1552 769 1610 802 per
1631 770 1704 792 eum
1726 770 1805 794 con,-

1066 820 1173 850 cessa,
1198 810 1446 844 rationabilibus
1472 817 1500 844 et
1523 822 1540 844 a
1561 811 1629 845 iure
1658 822 1723 846 non
1747 813 1805 846 de-

1067 864 1226 898 viantibus
1264 864 1367 898 causis
1405 865 1563 899 maturius
1595 871 1625 899 et
1657 867 1808 901 attentius

1065 917 1182 955 deinde
1221 918 1380 961 cognitis,
1419 925 1548 952 revocat
1577 925 1608 952 et
1638 920 1803 954 annullat:

1063 971 1252 1015 praesertim
1275 982 1348 1004 cum
1367 971 1517 1005 scandala
1532 971 1605 1006 inde
1623 972 1700 1006 oriri
1714 983 1808 1017 posse

1064 1025 1247 1067 cognoscit,
1272 1036 1326 1065 ac,
1344 1036 1453 1059 rerum
1475 1032 1506 1060 et
1526 1032 1710 1070 temporum
1729 1038 1807 1071 qua-

1064 1077 1151 1111 litate
1181 1078 1347 1122 pensata2,
1369 1079 1400 1112 id
1429 1079 1461 1112 in
1488 1079 1625 1113 Domino
1651 1080 1807 1125 conspicit

1062 1130 1235 1164 salubriter
1249 1131 1410 1176 expedire.
1432 1132 1514 1166 Sane
1532 1144 1604 1166 cum
1621 1133 1804 1178 (postquam

1063 1195 1120 1218 nos
1141 1196 1265 1229 nuper,
1290 1186 1482 1219 dilectorum
1502 1186 1645 1221 filiorum
1672 1194 1802 1222 senato—

1063 1250 1132 1273 rum
1153 1239 1288 1273 cix-itatis
1308 1240 1493 1274 bisuntinae
1513 1242 1805 1286 supplicationibus

1064 1293 1217 1331 inclinati,
1239 1290 1357 1327 eisdem
1379 1294 1594 1336 senatoribus,
1615 1302 1648 1329 ut
1667 1296 1699 1329 in
1720 1296 1804 1330 dicta

1062 1347 1196 1388 civitate,
1211 1359 1246 1380 ac
1262 1348 1332 1381 loco
1348 1348 1387 1381 ad
1407 1348 1437 1381 id
1456 1349 1660 1382 convenienti
1675 1356 1704 1384 et
1719 1357 1803 1395 apto,

1063 1411 1161 1434 unum
1189 1402 1360 1444 collegium
1391 1402 1588 1436 scholarium
1609 1415 1683 1437 cum
1704 1405 1779 1439 dote
1794 1434 1801 1447 ‚

1061 1455 1211 1495 ecclesia,
1236 1456 1282 1489 vel
1305 1456 1466 1500 cappella,
1492 1457 1523 1490 in
1545 1468 1609 1501 qua
1633 1458 1748 1492 missae
1773 1465 1803 1494 et

1060 1509 1122 1542 alia
1148 1509 1255 1542 divina
1281 1510 1386 1543 officia
1408 1510 1641 1553 celebrantia-³,
1657 1522 1693 1546 ac
1714 1518 1800 1546 stru-

1060 1562 1175 1603 cturisy>
1190 1563 1355 1604 aediliciis,
1381 1565 1516 1598 cameris
1538 1571 1568 1599 et
1586 1566 1665 1600 locis
1683 1572 1713 1601 et
1730 1568 1803 1602 dote

1059 1616 1155 1649 simili
1179 1618 1316 1660 collegio
1345 1619 1611 1654 convenientibus
1632 1631 1668 1654 ac
1694 1631 1803 1656 neces-

1059 1671 1151 1704 sariis
1166 1698 1173 1711 ,
1196 1671 1226 1704 in
1249 1682 1314 1716 quo
1335 1672 1458 1717 aliquot
1476 1680 1702 1719 praeceptores
1716 1703 1724 1716 ,
1747 1687 1803 1711 seu

1060 1726 1228 1767 doctores,
1258 1726 1312 1770 qui
1331 1726 1409 1760 inibi
1430 1727 1560 1771 publice
1582 1728 1799 1773 theologiam,

1060 1785 1090 1813 et
1117 1779 1165 1813 ius
1191 1785 1253 1812 tam
1285 1780 1376 1814 civile
1402 1791 1500 1825 quam
1522 1783 1738 1825 canonicum,
1767 1796 1803 1818 ac

1059 1833 1298 1877 philosophiam
1315 1840 1345 1868 et
1359 1834 1554 1868 medicinam
1571 1836 1803 1880 profiterentur

1059 1892 1088 1920 ct
1114 1887 1292 1927 docerent,
1315 1882 1373 1921 sub
1400 1888 1495 1921 certis
1522 1889 1619 1923 modo
1640 1895 1671 1923 et
1699 1891 1802 1925 forma

1060 1946 1135 1974 tunc
1156 1942 1325 1985 expressis,
1345 1942 1471 1986 erigere
1492 1949 1522 1976 et
1542 1943 1709 1979 instituere
1726 1956 1801 1990 pos-

1058 2001 1148 2037 sent,
1176 1996 1367 2037 facultatem,
1396 1997 1572 2040 apostolica
1598 2000 1798 2041 auctoritate,

1059 2059 1342 2091 concessemums,
1374 2060 1430 2083 seu
1460 2052 1594 2086 concedi
1624 2053 1801 2087 indulsera-

1059 2104 1150 2145 mus')
1177 2103 1430 2138 intellexerimus
1458 2105 1490 2139 in
1519 2106 1640 2150 oppido
1672 2108 1798 2141 Doleusi

1057 2156 1242 2200 provinciae
1263 2158 1466 2200 burgundiae
1493 2159 1650 2202 insignem
1673 2167 1702 2194 ct
1719 2162 1798 2195 anti-

1058 2223 1154 2256 quam
1181 2213 1421 2247 universitatem
1444 2215 1541 2249 studii
1566 2217 1725 2258 generalis
1743 2217 1799 2257 (in

1057 2277 1120 2310 qua
1137 2277 1202 2300 non
1220 2269 1324 2314 solum
1342 2269 1552 2311 grammatica
1574 2276 1601 2303 et
1627 2270 1797 2312 rethorica,

1057 2330 1167 2354 verum
1186 2320 1282 2354 ctiam
1301 2322 1414 2365 logica,
1432 2323 1636 2367 philosophia
1659 2330 1688 2357 et
1711 2324 1798 2357 theo-

1058 2374 1152 2417 logia,
1170 2385 1347 2419 omnesque
1364 2376 1444 2409 aliae
1467 2377 1631 2410 facultates
1649 2388 1684 2410 ac
1703 2388 1798 2412 cano—

1056 2429 1162 2462 nicum
1182 2436 1209 2462 et
1230 2429 1321 2463 civile
1336 2429 1384 2464 ius
1399 2430 1582 2463 huiusmodi
1602 2431 1752 2471 leguntur
1768 2438 1794 2465 et

1058 2482 1320 2527 interpretantiu,
1339 2490 1367 2516 et
1387 2484 1417 2516 in
1432 2487 1466 2516 ca
1483 2485 1690 2528 quamplures
1711 2496 1797 2525 eure—

1095 2565 1101 2590 1
1125 2565 1250 2599 Suspicor
1266 2564 1408 2599 legendum
1421 2572 1480 2591 csse
1492 2564 1689 2599 importunam
1705 2568 1794 2601 (aaz).

1090 2610 1105 2635 2
1126 2608 1195 2636 Edit.
1214 2608 1290 2635 Μαίη,
1310 2609 1389 2635 habet
1402 2609 1532 2642 pensatis
1547 2612 1586 2643 (u.
1604 2611 1651 2642 T.).

1090 2654 1105 2681 ‘31
1127 2653 1227 2681 Forsan
1246 2653 1386 2689 legendum
1403 2654 1615 2682 celebrarentur
1628 2662 1664 2690 ku.
1683 2656 1729 2689 τ.ζ..

1832 230 1922 256 Aac.
1947 230 2014 258 161129

1847 444 1904 467 [tuae
1921 445 2012 465 reserun-

1827 473 1866 491 uu,
