2227 3241
252 288 300 315 An.
319 288 346 314 c.
370 287 437 314 1610
483 278 545 311 638

287 1630 405 1651 Exordium.

409 1859 414 1864 .
462 1831 841 1874 posuitsuperlmmeros
859 1840 942 1871 suos„
961 1836 1023 1863 tam
1046 1830 1202 1863 maxime‘Z

307 2214 348 2235 Pro
366 2218 451 2234 conver-

268 2241 326 2261 sione
346 2241 451 2262 Peruano-

1021 287 1201 311 nttnLtHALM

452 343 543 377 esset,
556 336 616 368 illis
630 336 707 368 alias
720 336 749 367 in
762 346 819 368 suo
834 335 949 368 robore
963 335 1191 378 permansuris,

453 389 511 421 hac
534 389 598 422 vice
620 389 782 421 dumtaxat
800 388 915 421 harum
937 389 1018 422 serie
1043 388 1190 432 speciali-

454 448 500 474 ter
529 448 557 474 et
587 452 732 485 expresse
763 442 966 484 derogamus,
991 442 1190 485 caeterisque

453 495 620 527 contrariis
641 495 908 539 quibust-umque.
942 519 953 529 .-
1207 492 1208 498 ¹

498 547 555 589 {5
575 548 726 580 Volumus
741 554 859 587 autem,
877 550 974 592 quod,
998 549 1027 581 in
1043 555 1189 582 eventum
1207 544 1209 559 ³

455 600 684 644 redemptionis
713 602 796 633 furni
824 607 851 635 et
882 602 980 635 cellae
1011 602 1192 646 praedicto-

455 664 536 693 rum,
562 654 697 698 pretium
720 666 755 688 ex
776 655 847 688 indt¹
866 656 1057 699 proveniens
1077 656 1108 688 in
1127 666 1192 688 em-

454 707 594 750 ptionem
621 708 778 741 bonorum
805 709 967 742 stabilium
995 720 1052 752 pro
1075 719 1188 742 mona-

454 761 549 793 sterio
581 761 724 794 eiusdem
751 761 878 795 Ordinis
910 763 1039 795 realiter
1064 769 1090 795 et
1118 772 1190 796 cum

454 813 567 847 effectu
586 815 680 847 unico
701 820 848 848 contextu
870 821 1081 849 convertatur.

498 867 610 900 Datum
630 868 749 901 Romae
771 869 854 912 apud
871 874 1015 901 sanetum
1038 869 1188 908 Marcum,

455 931 538 953 anno
560 921 788 954 incarnationis
818 922 999 955 Dominicae
1027 932 1111 955 Mncx
1139 923 1192 954 ka-

456 974 556 1007 lendis
566 975 717 1015 octobris,
731 975 935 1019 pontificatus
944 975 1043 1008 nostri
1053 985 1137 1008 anno
1148 986 1187 1009 vi.

492 1027 547 1054 Dat.
566 1028 608 1055 die
632 1031 640 1055 1
664 1029 782 1056 octobris
805 1029 882 1061 1610,
905 1029 996 1064 pontif.
1020 1037 1062 1056 an.
1085 1036 1119 1055 vt.

776 1163 871 1196 CLXI.

457 1243 641 1276 lubitaeum
660 1254 719 1288 pro
735 1243 842 1276 [nattis
855 1244 1018 1276 Perttam's
1034 1244 1076 1276 ad
1093 1244 1193 1287 impe-

501 1296 651 1329 trandam
676 1297 913 1330 conversionem
933 1297 1136 1329 ethnicorum
1148 1295 1166 1328 ¹.

700 1378 810 1404 Paulus
831 1378 909 1411 Papa
929 1378 961 1409 V,

458 1422 612 1449 universis
638 1422 887 1449 christifidelibus
913 1422 943 1448 in
967 1422 1068 1456 regnis
1085 1425 1116 1449 et
1131 1429 1196 1456 pro-

492 1466 599 1494 vinciis
623 1467 766 1494 Peruanis
787 1467 938 1493 Indiarum
959 1467 1196 1494 occidentalium

493 1514 668 1544 praesentes
681 1511 796 1538 litteras
813 1511 1006 1545 inspecturis,
1023 1512 1151 1539 salutem
1167 1514 1198 1538 et

495 1556 690 1589 apostolicam
705 1556 955 1583 benedictionem.

504 1617 642 1651 Pastoris
667 1617 787 1650 aeterni
814 1617 896 1650 vices
921 1628 1115 1661 quamquam
1142 1618 1200 1650 im-

462 1671 568 1704 meriti
587 1676 732 1713 gerentes
750 1670 781 1702 in
803 1670 906 1711 terris,
925 1670 990 1714 qui,
1015 1670 1130 1704 relictis
1144 1681 1200 1703 no-

462 1724 591 1766 naginta
620 1735 733 1757 novem
766 1724 877 1757 ovibus
899 1724 928 1756 in
954 1724 1092 1765 deserto,
1116 1724 1202 1757 venit

463 1788 620 1822 quaerere
631 1788 728 1811 unam
748 1788 830 1822 quae
848 1778 984 1819 errabat,
1001 1784 1027 1811 et
1041 1778 1199 1811 inventam

462 1891 588 1927 gratum
613 1884 656 1917 illi
675 1884 864 1928 obsequium
887 1890 1049 1928 praestare
1066 1894 1129 1917 non
1146 1885 1203 1917 du-

463 1938 623 1977 bitamus,
641 1948 713 1971 eum
740 1938 780 1970 ad
809 1937 877 1971 eius
905 1937 986 1970 ovile
1017 1937 1203 1971 aberrantes

464 2002 538 2025 oves
558 1993 714 2026 reducere
739 1992 827 2024 omni
842 1992 1056 2025 sollicitudine
1080 2002 1199 2036 procu-

466 2056 585 2086 ramus,
599 2051 694 2089 atque
712 2045 806 2078 huius
821 2045 865 2078 rei
881 2045 982 2088 gratia
998 2046 1036 2079 de
1051 2045 1203 2079 ecclesiae

465 2111 540 2133 suae
562 2100 728 2140 thesauris,
745 2106 872 2133 nostrae
893 2099 1023 2133 creditis
1043 2100 1205 2144 dispensa-

467 2154 556 2195 tioni,
576 2153 750 2187 liberaliter
767 2163 947 2196 erogamus.

512 2209 528 2249 ξ
550 2207 579 2240 l.
604 2208 696 2248 Sane,
717 2207 796 2240 sieut
817 2217 880 2239 non
899 2207 967 2239 sine
988 2207 1086 2239 animi
1105 2206 1204 2240 nostri

468 2261 579 2294 dolore
596 2260 789 2304 accepimus,
806 2260 880 2293 lieet
898 2260 927 2292 in
942 2260 1038 2293 Intliis
1052 2260 1206 2294 Occiden-

470 2315 584 2348 talibus
610 2314 729 2348 iamdiu
751 2314 780 2347 in
803 2315 999 2348 abundantia
1022 2315 1204 2348 misericor—

468 2369 538 2403 diae
559 2380 633 2403 suae
658 2376 769 2403 notum
796 2369 867 2402 fecit
891 2369 1044 2402 Dominus
1068 2369 1206 2402 salutare

468 2434 560 2456 suum
583 2429 613 2457 et
633 2434 689 2468 per
706 2422 866 2465 Evangelii
885 2422 1159 2466 praedicationem
1175 2421 1206 2454 in

469 2482 675 2520 conspectum
706 2475 847 2519 gentium
879 2475 1027 2508 revelavit
1056 2474 1205 2507 iustitiam

470 2540 580 2570 suam,
606 2529 816 2562 nihilominus
845 2528 875 2561 in
901 2538 1010 2561 earum
1043 2527 1149 2570 regnis
1179 2533 1208 2561 et

471 2583 643 2627 provinciis
663 2583 816 2617 Peruanis
837 2582 948 2626 populi
970 2582 1100 2626 quidam
1121 2587 1205 2621 sunt,

509 2647 518 2672 t
544 2645 578 2671 Ex
600 2646 706 2681 ltegest.
728 2646 753 2672 in
773 2646 873 2673 Seeret.
895 2644 970 2671 Brev.

508 2688 523 2714 *2
543 2689 587 2714 Vel
603 2690 690 2723 potius
707 2689 848 2724 tegendum
865 2697 951 2724 quam
968 2689 1094 2716 maoeime
1109 2688 1147 2722 (a.
1160 2688 1207 2722 aa),
1226 2718 1227 2721 Ἴ

1208 815 1295 848 «195ῑί
1321 815 1472 859 prosequi
1498 815 1658 858 dignetur,
1682 825 1784 858 genua
1809 814 1965 848 flectenda

1226 287 1377 311 nomana
1973 283 2023 310 An.
2044 281 2072 309 C.
2087 282 2156 310 toto
2205 310 2210 315 ,

1225 336 1279 378 qui
1300 334 1405 367 adhuc
1423 334 1453 366 in
1475 334 1671 367 infidelitatis
1693 334 1831 368 tenebris
1850 340 1880 367 et
1893 343 1960 367 um-

1226 388 1282 420 bra
1309 387 1421 420 mortis
1445 387 1592 421 sedentes
1617 386 1712 420 idolis
1737 386 1778 420 ita
1803 386 1959 421 obstinate

1225 440 1384 482 serviunt,
1405 446 1455 481 ut,
1480 441 1582 473 lucem
1610 439 1750 473 veritatis
1770 439 1960 486 christianae

1225 495 1300 528 odio
1313 494 1536 528 miserabiliter
1547 499 1789 538 prosequentes,
1804 493 1960 528 Christum

1226 556 1400 589 agnoscere
1421 553 1577 581 recusant.
1594 547 1658 580 Hos
1671 558 1746 581 vero
1761 557 1832 581 cum
1851 547 1891 581 ad
1912 547 1964 593 Ec-

1226 601 1340 634 clesiae
1360 607 1487 635 sanctae
1504 601 1661 644 gremium
1676 601 1840 642 reducere,
1857 601 1963 646 adspi-

1228 661 1316 687 rante
1342 654 1447 688 divina
1472 655 1590 698 gratia,
1613 654 1674 688 hoc
1699 660 1844 698 tempore
1863 665 1963 698 prae-

1227 708 1318 752 cipue
1344 708 1528 749 laboretur·,
1557 708 1677 742 idcireo
1701 718 1781 749 nos,
1809 714 1843 741 ut
1873 707 1962 752 pium

1226 761 1412 795 huiusmodi
1434 767 1583 795 conatum
1598 761 1753 795 Dominus
1771 761 1880 794 favore
1894 771 1964 795 cae-

1227 869 1375 903 dnximus
1402 870 1440 903 ad
1466 870 1591 903 Patrem
1617 869 1744 903 Domini
1770 869 1871 903 nostri
1895 869 1963 903 Iesu

1226 922 1349 964 Christi,
1368 930 1398 957 et
1410 924 1503 957 simul
1522 930 1593 968 post
1611 924 1783 964 orationes,
1805 923 1923 957 ieiunia
1936 928 1966 956 et

1227 976 1444 1021 eleemosynas
1465 977 1591 1010 illarum
1613 977 1753 1022 partium
1772 975 1964 1010 ssdeliumil-

1226 1030 1285 1063 lius
1307 1031 1560 1065 misericordiam
1582 1031 1828 1075 implorandam.

1271 1084 1287 1125 ἕ
1309 1083 1338 1116 2.
1363 1083 1477 1125 Quare,
1501 1095 1537 1118 ex
1554 1090 1646 1128 parte
1666 1083 1896 1128 omnipotentis
1909 1083 1962 1117 Dei
1988 1119 1992 1122 Δ
2014 1092 2165 1123 iuuiiapumu.

1226 1136 1339 1177 Patris,
1363 1136 1432 1170 Filii
1454 1144 1484 1171 et
1507 1137 1643 1181 Spiritus
1667 1136 1779 1177 sancti,
1803 1145 1914 1171 omnes
1934 1141 1964 1169 et
1978 1119 2165 1167 iiidissiiii'ifm'bu'

1226 1188 1368 1232 singulos
1385 1190 1552 1234 utriusque
1569 1201 1660 1224 sexus
1674 1190 1909 1231 christifideles,
1933 1189 1964 1222 in

1226 1243 1331 1285 regnis
1349 1249 1380 1277 et
1398 1243 1572 1288 provinciis
1595 1244 1748 1278 Peruanis
1778 1243 1964 1288 praesertim

1227 1296 1318 1330 Chilii
1340 1297 1502 1331 Indiarum
1520 1297 1772 1332 Occidentalium
1787 1296 1966 1331 existentes¹

1229 1350 1417 1384 auctoritate
1452 1351 1627 1395 apostoliea
1657 1357 1818 1394 paterne,
1853 1351 1964 1384 enixe-

1230 1415 1291 1448 que
1306 1403 1510 1448 requirimus,
1535 1415 1712 1445 monemus,
1727 1411 1757 1438 et
1777 1404 1808 1437 in
1832 1403 1967 1438 Domino

1231 1458 1398 1491 hortamur
1425 1458 1465 1491 ad
1498 1458 1699 1502 infrascripta
1727 1458 1840 1492 devote
1868 1467 1965 1502 pera-

1231 1511 1371 1554 gendum
1395 1517 1423 1544 et
1449 1511 1704 1555 adimplendum,
1728 1518 1755 1545 et
1782 1511 1821 1545 ad
1845 1511 1914 1555 pias
1939 1516 1968 1543 et

1233 1565 1367 1598 servidas
1392 1565 1431 1598 ad
1449 1564 1645 1598 Altissimum
1670 1575 1781 1608 preces
1805 1563 1970 1598 effunden-

1234 1620 1322 1659 dum,
1344 1624 1377 1652 ut
1400 1629 1459 1662 per
1484 1619 1603 1652 viscera
1630 1618 1870 1652 misericordiae
1894 1628 1970 1651 suae

1235 1672 1330 1705 tidem
1360 1671 1549 1705 catholicam
1578 1681 1778 1715 propagare,
1802 1676 1972 1715 protegere

1235 1731 1265 1759 et
1286 1726 1378 1760 dietis
1402 1725 1530 1770 populis
1551 1726 1582 1759 in
1608 1726 1747 1760 tenebris
1771 1724 1969 1759 ambulanti-

1235 1779 1294 1812 bus
1308 1778 1381 1812 fidei
1399 1779 1504 1812 lucem
1530 1779 1699 1812 infundere
1720 1779 1880 1821 dignetur.
1908 1777 1972 1811 Nos

1236 1832 1320 1865 enim
1336 1860 1343 1873 ,
1368 1832 1406 1866 de
1423 1832 1654 1877 omnipotentis
1674 1832 1728 1866 Dei
1754 1830 1973 1865 misericordia

1237 1896 1272 1919 ac
1289 1886 1458 1919 beatorum
1484 1886 1567 1919 Petri
1596 1891 1627 1919 et
1645 1885 1734 1919 Pauli
1754 1885 1972 1929 apostolorum

1237 1939 1304 1972 eius
1325 1938 1514 1972 auctoritate
1542 1938 1675 1979 contisi,
1706 1949 1741 1972 ex
1772 1938 1824 1971 illa
1853 1936 1973 1980 ligandi

1237 1998 1334 2036 atque
1348 1992 1489 2026 solvendi
1511 1998 1678 2036 potestate,
1693 2003 1789 2036 quam
1808 1991 1900 2025 nobis
1912 1991 1975 2025 Do-

1239 2046 1364 2086 minus,
1394 2046 1514 2079 meritis
1546 2046 1678 2079 minime
1707 2044 1972 2088 suffragantibus,

1239 2101 1389 2142 contulit,
1412 2099 1568 2135 universis
1588 2105 1617 2133 et
1637 2098 1770 2142 singulis
1787 2097 1977 2132 christifide-

1239 2155 1321 2195 libus
1356 2155 1388 2188 in
1419 2154 1524 2197 regnis
1560 2159 1591 2186 et
1620 2151 1792 2197 provinciis
1822 2150 1977 2185 romanis

1239 2208 1426 2252 praesertim
1440 2207 1533 2241 Chilii
1546 2206 1708 2240 Indiarum
1722 2205 1974 2239 Occidentalium

1239 2260 1423 2295 huiusmodi
1441 2260 1657 2300 existentibus,
1681 2259 1736 2303 qui
1756 2257 1951 2303 processioni
1965 2256 1976 2274 ‘³

1239 2315 1278 2347 ab
1299 2314 1473 2348 Ordinariis
1493 2314 1652 2353 locorum,
1676 2313 1722 2346 vel
1750 2322 1860 2346 eorum
1885 2311 1972 2345 vica·
1990 2313 2091 2360 1002}ssssss
2101 2315 2176 2359 ”522³ss

1240 2368 1304 2408 riis,
1332 2378 1387 2401 seu
1409 2367 1612 2407 officialibus,
1635 2366 1683 2399 vel
1697 2366 1737 2399 de
1757 2375 1867 2399 eorum
1886 2375 1975 2398 man·
1990 2368 2031 2388 ⁶²⁵·

1241 2421 1325 2461 dato,
1349 2426 1389 2461 et,
1414 2419 1490 2464 ipsis
1507 2419 1739 2459 deficientibus,
1759 2429 1816 2463 per
1832 2427 1896 2458 eos,
1920 2416 1975 2462 qui

1242 2474 1283 2507 ibi
1298 2484 1407 2507 curam
1426 2473 1606 2506 animarum
1626 2477 1784 2512 exercent,
1805 2471 1908 2515 pflma
1928 2470 1974 2503 vel

1241 2527 1379 2561 secunda
1397 2526 1610 2567 hebdomada,
1630 2531 1799 2569 postquam
1812 2523 1851 2558 ad
1865 2534 1975 2558 eorum

1242 2581 1386 2614 notitiam
1400 2590 1455 2614 eae
1470 2586 1597 2614 nostrae
1614 2579 1739 2612 litterae
1760 2577 1975 2622 pervenerint,

1278 2643 1288 2669 1
1312 2642 1382 2670 Edit.
1409 2642 1488 2669 main.
1516 2641 1580 2677 legit
1599 2640 1785 2669 existentibus
1806 2640 1841 2675 (n.
1858 2641 1906 2673 T.).

1277 2687 1293 2713 2
1314 2686 1380 2713 ibid.
1398 2686 1496 2720 legitur
1508 2685 1717 2720 processionem
1734 2684 1771 2719 (R.
1785 2686 1832 2718 τ.).

2210 1454 2227 1491 ’ὲκζ
2214 1407 2226 1437 να
2219 1372 2223 1385 -ᾼ
2216 1337 2227 1355 ⁴1„
2216 1283 2223 1296 -·
2214 1253 2225 1269 -s
2217 1226 2225 1241 „2
2215 1171 2225 1204 ἐκ
