2227 3241
86 220 139 247 An.
156 219 184 247 C.
207 219 274 247 1603

896 214 1042 238 CLEMENS
1069 216 1123 238 VH!
1151 216 1195 238 PP.

286 277 349 312 que
362 266 559 311 parochiales
575 264 725 299 ecclesias
741 263 931 309 praedictas,
952 273 1030 306 qua-

288 331 358 354 rum
385 320 507 354 fluctus
532 319 570 352 ad
596 329 756 352 summam
791 318 1028 362 praedictarum

287 374 442 407 librarum
473 379 604 407 centum
640 383 705 406 non
736 371 960 411 ascenderent,
989 370 1028 403 ad

286 428 532 472 exequutionem
557 433 646 460 taxae
660 426 862 470 supradictae
883 436 941 469 pro
959 435 1029 458 con-

286 482 427 515 currenti
453 481 631 524 quantitate
655 480 723 513 eius
747 489 914 518 summae,
947 490 1029 523 quae

287 541 362 569 tunc
388 535 497 569 deerat
527 534 565 566 ad
596 533 834 567 conficiendam
869 543 1028 565 summam

286 590 438 623 librarum
466 594 594 621 eentum
613 598 670 631 pro
694 597 889 630 unaquaque
913 595 949 618 ex
975 586 1026 618 di-

285 644 343 677 ctis
379 641 614 686 parochialibus
643 641 806 681 ccelesiis,
841 640 1030 673 auctoritaie

285 696 459 740 apostolica
482 695 611 740 procedi
637 700 763 727 curaret.
783 699 813 726 et
835 696 969 733 faceret3
995 704 1030 726 ac

285 760 506 794 quoscumque
520 749 649 782 illorum
664 748 731 792 qui,
745 748 831 781 iuxta
848 748 1028 781 litterarum

285 804 361 838 dicti
375 803 517 847 Gregorii
530 803 786 847 dispositionem,
797 802 828 835 in
843 801 1029 834 huiusmodi

286 857 516 902 parochialium
542 855 960 890 dotationemcontribuere
987 861 1030 888 te-

283 910 456 952 nebantur,
472 908 527 944 ad¹
543 910 812 944 contributionem
832 909 985 949 debitam,
1001 914 1031 943 et

284 975 367 1008 quae
391 975 450 1008 pro
474 969 619 1008 tempore
637 963 805 998 deberetur
821 969 910 997 laxae
928 963 1030 997 trinae

284 1018 322 1051 ad
341 1018 412 1052 illos
437 1017 608 1063 spectantis
625 1028 683 1061 pro
700 1017 906 1051 concurrenti
930 1028 1030 1061 quan-

285 1071 373 1105 titate
397 1072 525 1116 pariter,
544 1071 633 1105 omni
657 1076 687 1104 et
703 1081 908 1114 quacumque
922 1071 1031 1114 appel-

284 1125 404 1160 latione
424 1127 560 1165 remota,
586 1124 718 1169 procedi
743 1130 872 1159 curaret
896 1131 926 1158 et
947 1126 1030 1158 sace-

285 1185 342 1213 ret.
360 1179 421 1213 Pro
442 1178 512 1212 aliis
525 1189 599 1213 vero
616 1178 856 1223 parochialibus
873 1179 1027 1218 eeclesiis,

285 1243 422 1276 quarum
447 1232 580 1273 fructus,
600 1238 634 1265 ut
659 1233 845 1266 asserebant
861 1231 957 1265 iidem
974 1232 1028 1276 qui

285 1285 490 1320 contribuere
525 1285 726 1327 tenebantur,
754 1286 971 1320 ascendebant
989 1287 1029 1320 ad

285 1348 444 1371 summam
476 1338 632 1372 librarum
669 1344 815 1380 centum,
855 1338 1028 1372 terminum

284 1391 381 1423 unius
401 1392 476 1424 anni
502 1391 565 1424 illis
585 1391 625 1423 ad
643 1391 826 1425 docendum
852 1392 1029 1434 praemissa

282 1443 415 1488 praefigi
440 1443 674 1485 mandavimus,
697 1455 763 1488 quo
789 1444 926 1478 termino
942 1455 1030 1489 prae-

282 1497 346 1531 fixo
369 1503 399 1530 et
429 1497 555 1542 elapso,
588 1498 613 1531 si
645 1497 724 1531 nihil
753 1498 839 1541 quod
872 1498 1029 1532 relevaret

281 1551 506 1594 deduceretur,
518 1552 768 1596 exequutionem
785 1556 816 1585 et
829 1551 1027 1585 exactionem

281 1610 371 1639 taxae
406 1605 608 1650 supradictae
638 1605 800 1639 noluimus
824 1605 1026 1647 retardare⁹;

281 1659 506 1703 voluimusque
525 1659 619 1693 etiarn
638 1665 673 1694 ut
693 1659 821 1693 iuterim
835 1670 901 1693 non
925 1665 1026 1693 retar-

280 1713 412 1747 daretur
436 1713 612 1757 exequutio
641 1713 748 1757 quoad
781 1724 836 1747 eos
867 1713 922 1757 qui
950 1719 1026 1747 tunc

280 1771 386 1800 taxam
415 1765 656 1810 persolvebant,
678 1777 800 1807 verum,
827 1766 853 1799 si
882 1767 963 1800 facta
990 1767 1027 1799 li-

280 1820 470 1864 quidatione
494 1821 690 1855 constitisset
721 1821 870 1865 proprios
902 1821 1026 1855 fructus

280 1873 461 1918 aliquarum
483 1885 520 1908 ex
546 1874 639 1908 dictis
666 1875 904 1919 parochialibus
930 1875 1025 1909 libras

280 1934 409 1962 centum
433 1928 599 1970 excedere,
622 1934 767 1972 respectu
793 1929 906 1962 harum
925 1939 1022 1973 paro-

281 1981 434 2015 chialium
448 1982 556 2026 aliqua
576 1982 770 2016 contributio
787 1992 852 2015 non
874 1982 981 2016 fieret:
999 1983 1024 2016 si

281 2045 354 2069 vero
378 2036 501 2070 fructus
521 2037 586 2069 una
611 2047 683 2069 curn
703 2041 792 2070 taxae
809 2036 1024 2071 contributio—

279 2101 319 2124 ne
343 2090 462 2123 dictam
476 2100 633 2123 summam
659 2090 814 2124 librarum
832 2096 961 2124 centum
975 2102 1024 2125 ex-

280 2143 441 2183 cederent,
468 2149 545 2177 tunc
575 2142 672 2177 iidem
703 2143 824 2177 fructus
857 2146 921 2178 una
951 2155 1022 2178 curn

279 2202 369 2231 taxae
394 2196 634 2231 contributione
658 2196 698 2230 ad
724 2196 824 2231 dictas
841 2197 937 2231 libras
955 2209 1025 2232 cen-

280 2257 349 2285 tum
360 2250 604 2284 reducerentur.
622 2251 754 2284 Nostrae
772 2250 856 2284 enim
875 2251 1024 2286 intentio-

279 2304 328 2339 nis
353 2309 421 2338 crat
444 2308 481 2337 ut
504 2303 568 2336 illis
585 2303 835 2346 parochialibus,
863 2315 942 2348 quas
958 2306 1024 2339 sine

279 2357 463 2392 huiusmodi
485 2362 574 2390 taxae
598 2356 838 2391 contributione
861 2358 1023 2392 redditum

278 2422 421 2446 annuum
438 2417 568 2444 centum
588 2410 742 2444 librarum
754 2411 872 2444 habere
892 2418 1020 2445 consta-

279 2471 337 2508 ret,
366 2465 553 2499 huiusmodi
574 2465 772 2499 contributio
797 2464 929 2500 minime
953 2466 1022 2501 fieri

314 2546 328 2572 1
351 2545 422 2573 Edit.
442 2545 522 2572 Main.
544 2545 609 2581 legit
627 2553 670 2579 ac,
691 2554 757 2580 err.,
779 2549 808 2572 ut
828 2545 944 2581 videtur,
966 2550 1020 2583 typ,

290 2597 316 2618 a.
333 2597 358 2618 τ.
374 2611 381 2617 .

281 2591 287 2626 ί
313 2636 330 2662 2
349 2591 475 2663 1⁴¹)0rtasse
490 2636 635 2672 legendum
652 2637 801 2665 retardari
816 2638 852 2670 (a.
868 2637 919 2671 τ.).

334 2690 413 2718 Ball.
430 2690 514 2719 Rom.
529 2707 559 2710 --
580 2691 640 2719 Vol.
659 2691 710 2719 XI.
893 2691 910 2719 4

1064 263 1206 305 deberem
1217 275 1253 298 ex
1264 264 1390 298 illarum
1406 263 1484 297 tum⁴
1494 264 1728 308 parochialium
1742 275 1812 309 pro-

1064 316 1141 360 priis
1166 317 1336 358 fructibus,
1359 318 1385 352 si
1410 318 1464 363 qui
1490 324 1606 359 essent,
1635 318 1690 362 qui
1718 324 1808 360 tunc,

1064 370 1183 414 absque
1197 372 1283 405 dicta
1296 372 1547 414 contributione,
1557 383 1715 405 summam
1725 383 1812 416 prae-

1064 424 1181 457 dictam
1207 425 1411 466 excederent,
1438 426 1517 459 nihil
1536 436 1667 470 prorsus
1691 436 1727 459 ex
1753 429 1807 460 ea-

1065 477 1137 510 dem
1174 480 1299 510 sunnna
1336 480 1528 515 excedente,
1558 490 1616 523 pro
1646 479 1810 513 dotatione

1065 531 1200 564 aliarum
1219 532 1462 574 parochialium,
1481 533 1607 566 detrahi
1632 534 1809 572 voluimus:

1065 587 1119 618 sed
1143 591 1243 619 totum
1266 586 1295 617 id
1323 587 1408 629 quod
1425 587 1541 620 dictam
1561 598 1720 620 summam
1740 600 1810 622 cen-

1066 646 1132 672 tum
1153 641 1307 673 librarum
1327 640 1505 679 exemeret,
1520 641 1690 674 cuiuslibet
1708 653 1745 675 ex
1758 643 1810 675 iis-

1065 693 1202 726 demnict
1226 693 1462 736 parochialibus
1486 694 1629 728 ecclesiis
1653 696 1810 730 beneficio

1066 747 1203 779 cederet.
1221 746 1336 790 Sicque
1352 748 1381 779 iu
1402 747 1585 790 praemissis
1603 748 1642 780 ab
1660 748 1809 783 omnibus

1065 806 1096 833 ct
1125 800 1260 843 singulis
1289 800 1425 841 censeri,
1454 811 1490 835 ac
1515 801 1557 834 ita
1582 808 1611 835 et
1629 813 1693 835 non
1717 803 1811 836 aliter

1066 865 1121 897 per
1135 864 1358 897 quoscumque
1382 854 1502 887 iudices
1520 855 1699 889 ordinarios
1716 863 1747 890 ct>
1760 857 1811 890 de-

1066 908 1197 951 legatos,
1217 918 1253 941 ac
1271 907 1367 941 etiam
1386 919 1557 942 causarum
1580 910 1690 943 Palatii
1718 911 1806 954 Apo-

1066 961 1168 995 stolici
1186 961 1364 1002 auditores,
1380 961 1514 995 iudicari
1540 969 1571 996 et
1595 963 1721 997 definiri
1748 965 1806 998 de-

1066 1016 1153 1054 bere,
1174 1025 1209 1048 ac
1224 1015 1350 1049 irritum
1371 1021 1401 1049 et
1418 1016 1512 1049 inane
1537 1016 1696 1060 quidquid
1717 1028 1809 1052 secus

1065 1079 1162 1113 super
1179 1069 1230 1102 his
1250 1080 1268 1102 a
1283 1079 1458 1113 quoquam,
1473 1069 1585 1113 quavis
1605 1071 1807 1114 auctoritate,

1064 1124 1204 1157 scienter
1227 1123 1275 1156 vel
1296 1123 1496 1166 ignoranter,
1513 1123 1686 1168 contigerit
1709 1131 1811 1159 atten-

1065 1176 1147 1210 tari:
1173 1187 1269 1221 super
1293 1177 1410 1221 quibus
1435 1176 1587 1210 omnibus
1615 1184 1645 1212 et
1674 1179 1810 1223 singulis

1064 1232 1192 1274 plenam
1207 1237 1238 1264 et
1261 1230 1396 1264 liberam
1414 1230 1520 1264 eidem
1541 1232 1661 1266 nuncio
1678 1233 1810 1268 faculta-

1065 1290 1129 1318 tem
1154 1290 1184 1317 ct
1208 1284 1430 1318 auctoritatem
1456 1286 1685 1328 concessimus,
1713 1294 1810 1331 prout

1064 1338 1095 1371 in
1120 1338 1241 1371 eisdem
1270 1338 1384 1373 litteris
1413 1338 1472 1372 sub
1496 1339 1561 1373 dat.
1593 1339 1645 1374 die
1669 1350 1728 1374 x111
1754 1351 1810 1376 se—

1064 1391 1219 1434 ptembris
1234 1401 1322 1432 uncr,
1343 1392 1550 1435 pontificatus
1563 1394 1664 1427 nostri
1678 1404 1762 1428 anno
1775 1405 1806 1436 x,

1064 1444 1202 1487 desuper
1227 1444 1384 1488 expeditis
1409 1445 1505 1478 etiam
1541 1446 1669 1491 plenius
1701 1448 1806 1481 conti-

1062 1497 1186 1531 netur².

1108 1552 1124 1593 ξ
1145 1551 1177 1583 ,3.
1201 1551 1279 1585 Cum
1308 1557 1415 1585 autem
1437 1557 1550 1595 postea
1571 1563 1628 1598 per
1651 1555 1728 1588 alias
1754 1566 1810 1590 no-

1062 1611 1143 1638 stras
1178 1605 1300 1640 litteras
1334 1605 1394 1639 sub
1431 1607 1495 1640 dat.
1525 1606 1578 1640 die
1610 1618 1671 1641 xxx
1701 1610 1809 1652 aprilis

1062 1668 1160 1701 mncn,
1176 1659 1384 1703 pontificatus
1401 1662 1501 1695 nostri
1521 1671 1605 1695 anno
1623 1662 1807 1704 undecimo,

1061 1712 1256 1757 expeditas⁸,
1275 1723 1334 1746 nos
1349 1713 1419 1757 (qui
1432 1714 1522 1756 alias,
1539 1720 1613 1749 ante
1632 1716 1810 1760 praedicta-

1061 1778 1132 1800 rum
1154 1767 1334 1801 litterarum
1359 1767 1607 1812 expeditionem,
1630 1769 1669 1802 ad
1687 1770 1809 1814 suppli-

1060 1821 1221 1855 cationem
1240 1821 1433 1855 dilectorum
1448 1821 1590 1856 filiorum
1604 1823 1809 1867 dignitatum,

1061 1875 1292 1908 canonicorum
1309 1903 1316 1917 ,
1351 1875 1674 1920 praepositorumque
1709 1878 1810 1911 eccle-

1059 1928 1124 1962 siae
1148 1928 1346 1969 Valentinae,
1367 1939 1404 1962 ac
1429 1929 1567 1962 aliorum
1593 1929 1658 1963 litis
1678 1940 1809 1964 consor-

1060 1982 1152 2023 tium,
1172 1993 1300 2016 causam
1319 1989 1349 2017 et
1367 1993 1497 2025 causas,
1526 1994 1605 2027 quas
1631 1984 1808 2028 supradicti

1059 2036 1232 2078 habebant,
1255 2036 1438 2081 habereque
1455 2038 1604 2072 volebant
1620 2044 1651 2072 et
1664 2038 1809 2073 intende-

1059 2090 1135 2123 bant
1157 2096 1267 2124 contra
1282 2096 1313 2124 et
1329 2092 1482 2125 adversus
1501 2097 1641 2125 rectores
1661 2092 1808 2126 ecclesia-

1059 2153 1130 2176 rum
1160 2144 1394 2187 parochialium
1421 2144 1452 2177 in
1475 2144 1613 2178 dioecesi
1642 2145 1808 2178 Valentina

1058 2207 1116 2240 pro
1141 2197 1354 2232 instructione
1382 2199 1566 2232 Maurorum
1594 2199 1632 2232 ad
1662 2199 1808 2232 christia-

1058 2261 1132 2283 nam
1159 2251 1255 2285 fidem
1275 2252 1404 2286 noviter
1428 2262 1659 2287 conversorum
1689 2258 1807 2286 erecta-

1059 2315 1129 2337 rum
1166 2311 1196 2338 et
1227 2305 1478 2349 erigendarum,
1515 2316 1551 2340 ac
1584 2316 1696 2339 omncs
1726 2306 1807 2340 alios

1058 2357 1211 2392 interesse
1228 2359 1382 2393 habentes
1400 2369 1497 2402 super
1514 2359 1678 2393 dotatione
1703 2365 1734 2393 et
1759 2369 1806 2392 as-

1095 2458 1105 2484 1
1124 2456 1270 2485 Videretur
1284 2460 1381 2485 autem
1399 2465 1446 2493 pro
1464 2460 1523 2485 tum
1539 2457 1683 2493 legendum
1699 2461 1737 2489 (a.
1753 2459 1805 2493 τ.).

1091 2502 1107 2529 2
1128 2501 1285 2529 praedictae
1302 2501 1397 2529 literae
1414 2510 1467 2529 non
1484 2501 1618 2529 habentur
1634 2502 1660 2529 in
1675 2503 1805 2536 Rullum

1056 2546 1103 2574 sed
1115 2546 1218 2582 aliquid
1230 2546 1318 2574 simile
1329 2546 1445 2574 habetur
1456 2546 1482 2573 in
1495 2547 1587 2574 Const.
1598 2547 1712 2575 datadie
1723 2556 1805 2576 xxvm

1057 2591 1120 2619 maii
1136 2598 1206 2619 ntDCtl
1221 2600 1302 2628 quam
1319 2591 1379 2619 vide
1392 2595 1455 2619 tom.
1470 2598 1485 2617 x
1498 2600 1559 2627 pag.
1573 2592 1624 2619 790
1634 2600 1710 2628 seqq.
1721 2585 1806 2628 (uxr.)

1090 2638 1107 2664 3
1122 2637 1177 2665 llae
1193 2645 1304 2674 quoque
1316 2636 1410 2664 literae
1422 2636 1521 2664 desunt
1531 2637 1558 2665 in
1573 2637 1706 2667 Bullario
1716 2639 1753 2674 (u.
1766 2638 1804 2673 T.)

1738 205 1780 238 *25
1827 217 1877 243 An.
1895 216 1923 243 c.
1946 217 2011 243 1603

1862 1565 2010 1591 Avoeatnzth

1825 1592 1852 1611 ad
1882 1598 1904 1613 se
1933 1598 2010 1613 causas

1825 1625 1897 1639 omnes
1913 1619 1962 1640 inde
1976 1626 2009 1639 ex-

1826 1648 1894 1671 ortas,
