2227 3241
41 2635 45 2658 1

42 2668 45 2746 l

26 2756 46 2823 t

28 2828 45 2862 t

43 2877 45 2895 t

41 262 91 294 An.
108 264 135 291 C.
157 263 225 291 1605

103 1933 234 1955 obstantium

59 1959 169 1987 dei-ugano.

875 262 992 286 rautrs

236 322 317 355 quos
337 317 426 345 actus
446 312 476 345 in
494 312 679 346 huiusmodi
702 314 807 352 causa,
829 321 974 355 pracser-

238 365 292 398 tim
317 365 401 399 circa
423 366 644 400 avocationem
664 366 704 399 ad
719 376 752 399 se
765 363 976 409 possessionis

237 419 397 453 dictorum
432 420 593 454 bonorum
627 419 819 461 t‘eudalium,
845 428 976 463 quoquo

238 474 334 507 modo
348 474 574 518 processerint,
599 473 718 513 statim,
740 473 826 506 nulla
841 472 980 516 interpo-

236 526 297 560 sita
313 528 413 569 mora,
426 528 580 571 omnique
601 527 804 561 excusatione
822 531 976 565 cessante,

238 580 424 615 huiusmodi
445 581 698 625 possessionem,
723 579 768 613 uti
787 579 919 612 nulliter
941 578 980 611 de

239 634 321 667 facto
335 639 367 667 et
386 634 454 667 sine
471 634 579 678 aliqua
601 633 794 671 auctoritate
815 633 976 677 adeptam,

240 688 403 721 dimittere
429 699 466 721 ac
490 687 552 721 alia
577 692 732 721 attentata
757 696 980 731 quaecumque

240 752 392 776 revocare
414 748 444 776 et
464 743 644 783 annullare,
663 754 698 776 ac
713 741 821 775 omnia
834 742 865 774 in
880 741 982 785 pristi-

240 807 316 829 num
338 801 455 830 statum
474 797 644 831 restituere
659 802 689 830 et
704 794 884 840 reponere¹3
905 805 981 829 nec-

240 860 306 883 non
320 850 416 883 etiam
440 850 606 884 inhibendi
623 850 787 895 quibusvis
801 850 881 891 aliis,
899 854 928 883 et
943 849 983 883 ei-

241 903 328 937 tandi
353 914 436 948 quos
460 914 541 949 opus
568 904 686 946 suerit,
711 903 808 938 etiam
834 903 983 937 similiter

241 968 300 1002 per
319 958 460 992 edietum
481 958 664 1003 publicum,
693 958 830 992 constito
853 958 891 991 de
918 967 983 991 non

243 1017 310 1045 tuto
324 1022 465 1054 accessu3
482 1018 641 1057 quatenus
659 1018 764 1046 autem
786 1018 915 1046 senatus
928 1022 984 1046 seu

243 1065 324 1099 alius
342 1066 437 1100 iudex
450 1066 622 1100 saecularis
637 1066 819 1100 inhibitioni
835 1071 906 1099 tuae
920 1075 984 1099 non

244 1120 422 1163 paruerint,
439 1127 551 1154 contra
572 1121 643 1154 illos
664 1126 694 1155 ct
714 1120 844 1154 illorum
865 1131 982 1165 quem-

245 1173 322 1208 libet
345 1175 385 1208 ad
406 1174 657 1209 declarationem
684 1175 830 1209 incursus
851 1185 982 1209 excom-

246 1228 473 1263 municationis
505 1235 535 1263 et
547 1233 774 1263 ‘censurarum
798 1229 983 1274 praedicta-

246 1293 330 1323 rum,
348 1287 378 1315 et
399 1282 442 1316 ad>
454 1293 566 1316 omnes
584 1289 672 1316 actus
687 1282 934 1327 quomodolibet
948 1283 987 1316 dc

246 1335 315 1369 iure
335 1335 511 1380 permissos
531 1336 617 1372 iuxta
641 1346 806 1370 sacrorum
826 1346 986 1370 canonum

246 1389 492 1433 dispositionem
518 1390 737 1434 procedendi,
762 1400 888 1423 necnon
913 1400 987 1434 pos-

246 1443 421 1477 sessionem
437 1444 625 1477 eorumdem
640 1444 801 1477 bonorum
814 1444 853 1477 ad
869 1448 898 1477 te
913 1449 989 1476 tam-

247 1508 343 1542 quam
360 1503 505 1531 nostrum
518 1503 549 1530 et
563 1497 818 1541 Apostostolicae
832 1497 920 1531 Sedis
935 1497 989 1530 de-

247 1551 388 1594 legatum
402 1550 567 1593 avocandi,
580 1551 734 1595 illamque
748 1551 991 1595 apprehenden-

248 1605 291 1646 di,
309 1610 350 1648 et,
369 1605 472 1639 donec
485 1616 581 1639 causa
592 1605 779 1639 huiusmodi
801 1616 858 1649 per
880 1611 907 1638 te
927 1611 990 1638 ter-

249 1659 369 1692 minata
393 1659 498 1701 suerit,
515 1659 687 1700 retinendi,
711 1669 747 1692 ac
772 1659 834 1692 alia
852 1658 991 1702 denique

249 1712 358 1746 onmia
378 1718 409 1746 et
433 1712 570 1755 singula,
594 1723 676 1756 quae
701 1712 732 1745 in
757 1711 942 1756 praemissis
962 1718 992 1745 et

249 1766 336 1800 circa
356 1777 393 1800 ea
412 1767 592 1800 necessaria
613 1766 742 1807 suerint,
766 1777 822 1800 seu
848 1777 988 1810 quomo-

250 1819 373 1853 dolibet
401 1825 596 1864 opportuna,
621 1819 781 1859 faciendi,
805 1819 938 1862 gerendi
963 1826 990 1853 et

250 1874 439 1918 exequendi.
1007 1849 1010 1896 l

295 1929 312 1970 ξ
333 1927 363 1961 4.
385 1928 454 1961 Non
476 1928 677 1962 obstantibus
698 1928 862 1972 quibusvis
877 1897 1010 1961 consti-l

252 1981 428 2015 tutionibus
452 1988 482 2015 et
506 1981 768 2015 ordinationibus
793 1982 989 2026 apostolicis,

251 2045 288 2069 ac
307 2035 380 2069 stilo
398 2035 510 2069 Curiae
524 2041 555 2068 et
567 2035 690 2077 Palatii,
708 2035 907 2080 caeterisque
922 2046 994 2069 con-

253 2089 357 2122 trariis
377 2089 646 2133 quibuscumque.

296 2143 410 2177 Datum
432 2143 553 2176 Romae
571 2143 657 2187 apud
683 2148 829 2177 sanctum
851 2143 992 2176 Marcum

252 2197 310 2230 sub
332 2197 452 2230 annulo
479 2197 650 2230 Piscatoris
675 2197 726 2230 dic
751 2207 816 2231 xvii
846 2202 990 2240 septem·

253 2251 318 2284 bris
335 2261 432 2292 nocv,
455 2250 661 2295 pontificatus
682 2250 782 2284 nostri
808 2261 892 2284 anno
915 2261 935 2284 1.

288 2314 348 2341 Dat.
367 2313 410 2342 die
428 2314 457 2341 17
474 2313 638 2349 septembris
657 2313 733 2348 ¹005,
750 2313 845 2348 pontif.
863 2321 907 2339 an.
926 2321 943 2340 ι.

593 2439 654 2472 XV.

260 2519 350 2560 Quod
363 2521 547 2564 capitulum
564 2520 715 2563 [χρηεν-[τῖε
731 2520 875 2562 fra-trum
891 2520 998 2552 sancti

302 2573 472 2607 Franciscz'
503 2574 540 2607 tle
575 2574 684 2607 Paula
708 2573 852 2616 quolibet
880 2582 994 2605 sescen-

302 2627 355 2659 m'o
379 2627 554 2660 celebretur
572 2638 581 2660 :
603 2637 788 2670 munusque
812 2626 998 2659 correctoris

299 2689 305 2713 l
329 2688 504 2723 Subintellige
523 2690 643 2718 debeant
665 2690 698 2724 (u.
716 2689 762 2723 ‘r.).

1018 263 1035 285 x·
1060 263 1106 285 1¹1².
1659 250 1722 284 «229

1053 310 1216 353 yeneralt's
1240 310 1375 354 eiusque
1398 310 1599 353 colleqamtm
1620 320 1657 343 ac
1678 320 1753 354 pro-

1054 365 1215 397 curatoris
1230 364 1376 404 Ordinis,
1391 365 1555 405 scfccmtio,
1569 360 1754 407 proi-incia-

1056 417 1151 457 tium,
1177 418 1329 455 triennio,
1350 417 1753 461 correctormnquedomo-

1057 480 1129 502 rum
1152 481 1249 511 anno,
1278 471 1447 514 etrplcatur
1462 470 1479 503 ¹.

1256 561 1366 587 Paulus
1388 561 1465 594 Papa
1485 561 1515 590 V,

1139 616 1174 641 ad
1190 618 1369 649 perpetuam
1388 615 1433 642 rei
1452 614 1635 643 memoriam.

1059 685 1153 727 Cum,
1175 686 1257 719 sicut
1282 686 1466 730 accepimus
1481 714 1488 727 ,
1509 698 1546 720 ex
1570 686 1682 729 regula
1700 696 1757 720 seu

1016 739 1245 774 constitutione
1259 740 1386 774 Ordinis
1400 741 1534 774 fratrum
1552 740 1757 774 Minimorum

1016 795 1117 828 sancti
1133 794 1294 828 Francisei
1308 795 1346 828 de
1364 794 1461 827 Paula
1475 805 1492 827 a
1509 794 1661 828 Romanis
1674 794 1758 827 Pon-

1018 848 1157 882 tificibus
1177 847 1482 892 praedecessoribus
1502 848 1619 882 nostris
1636 849 1760 881 sancta-

1018 914 1080 946 que
1092 903 1175 939 Sede
1189 902 1373 947 Apostolica
1387 902 1554 946 hucusque
1569 902 1760 936 confirmata

1019 957 1219 1001 disponatur,
1237 955 1383 1000 quolibet
1403 956 1554 997 triennio,
1578 961 1609 989 et
1629 956 1661 989 in
1682 956 1761 989 sesto

1019 1010 1237 1044 sanctissimae
1251 1011 1466 1051 Pentecostes,
1480 1009 1556 1044 dieti
1569 1009 1701 1045 Ordinis
1716 1020 1762 1043 ea-

1018 1065 1156 1109 pitulum
1179 1065 1328 1107 generale
1346 1063 1516 1104 celebrari,
1530 1069 1560 1097 et
1580 1063 1611 1096 in
1626 1073 1664 1097 eo
1678 1063 1763 1096 illius

1020 1124 1186 1152 corrector
1205 1118 1366 1161 generalis
1386 1118 1520 1163 eiusque
1541 1118 1702 1160 collegae,
1727 1128 1763 1150 ac

1021 1173 1117 1206 etiam
1143 1173 1244 1217 ipsius
1264 1172 1392 1206 Ordinis
1418 1172 1541 1206 zelosus
1565 1182 1621 1205 seu
1639 1181 1760 1215 procu-

1021 1233 1108 1260 rator
1128 1226 1298 1269 generalis,
1315 1226 1432 1259 inloeo
1454 1226 1619 1270 deputato,
1643 1229 1764 1272 utmo-

1022 1280 1065 1313 ris
1086 1285 1143 1319 est,
1168 1279 1319 1313 omnibus
1338 1278 1414 1312 dieti
1434 1278 1562 1312 Ordinis
1583 1277 1764 1322 provincia-

1022 1334 1105 1366 libus
1137 1343 1315 1376 eorumque
1336 1332 1516 1366 commissis
1547 1331 1761 1375 congregatis,

1024 1388 1097 1430 eligi
1119 1388 1257 1421 debeant
1278 1388 1389 1431 (prout
1410 1387 1442 1419 in
1463 1386 1648 1420 huiusmodi
1670 1386 1762 1425 festo,

1024 1441 1074 1475 die
1093 1441 1271 1485 penultima
1290 1441 1408 1474 mensis
1424 1440 1499 1473 maii
1512 1440 1658 1484 proxime
1674 1450 1767 1484 prae-

1025 1496 1108 1530 teriti
1131 1496 1311 1535 observate,
1334 1495 1455 1528 dictum
1476 1494 1654 1538 capitulum
1672 1504 1768 1536 gene-

1024 1550 1134 1583 nerale
1159 1549 1382 1588 celebratum,
1407 1553 1438 1581 et
1470 1547 1502 1580 in
1535 1557 1572 1581 eo
1605 1552 1770 1580 corrector

1024 1603 1183 1647 generalis
1212 1603 1347 1646 eiusque
1368 1602 1511 1644 collegae
1525 1607 1555 1635 et
1572 1601 1695 1634 zelosus
1712 1611 1768 1634 seu

1025 1662 1218 1702 procurator
1233 1655 1394 1699 generalis
1422 1654 1579 1699 praedicti
1598 1654 1691 1688 electi
1706 1655 1769 1687 fue-

1026 1709 1356 1754 runt);niliilominus‚
1366 1719 1439 1743 cum
1454 1708 1558 1742 dictus
1571 1707 1655 1741 Ordo
1670 1707 1769 1741 illius-

1027 1776 1088 1809 que
1103 1764 1219 1798 (lomus
1235 1764 1399 1806 regulares
1417 1773 1482 1796 non
1499 1763 1604 1796 solum
1625 1762 1658 1795 in
1679 1761 1769 1795 Italia

1027 1820 1082 1853 sed
1108 1820 1204 1852 etiam
1232 1818 1262 1851 in
1287 1817 1387 1852 Gallia
1414 1823 1444 1850 et
1468 1816 1621 1860 Hispania
1646 1816 1677 1848 in
1702 1815 1770 1849 dies

1027 1877 1248 1917 propagentur
1273 1883 1309 1904 ac
1338 1871 1434 1904 etiam
1462 1869 1680 1914 amplientur,
1710 1869 1771 1913 ipsi

1028 1927 1192 1970 generales
1213 1936 1391 1969 eorumque
1412 1925 1554 1967 collegae
1586 1934 1659 1957 suas
1688 1923 1770 1956 inte-

1028 1992 1101 2025 gras
1122 1981 1153 2014 in
1171 1979 1342 2025 praedictis
1368 1978 1551 2012 nationibus
1576 1977 1772 2011 visitationes

1028 2035 1227 2069 nullomodo
1242 2034 1325 2066 infra
1337 2033 1458 2067 dictum
1475 2031 1661 2073 triennium,
1675 2036 1772 2075 prout

1028 2089 1172 2133 ipsorum
1196 2086 1352 2130 regularis
1373 2086 1458 2119 Ordo
1476 2085 1622 2129 requirit,
1644 2084 1772 2118 efficere

1029 2142 1162 2187 possint,
1183 2141 1283 2173 immo
1302 2150 1387 2180 vero,
1409 2150 1492 2183 quae
1506 2138 1545 2172 ab
1563 2140 1608 2172 c1s
1619 2138 1651 2171 in
1666 2137 1772 2181 aliqua

1028 2195 1267 2240 praedictarum
1290 2193 1459 2226 nationum
1488 2191 1670 2226 visitatione
1696 2190 1769 2223 effi-

1030 2248 1169 2288 ciuntur,
1191 2247 1233 2280 ita
1255 2246 1442 2280 festinanter
1463 2251 1597 2290 propter
1619 2243 1773 2288 temporis

1031 2302 1075 2336 eis
1096 2301 1285 2346 praescripti
1309 2300 1496 2333 brevitatem
1512 2299 1604 2338 fiunt,
1620 2304 1654 2331 ut
1675 2298 1705 2330 in
1719 2309 1773 2331 su-

985 2392 996 2403 ·
1032 2368 1085 2389 um
1100 2355 1252 2390 Ordinem
1268 2355 1393 2388 nullum
1410 2354 1456 2387 iel
1472 2354 1585 2387 saltem
1601 2352 1772 2386 minimum

1032 2409 1132 2454 possit
1147 2409 1220 2442 inde
1236 2408 1390 2442 resultare
1405 2407 1671 2445 emolumentium
1685 2405 1727 2438 ita
1740 2410 1775 2438 ut

1032 2464 1150 2497 nedum
1167 2459 1204 2496 ex'
1218 2461 1430 2496 incommodis
1447 2459 1646 2499 huiusmodi,
1664 2469 1772 2493 verum

1070 2554 1078 2578 1
1104 2552 1179 2578 liunt:
1199 2551 1325 2578 Ordinem
1341 2549 1463 2586 probarit
1482 2549 1569 2575 Sixtus
1584 2548 1617 2575 lV
1631 2548 1657 2575 in
1669 2547 1775 2575 Consti-

1034 2600 1083 2624 tut.
1101 2604 1126 2623 vi
1142 2597 1228 2624 Sedes
1238 2596 1273 2631 (in
1285 2595 1311 2622 li.
1330 2603 1356 2622 n.
1374 2594 1438 2621 edit.
1455 2600 1500 2628 vu,
1517 2598 1580 2621 tom.
1592 2600 1617 2627 r,
1630 2592 1772 2628 pag.213):

1033 2645 1060 2668 et
1087 2641 1115 2667 Β.
1141 2640 1311 2667 Franciscum
1328 2640 1397 2665 inter
1412 2642 1519 2665 sanctos
1534 2637 1626 2664 retulit
1642 2637 1693 2664 Leo
1710 2636 1728 2663 Χ
1749 2637 1775 2663 in

1034 2687 1123 2713 (toust.
1136 2692 1177 2712 xii
1194 2686 1328 2712 Ifscelsns
1352 2684 1376 2710 in
1387 2683 1410 2709 li,
1426 2683 1502 2709 ned.
1514 2689 1603 2717 xxxiv,
1617 2682 1652 2709 ib.
1667 2682 1772 2717 p.7t7).

1769 260 1820 287 An.
1838 260 1866 288 C.
1886 260 1954 288 1605

1813 749 1882 779 Causa
1895 750 1958 779 huius

1773 778 1937 798 constitutionis.
