2227 3241
225 295 315 322 Aac,
339 294 405 323 1603

242 780 355 805 berngario
364 784 411 800 con·

229 808 346 827 trariuruin.

451 286 514 321 544

425 343 614 377 auctoritate
649 343 838 385 fungentes,
867 342 962 375 etiam
995 351 1163 375 causarum

426 396 534 431 Palatii
563 396 734 440 Apostolici
756 395 929 436 auditores,
953 406 990 429 ac
1009 397 1039 429 S.
1063 396 1098 428 R.
1128 395 1160 428 E.

425 449 615 489 cardinales,
639 448 735 481 etiam
757 449 795 482 de
815 449 914 481 latere
928 448 1050 491 legatos
1070 453 1101 481 et
1122 447 1165 480 vi-

425 500 605 542 celegatos‚
635 499 768 532 iudicari
804 505 835 532 et
862 498 990 532 deliniri
1023 498 1161 538 debere,

425 552 551 585 irritum
572 562 701 596 quoque
722 558 752 585 et
773 552 882 593 inane,
899 552 1059 596 quidquid
1075 562 1165 585 secus

425 615 521 649 super
539 605 587 638 liis
601 617 618 639 a
636 616 810 649 quoquam,
831 606 941 650 quavis
961 605 1162 646 auctoritate,

426 659 564 692 scienter
587 659 634 692 vel
666 659 877 701 ignoranter,
912 659 1083 700 contigerit
1113 664 1162 692 at-

428 713 554 746 tentari.

473 768 489 808 S
510 765 540 799 5.
565 766 633 799 Non
648 766 849 799 obstantibus
863 765 996 808 singulis
1009 764 1165 809 praemis-

427 819 482 859 sis,
504 829 540 852 ac
565 818 654 853 Pauli
679 818 935 863 praedecessoris
960 817 1163 858 huiusmodi,

428 877 458 905 et
471 871 659 915 quorumvis
679 872 816 905 aliorum
839 872 1060 905 Romanorum
1078 871 1168 904 Pon—

429 924 548 958 tificum
568 925 663 957 etiam
682 925 967 969 praedecessorum
981 930 1165 958 nostrorum

428 977 467 1010 de
496 977 592 1011 rebus
617 977 778 1011 Ecclesiae
808 988 872 1011 non
902 977 1101 1018 alienandis,
1131 987 1168 1010 ac

428 1030 497 1064 aliis
524 1030 687 1074 quibusvis
715 1031 999 1064 constitutionibus
1022 1037 1053 1064 et
1079 1030 1167 1064 ordi-

428 1083 611 1116 nationibus
625 1084 818 1127 apostolicis,
835 1094 960 1117 necnon
982 1084 1169 1117 monasterii

428 1136 458 1169 S.
482 1136 562 1170 Galli
585 1142 615 1170 et
639 1136 766 1170 Ordinis
796 1137 1048 1181 praedictorum,
1077 1137 1166 1170 iura-

431 1194 550 1229 mento,
567 1189 816 1223 confirmatione
830 1190 1017 1234 apostolica,
1034 1190 1081 1222 vel
1097 1200 1170 1234 qua-

429 1242 474 1276 vis
502 1242 654 1276 firmitate
679 1243 740 1276 alia
770 1243 930 1277 roboratis
949 1271 956 1284 ,
987 1244 1112 1277 statutis
1141 1249 1171 1276 et

430 1297 731 1339 consuetudinibus,
760 1297 933 1342 privilegiis
964 1308 1093 1341 quoque
1121 1298 1169 1330 in-

431 1350 527 1384 dultis
548 1357 579 1384 et
595 1351 708 1384 litteris
729 1351 923 1395 apostolicis,
944 1351 1006 1385 illis
1026 1352 1171 1385 illorum-

432 1415 494 1448 que
514 1406 734 1449 superioribus
767 1412 797 1439 et
826 1406 983 1449 personis,
1015 1406 1073 1439 sub
1095 1406 1166 1449 qui-

432 1458 632 1502 buscumque
659 1459 823 1492 tenoribus
841 1466 871 1493 et
895 1459 1016 1500 formis,
1041 1469 1076 1492 ac
1098 1469 1170 1492 cum

433 1513 596 1556 quibusvis
621 1513 770 1547 clausulis
796 1519 826 1547 et
851 1513 1009 1554 decretis,
1037 1513 1069 1546 in
1095 1523 1171 1546 con-

435 1566 568 1600 trarium
600 1568 706 1600 forsan
731 1567 975 1611 quomodolibet
1000 1567 1168 1607 concessis,

433 1620 619 1664 approbatis
636 1626 667 1653 et
685 1620 852 1654 innovatis:
874 1620 991 1664 quibus
1008 1620 1168 1661 omnibus,

434 1673 558 1706 etiamsi
576 1674 615 1707 de
636 1674 696 1707 illis
716 1673 863 1717 specialis
885 1673 1005 1707 mentio
1025 1673 1173 1707 habenda

434 1727 526 1767 soret,
549 1727 611 1760 illis
628 1727 706 1760 alias
732 1727 763 1759 in
789 1737 848 1760 suo
873 1727 991 1760 robore
1016 1737 1169 1770 perman-

434 1780 533 1821 suris,
563 1781 622 1814 hac
651 1781 718 1814 vice
744 1781 908 1814 dumtaxat
931 1780 1115 1824 specialiter
1142 1785 1173 1813 et

434 1843 581 1877 expresse
601 1834 804 1876 derogamus,
828 1833 1027 1877 caeterisque
1047 1839 1173 1867 contra-

435 1887 489 1920 riis
507 1887 776 1931 quibuscumque.

479 1941 593 1974 Datum
619 1941 739 1973 Romae
761 1940 845 1984 apud
871 1944 1017 1973 sanctum
1031 1941 1172 1974 Marcum

436 2004 520 2027 anno
545 1993 777 2027 lncarnationis
809 1993 993 2027 Dominicae
1024 2004 1169 2035 MDCvm,

435 2046 571 2091 septimo
593 2046 664 2080 idus
685 2046 822 2089 augusti,
846 2046 1051 2091 pontificatus
1071 2047 1172 2081 nostri

435 2110 520 2133 anno
545 2110 587 2134 iv.

469 2153 528 2181 Dat.
549 2153 592 2180 die
611 2153 626 2180 7
642 2152 748 2189 augusti
773 2153 848 2187 1608,
871 2152 965 2189 pontif.
983 2162 1026 2180 an.
1042 2160 1078 2182 iv.

738 2287 868 2323 CXVllI.

437 2369 529 2410 Quod
543 2370 694 2403 ›izonacln'
709 2369 976 2413 &iamentationis
991 2370 1100 2402 bealae
1111 2369 1175 2402 Ma-

479 2423 549 2456 riae
568 2422 748 2463 Fuliensis,
777 2422 911 2457 Ordinis
941 2423 1172 2463 Cz'stcrciensi's,

476 2477 603 2520 possint
619 2476 752 2519 ubique,
775 2475 813 2509 de
828 2475 898 2508 80ch
920 2474 1176 2510 Ordt'ncwiorum

481 2530 624 2571 lz'cenlz'ci,
645 2540 729 2562 nora
742 2529 940 2562 monasteria
960 2533 1142 2562 construere
1154 2528 1172 2562 ¹.

474 2611 483 2636 1
513 2609 591 2637 istam
621 2609 862 2645 Congregationem
897 2609 983 2645 primo
1017 2609 1177 2645 approbavit

437 2653 525 2681 Sixtus
546 2655 565 2680 V
590 2654 703 2681 Constit.
730 2662 762 2681 xc
786 2654 880 2689 Super
902 2654 1015 2689 specula
1032 2654 1070 2688 (in
1095 2654 1122 2681 li.
1149 2661 1175 2680 n.

438 2697 502 2724 edit.
518 2706 548 2725 cx
566 2702 630 2726 tom.
646 2706 694 2726 viii
710 2707 771 2735 pag.
786 2696 861 2732 915).

1003 294 1186 319 BULLARIUM
1206 294 1360 318 ROMANUM

1423 340 1533 368 Paulus
1559 340 1638 374 Papa
1659 340 1695 373 V,

1323 387 1358 412 ad
1374 387 1552 420 perpetuam
1569 384 1616 412 rei
1634 383 1812 412 memoriam.

1244 446 1416 480 Ministerio
1434 446 1516 480 sacri
1537 445 1733 490 apostolatus
1752 445 1849 478 oflicii
1863 445 1936 484 licet

1200 499 1351 533 immeriti
1376 499 1606 543 praesidentes,
1630 499 1670 531 ad
1695 508 1753 537 ea,
1777 508 1835 541 per
1853 507 1936 541 quae

1199 558 1388 587 cunctorum
1407 552 1563 593 fidelium,
1583 551 1771 595 praesertim
1792 550 1934 593 Religio-

1200 616 1309 640 sorum
1342 606 1401 639 sub
1434 604 1666 639 reformatione
1696 604 1736 637 ad
1767 603 1936 637 arctiorem

1201 661 1358 704 regularis
1379 660 1567 704 disciplinae
1584 658 1818 692 observantiam
1839 657 1938 691 intro-

1201 714 1296 747 ducta
1313 713 1506 754 vacantium,
1526 711 1683 757 profectui
1704 717 1735 744 et
1758 720 1872 744 eorum
1891 710 1939 744 lo-

1201 777 1311 800 corum
1345 765 1542 810 regularium
1573 763 1799 809 propagationi
1830 762 1939 808 provi-

1202 819 1326 860 deatur,
1345 819 1483 852 libenter
1507 817 1715 857 intendimus,
1739 822 1770 850 et
1787 825 1837 857 ca,
1857 825 1941 860 quae

1202 872 1249 905 his
1274 872 1515 916 quodammodo
1541 871 1668 905 obstare
1695 870 1854 910 videntur,
1881 869 1942 902 tol-

1202 925 1308 967 limus,
1325 931 1356 959 et
1373 925 1451 959 alias
1472 925 1503 958 in
1528 924 1577 958 his
1602 923 1702 957 officii
1721 922 1821 956 nostri
1835 927 1942 967 partes

1201 978 1417 1012 favorabiliter
1445 977 1660 1022 impertimur,
1686 981 1792 1021 prout,
1817 985 1938 1016 rerum,

1203 1037 1384 1076 temporum
1399 1036 1430 1065 et
1445 1040 1656 1075 personarum
1672 1028 1879 1074 qualitatibus
1894 1027 1942 1062 di-

1204 1085 1340 1128 ligenter
1360 1084 1511 1129 pensatis,
1531 1083 1747 1130 conspicimus
1760 1082 1790 1116 in
1804 1081 1941 1116 Domino

1203 1138 1376 1172 salubriter
1394 1138 1555 1182 expedire.

1248 1194 1264 1235 g
1286 1191 1315 1225 ’1.
1340 1192 1417 1226 Cum
1438 1191 1546 1234 igitur,
1562 1191 1644 1225 sicut
1657 1200 1729 1224 cum
1744 1199 1861 1233 magno
1877 1189 1942 1234 spi-

1206 1246 1312 1280 rituali
1333 1246 1450 1288 gaudio
1471 1251 1580 1278 nostro
1600 1244 1784 1288 accepimus
1798 1271 1806 1284 ,
1834 1243 1940 1277 dilecti

1204 1299 1262 1332 filii
1282 1299 1432 1341 Religiosi
1454 1304 1484 1332 et
1513 1297 1662 1331 monachi
1682 1296 1943 1340 Congregationis

1205 1353 1316 1386 beatae
1341 1352 1456 1386 Mariae
1482 1351 1638 1385 Fuliensis
1665 1350 1793 1384 Ordinis
1820 1350 1940 1384 Cister-

1205 1406 1331 1447 ciensis,
1356 1412 1418 1439 tam
1436 1405 1558 1439 Galliae
1576 1415 1670 1449 quam
1689 1405 1797 1438 Italiae
1811 1404 1944 1448 aliisque

1207 1459 1317 1493 mundi
1342 1459 1498 1503 partibus,
1521 1464 1657 1502 pergant
1676 1457 1802 1491 assidue
1826 1458 1890 1491 Deo
1915 1464 1946 1491 et
1992 1489 1999 1495 ,

1206 1513 1364 1547 Ecclesiae
1393 1523 1469 1546 suae
1495 1518 1622 1546 sanctae
1643 1513 1731 1555 (non
1759 1511 1863 1545 solum
1884 1510 1944 1555 ipsi

1205 1568 1269 1601 Deo
1289 1577 1348 1610 per
1373 1566 1551 1600 orationem
1583 1572 1613 1599 et
1639 1565 1944 1609 contemplationem

1205 1620 1317 1653 sedulo
1338 1619 1491 1659 vacando,
1515 1629 1625 1652 verum
1647 1618 1743 1651 etiam
1764 1617 1944 1651 animarum

1205 1674 1339 1706 salutem
1359 1673 1504 1716 exemplo
1520 1678 1550 1705 et
1567 1672 1714 1705 doctriua
1727 1671 1863 1704 sollicite
1875 1681 1947 1715 pro-

1207 1726 1373 1769 curando)
1395 1732 1521 1768 gratum
1555 1725 1707 1758 exhibere
1735 1724 1943 1764 lamulatum;

1206 1790 1345 1823 cumque
1370 1780 1402 1812 in
1428 1780 1495 1813 dies
1516 1780 1638 1812 fructus
1659 1778 1825 1811 uberiores
1844 1788 1882 1811 ex
1899 1777 1946 1811 di-

1206 1839 1274 1867 ctae
1288 1833 1462 1876 Religionis
1479 1832 1721 1877 propagatione,
1736 1831 1947 1865 benedicente

1204 1887 1352 1928 Domino,
1376 1886 1524 1931 sperandi
1545 1886 1621 1919 sint:
1647 1896 1705 1919 nos
1721 1886 1778 1919 ad¹
1800 1895 1848 1926 ea,
1865 1896 1948 1930 quae

1206 1940 1440 1984 Religiosorum
1473 1939 1716 1983 praedictorum
1759 1938 1947 1972 adiumento

1206 2004 1274 2027 esse
1293 1998 1438 2037 possunt,
1453 1992 1670 2032 concedenda,
1689 1997 1720 2025 et
1734 1991 1774 2024 ad
1794 2001 1842 2032 ea,
1865 2001 1949 2035 quae
2000 2008 2004 2012 ·

1205 2047 1267 2080 illis
1289 2047 1320 2080 in
1345 2046 1406 2079 hoc
1431 2045 1699 2089 impedimentum
1730 2044 1861 2088 aliquod
1892 2044 1949 2078 ad-

1206 2101 1289 2134 serre
1321 2100 1553 2142 dignoscuntur
1567 2125 1574 2139 ,
1598 2097 1791 2131 removenda
1805 2123 1813 2138 ,
1834 2097 1948 2132 merito

1206 2152 1431 2198 propensiores
1451 2161 1573 2185 sumus.

1250 2207 1265 2250 g
1289 2206 1319 2239 Ξ).
1347 2206 1550 2249 Quapropter
1575 2203 1694 2238 dictam
1719 2188 1967 2246 (long-rogatio!

1206 2270 1278 2293 nem
1308 2258 1488 2293 Fuliensem
1514 2257 1662 2302 specialis
1692 2257 1814 2300 gratiae
1839 2257 1947 2290 favore

1207 2312 1358 2358 prosequi
1388 2312 1554 2351 volentes,
1588 2310 1738 2354 illiusque
1770 2309 1947 2353 singulares

1208 2376 1362 2411 personas
1394 2375 1411 2398 a
1443 2364 1608 2409 quibusvis
1641 2363 1947 2397 excommunicatio-

1208 2419 1267 2461 nis,
1287 2424 1347 2452 etc.
1366 2446 1373 2459 ‚
1404 2422 1580 2458 censentes,
1602 2421 1692 2450 motu
1715 2416 1859 2460 proprio,
1883 2425 1949 2450 non

1209 2473 1249 2506 ad
1270 2471 1404 2506 alicuius
1423 2470 1516 2504 nobis
1535 2480 1633 2514 super
1657 2469 1719 2502 hoc
1743 2469 1870 2502 oblatae
1894 2479 1947 2512 pe·

1212 2525 1358 2559 tititionis
1376 2523 1572 2563 instantiam,
1588 2523 1643 2556 sed
1661 2522 1700 2556 de
1721 2524 1810 2555 mera
1829 2521 1950 2555 delibe-

1211 2579 1334 2613 ratione
1354 2589 1389 2612 ac
1415 2579 1500 2611 certa
1520 2575 1662 2619 scientia,
1687 2575 1791 2620 deque
1816 2581 1947 2620 aposto-

1211 2644 1266 2667 cae
1297 2630 1461 2676 potestatis
1491 2629 1712 2674 plenitudine,
1747 2629 1787 2663 de
1815 2629 1950 2678 consilio

1247 2697 1257 2723 ¹1
1281 2696 1381 2730 Praep.
1398 2694 1436 2722 ad
1449 2702 1499 2722 nos
1515 2692 1641 2720 addimus
1657 2696 1694 2728 (a.
1711 2691 1759 2727 'r.).

1952 287 2001 316 An.
2014 286 2042 314 C.
2062 285 2130 315 1608

1976 455 2096 477 Eion-dium.

2007 1197 2096 1220 Fructus
2115 1203 2141 1219 ex
2174 1209 2175 1212 =

1957 1225 2018 1246 buius
2049 1224 2140 1250 Congre-

1957 1250 2140 1277 gationisamplia-
2165 1274 2168 1279 ,

1956 1279 2013 1299 tione
2022 1279 2139 1299 manantes.

1995 2205 2088 2227 Pontifex
2099 2206 2164 2231 toea·

1962 2233 2040 2259 ubique
2061 2232 2086 2253 de
2101 2231 2149 2262 seia,

1962 2258 2144 2288 ordinatim-uinta,

1961 2286 2031 2307 centia
2054 2286 2152 2306 construtl
2164 2290 2165 2293 ¹
2177 2292 2183 2297 ⁹

1963 2315 1984 2334 et
1997 2312 2063 2338 recipi
2084 2315 2145 2338 possa
2161 2321 2164 2327 ·
2195 2310 2203 2331 ὃ

1962 2339 2068 2361 concedit.
