2227 3241
246 287 293 313 An.
311 286 341 313 C.
361 287 427 315 160ss

274 1299 431 1326 Exequuiorum

248 1327 366 1353 deputatio.

473 278 536 312 53:32
1012 287 1188 312 tirttimrii

445 336 562 376 notari,
590 335 770 380 impugnari
797 340 851 368 aut
877 335 954 368 alias
975 336 1181 379 quomodoli-

445 390 497 423 bet
522 388 660 431 infringi,
684 389 861 426 retractari,
885 399 939 422 seu
960 389 1123 422 invalidari
1146 399 1180 422 ex

445 452 648 486 quacumque
667 444 761 475 causa
787 443 833 476 vel
855 448 1019 486 praetexui
1050 442 1181 476 mininie

445 505 549 538 posse,
569 496 624 529 sed
641 505 769 539 semper
789 501 819 529 et
838 502 995 540 perpetuo
1016 495 1135 529 validas
1153 501 1182 529 ct

445 548 592 582 efficaces
613 549 770 592 existere,
802 560 940 594 suosque
966 549 1127 594 plenarios
1152 555 1183 583 et

446 603 586 645 integros
607 603 737 637 effectus
756 604 861 637 sortiri
888 610 914 638 et
938 604 1094 638 obtinere.
1117 603 1183 638 Sic-

445 666 506 699 que
521 661 551 690 et
563 666 626 689 non
642 656 735 690 aliter
748 668 806 701 per
822 667 1043 702 quoscumque
1064 657 1184 691 iudices

444 708 626 742 ordinarios
653 715 680 741 et
710 710 895 753 delegatos,
923 711 1068 755 aliosque
1097 722 1183 745 com-

445 762 619 804 missarios,
648 763 742 796 etiam
764 774 933 797 causarum
956 764 1069 798 Palatii
1094 766 1180 809 Apo-

444 814 546 848 stolici
568 815 733 850 auditores
754 822 784 850 et
803 822 934 851 sanctae
955 817 1117 851 Romanae
1129 818 1184 852 Ee-

444 867 560 902 clesiae
571 868 760 911 cardinales,
778 870 872 903 etiam
893 871 930 904 de
952 871 1184 914 laterelegatos

446 921 584 964 (sublata
597 921 641 955 eis
655 927 811 956 eteorum
827 923 957 957 cuilibet
971 924 1081 968 quavis
1093 924 1202 957 aliter·

446 973 609 1008 iudicandi
629 980 659 1008 et
680 975 910 1020 interpretandi
929 976 1088 1020 facultate)
1104 976 1203 1037 iudi-¹

445 1027 523 1069 cari,
537 1027 664 1061 definiri
679 1034 710 1062 et
724 1029 932 1074 interpretari
947 1030 1075 1071 debere,
1096 1041 1132 1064 ac
1149 1040 1184 1063 ex

445 1091 531 1114 nunc
544 1081 669 1115 irritum
681 1088 712 1116 et
723 1082 815 1117 inane
825 1083 978 1128 quicquid
988 1094 1079 1117 secus
1089 1094 1185 1128 super

446 1134 494 1167 liis
515 1145 532 1168 a
552 1145 729 1180 quoquam,
746 1137 857 1180 quavis
869 1137 1070 1178 auctoritate,
1083 1137 1185 1170 scien-

446 1193 494 1221 ter
519 1188 567 1222 vel
592 1189 794 1231 ignoranter,
826 1190 997 1234 contigerit
1018 1190 1185 1231 attentari,

446 1240 566 1274 eisdem
581 1242 772 1276 auctoritate
786 1249 816 1277 et
830 1249 938 1277 tenore
952 1243 1167 1277 decernimus.

491 1293 555 1336 58.
585 1294 741 1334 Quocirca
766 1296 1003 1330 venerabilibus
1036 1297 1186 1330 fratribus

446 1347 695 1393 archiepiscopis
712 1349 912 1390 Taurinensi,
936 1349 1185 1392 Rottiomagensi

446 1406 477 1434 et
493 1400 686 1443 Tholosano,
707 1413 743 1436 ac
763 1403 913 1447 episcopo
930 1403 1112 1444 Parisiensi‚
1129 1414 1187 1436 nec

446 1463 510 1488 non
536 1455 652 1489 dilecto
673 1455 740 1490 filio
760 1467 930 1491 causarum
955 1457 1062 1491 curiae
1082 1457 1188 1491 Came-

447 1517 501 1541 rae
537 1508 738 1552 Apostolicae
775 1510 917 1552 generali
953 1509 1091 1543 auditori
1130 1520 1188 1554 per

446 1567 631 1604 praesentes
665 1563 896 1597 committimus
921 1569 948 1597 et
977 1563 1184 1603 mandamus,

447 1622 605 1659 quatenus
630 1616 702 1661 ipsi,
723 1617 769 1651 vel
791 1617 866 1659 duo,
895 1624 948 1652 aut
972 1628 1055 1652 unus
1075 1628 1185 1652 eorum

447 1679 506 1713 per
529 1680 573 1712 se,
594 1670 642 1703 vel
663 1670 775 1712 alium,
798 1681 854 1705 seu
879 1671 977 1712 alios,
1004 1677 1187 1716 praesentes

449 1722 572 1757 litteras
597 1729 627 1758 et.
652 1723 683 1756 in
709 1723 753 1757 eis
779 1717 928 1758 contenta
949 1735 1184 1769 quaecumque,

448 1776 503 1809 ubi
519 1782 550 1810 et
563 1777 693 1821 quando
714 1787 795 1821 opus
817 1777 923 1818 fuerit,
941 1784 971 1811 et
991 1777 1116 1823 quoties
1128 1789 1187 1822 pro

448 1835 539 1873 parte
560 1830 720 1873 generalis
750 1840 811 1874 pro
832 1836 977 1875 tempore
1003 1831 1184 1869 existentis,

449 1889 477 1916 et
509 1884 646 1917 aliorum
678 1885 881 1928 superiorum
914 1891 945 1918 et
975 1895 1186 1929 personarum

449 1937 554 1971 dictae
582 1937 845 1981 Congregationis
877 1938 1034 1972 Fuliensis
1071 1939 1188 1972 fuerint,

450 1991 606 2035 requisiti,
627 1991 814 2025 solemniter
829 1992 1041 2036 publicantes,
1062 1992 1188 2037 illisque

450 2044 481 2077 in
511 2044 694 2088 praemissis
714 2044 853 2079 efficacis
883 2045 1077 2079 defensionis
1097 2056 1189 2090 prae-

449 2097 533 2131 sidio
558 2097 750 2139 assistentes,
779 2099 895 2132 faciant
922 2099 1110 2133 auctoritate
1132 2109 1188 2133 no-

449 2152 514 2184 stra
539 2151 610 2185 illos
634 2151 885 2196 praemissorum
903 2153 1047 2186 omnium
1070 2158 1099 2186 et
1117 2153 1185 2186 sin-

450 2205 601 2247 gulorum
619 2205 732 2239 effectu
749 2206 882 2250 pacifice
900 2206 959 2239 frui
981 2203 1009 2239 et
1031 2206 1187 2249 gaudere,

449 2268 515 2292 non
540 2258 760 2303 permittentes
780 2270 834 2293 eos
859 2260 997 2303 desuper
1016 2270 1074 2304 per
1094 2270 1190 2304 quos-

450 2322 589 2356 cumque
603 2312 847 2356 quomodolibet
862 2313 1001 2346 indebite
1014 2313 1189 2347 molestari.

450 2365 711 2399 Contradictores
744 2365 906 2409 quoslibet
932 2371 962 2398 et
993 2366 1129 2399 rebelles
1153 2376 1190 2399 ac

451 2418 633 2462 praemissis
658 2427 722 2451 non
743 2424 903 2463 parentes,
924 2429 981 2462 per
1004 2419 1187 2460 sententias,

452 2481 603 2505 censuras
620 2476 650 2505 et
666 2481 786 2516 poenas
804 2471 1043 2514 ecclesiasticas,
1064 2472 1190 2516 aliaque

452 2528 636 2566 opportuna
660 2522 738 2556 iuris
758 2528 788 2556 ct
809 2523 882 2556 facti
905 2522 1058 2563 remedia,
1082 2523 1191 2567 appel-

453 2576 572 2610 latione
584 2576 770 2620 postposita,
787 2576 1191 2621 compescendo,invocato

453 2629 548 2663 etiam
568 2630 606 2663 ad
625 2630 697 2670 lioc,
720 2630 744 2663 si
763 2640 843 2675 opus
861 2630 966 2672 fuerit,
988 2631 1105 2664 auxilio
1123 2631 1192 2664 bra-

454 2682 514 2716 cliii
537 2684 717 2717 saecularis.

1214 288 1275 312 ROM
1283 288 1365 312 tNtiM

1260 339 1276 378 g
1300 338 1329 369 tl.
1355 337 1422 370 Non
1451 336 1653 370 obstantibus
1678 337 1778 371 felicis
1803 338 1953 372 recorda-

1217 390 1311 422 tionis
1331 390 1484 423 Bonifacii
1507 390 1610 434 Papae
1631 390 1708 431 Vlll,
1729 392 1953 435 praedecesso-

1217 443 1259 475 ris
1273 443 1383 482 nostri,
1401 444 1441 476 de
1460 446 1534 484 una,
1551 450 1582 477 et
1602 444 1633 477 iii
1651 444 1790 478 concilio
1810 445 1952 488 generali

1217 496 1300 529 edita
1322 496 1361 529 de
1381 496 1506 529 duabus
1531 497 1664 539 diaetis,
1693 498 1870 531 dummodo
1894 497 1953 531 ali-

1217 550 1287 594 quis
1312 550 1502 584 auctoritate
1530 550 1746 594 praesentium
1779 551 1863 585 ultra
1892 557 1955 585 tres

1218 604 1338 637 diaetas
1369 605 1407 637 ad
1440 604 1593 643 iudicium
1623 615 1687 638 non
1721 605 1886 646 trabatur,
1919 615 1955 639 ae

1218 657 1383 701 quibusvis
1407 657 1477 690 aliis
1498 658 1691 702 apostoliciS‚
1719 669 1756 693 ac
1777 659 1808 692 in
1829 658 1956 692 univer-

1218 709 1359 751 salibus,
1387 711 1658 754 provincialibus,
1688 717 1719 745 et
1749 711 1956 756 synodalibus

1218 763 1363 796 conciliis
1388 764 1492 805 editis⁷
1516 765 1722 806 generalibus
1739 766 1787 799 vel
1811 765 1957 810 speciali-

1219 816 1288 856 bus,
1316 817 1598 852 constitutionibus
1630 824 1660 852 et
1680 819 1954 860 ordinationibus,

1219 880 1254 902 ac
1283 870 1441 904 dictorum
1476 871 1721 906 Ordinariorum
1756 872 1901 906 locorum
1927 878 1959 906 et

1218 921 1373 956 Ordinum
1399 923 1619 958 (listerciensis
1643 930 1675 958 et
1695 925 1954 966 Mendicantium,

1219 975 1312 1008 etiam
1340 976 1533 1018 iuramento,
1557 978 1803 1012 confirmatione
1828 983 1958 1022 aposto-

1220 1029 1290 1069 lica,
1314 1030 1361 1062 rel
1382 1030 1492 1074 quavis
1514 1031 1665 1065 firmitate
1694 1031 1755 1065 atta
1784 1031 1954 1072 roboratis,

1218 1082 1343 1115 statutis
1376 1088 1406 1115 et
1438 1084 1747 1126 consuetudinibus,
1783 1084 1958 1129 privilegiis

1220 1145 1371 1179 quoque,
1407 1136 1537 1170 indultis
1569 1143 1599 1171 et
1631 1138 1743 1172 litteris
1774 1137 1959 1182 apostolicis

1220 1189 1408 1222 eorumdem
1426 1189 1672 1224 Ordinariorum
1691 1197 1722 1224 et
1741 1191 1897 1225 Ordinum
1915 1190 1960 1224 Ci-

1220 1241 1400 1276 sterciensis
1425 1249 1455 1276 et
1479 1243 1740 1285 Mendicantium,
1763 1244 1959 1288 illorumque

1220 1296 1435 1338 generalibus,
1456 1297 1636 1339 abbatibus,
1656 1297 1888 1342 superioribus,
1909 1307 1960 1332 ee-

1221 1348 1336 1390 clesiis,
1362 1351 1563 1384 monasteriis
1583 1357 1615 1385 et
1633 1351 1779 1396 personis
1798 1351 1959 1396 praefatis,

1221 1402 1279 1434 sub
1308 1403 1567 1448 quibuscumque
1595 1405 1769 1439 verborum
1795 1404 1906 1439 formis
1929 1409 1961 1438 et

1223 1456 1397 1496 tenoribus,
1422 1457 1452 1489 in
1474 1457 1671 1490 contrarium
1692 1457 1956 1502 praemissorum,

1204 1524 1205 1527 ¹
1222 1509 1391 1549 concessis,
1415 1521 1451 1543 ac
1468 1510 1588 1554 pluries
1609 1510 1808 1545 confirmatis
1825 1517 1856 1545 et
1872 1511 1960 1544 inno-

1222 1562 1309 1596 vatis.
1333 1563 1453 1602 Quibus
1467 1564 1617 1597 omnibus
1631 1570 1662 1598 et
1673 1564 1819 1607 singulis,
1835 1563 1960 1599 etiamsi

1222 1625 1280 1659 pro
1295 1615 1423 1649 illorum
1438 1616 1610 1650 sufficienti
1624 1617 1834 1660 derogatione
1846 1618 1886 1652 de
1900 1617 1961 1652 illis

1222 1669 1417 1714 illorumque
1435 1670 1508 1704 totis
1530 1671 1694 1705 tenoribus
1709 1672 1868 1716 specialis
1889 1683 1962 1717 spe-

1222 1720 1325 1761 cifica,
1346 1731 1494 1765 expressa
1507 1727 1539 1755 et
1556 1722 1731 1764 individua,
1754 1731 1791 1757 a'c
1811 1723 1851 1757 de
1864 1723 1962 1757 verbo

1222 1774 1261 1807 ad
1281 1774 1425 1816 verbum,
1446 1785 1511 1808 non
1532 1781 1638 1809 autem
1659 1787 1718 1820 per
1736 1777 1892 1810 clausalas
1909 1786 1962 1819 ge-

1222 1828 1346 1862 nerales
1372 1828 1456 1862 idem
1489 1829 1718 1873 iinportantes‚
1753 1830 1874 1864 mentio
1905 1841 1962 1864 seu

1222 1881 1352 1926 quaevis
1365 1881 1426 1914 alia
1443 1882 1604 1926 expressio
1618 1883 1658 1916 ad
1674 1883 1736 1916 hoc
1748 1883 1905 1917 servanda
1921 1883 1963 1917 fo-

1223 1935 1354 1976 ret‚illis
1372 1935 1449 1968 alias
1468 1935 1498 1968 in
1519 1945 1577 1969 suo
1594 1936 1713 1970 robore
1730 1936 1960 1980 permansuris,

1223 1989 1282 2021 hac
1295 1988 1360 2022 vice
1382 1989 1547 2022 dumtaxat
1563 1989 1747 2034 specialiter
1767 1995 1798 2024 et
1815 1999 1963 2035 expresse

1224 2042 1435 2084 derogamus3
1456 2047 1510 2076 aut.
1527 2042 1552 2076 si
1567 2043 1688 2076 eisdem
1706 2043 1853 2078 locorum
1872 2043 1964 2078 Ordi-

1223 2094 1331 2136 nai-iis,
1349 2095 1508 2129 iudicibus
1528 2101 1558 2129 et
1577 2096 1714 2138 vicariis,
1729 2107 1855 2131 necnon
1867 2107 1964 2141 gene-

1223 2149 1355 2190 ralibus,
1371 2149 1551 2190 abbatibus,
1567 2149 1788 2194 superioribus
1807 2150 1964 2184 Ordinum

1224 2202 1421 2244 huiusmodi,
1436 2202 1483 2235 vel
1499 2202 1663 2246 quibusvis
1681 2203 1761 2244 aliis,
1785 2203 1965 2238 communi-

1224 2261 1271 2289 ter
1287 2256 1336 2289 vel
1356 2256 1493 2300 divisim,
1514 2256 1553 2290 ab
1571 2257 1752 2300 Apostolicfi
1765 2257 1899 2292 sitSede
1916 2257 1965 2291 in-

1223 2309 1348 2343 dultum
1374 2310 1461 2353 quod
1486 2310 1782 2352 excommunicari,
1810 2310 1963 2355 suspendi

1224 2363 1272 2397 vel
1292 2363 1439 2397 interdici
1453 2373 1519 2398 non
1531 2364 1656 2409 possint
1675 2374 1733 2408 per
1753 2364 1875 2398 litteras
1888 2374 1965 2409 apo-

1224 2417 1351 2452 stolicas
1371 2428 1436 2451 non
1458 2418 1610 2452 facientes
1630 2418 1759 2462 plenam
1782 2424 1814 2452 et
1831 2428 1966 2463 expres-

1224 2481 1290 2505 sam
1317 2481 1354 2504 ac
1374 2471 1413 2505 de
1433 2471 1531 2505 verbo
1552 2471 1592 2505 ad
1621 2471 1754 2505 verbum
1779 2472 1818 2505 de
1839 2471 1964 2506 indulto

1224 2524 1409 2558 huiusmodi
1431 2525 1639 2566 mentionem,
1663 2525 1861 2569 caeterisque
1881 2534 1962 2559 con·

1226 2578 1329 2611 trariis
1354 2578 1623 2622 quibuscumque.
1672 2574 1686 2604 -'

1269 2632 1286 2674 ξ
1307 2630 1359 2664 10.
1383 2630 1551 2665 Caeterum
1579 2631 1727 2666 volumus
1755 2637 1786 2666 et
1805 2631 1889 2666 dicta
1908 2641 1964 2666 au-

1226 2685 1373 2718 ctoritate
1409 2685 1612 2719 decernimus
1649 2685 1737 2729 quod
1777 2685 1963 2721 earumdem

2135 191 2166 239 ,¹52¹

2138 241 2161 285 Bp*
2172 249 2173 252 =

1970 289 2018 316 An.
2035 289 2065 318 C.
2084 291 2095 318 l
2170 287 2187 330 ζ

1978 279 2177 446 Det-ontio&

1967 383 2102 409 tumentisque
2119 385 2123 388 ⁴
2171 388 2176 394 ·

1967 407 2093 435 contrarium
2129 430 2139 434 „
2185 414 2187 420 ·

1967 433 2076 453 cientium.
2131 438 2143 466 f

2145 574 2187 644 :22

2139 638 2174 694 e,

2139 755 2141 757 ,
2166 743 2177 755 Δ

2140 932 2146 937 -

2176 836 2187 893 Ἴι’

2010 2623 2152 2660 Τηιιιιιιιιβίθ·
2185 2623 2195 2647 Γ

1977 2667 2022 2684 rum
2041 2663 2102 2682 mann
2182 2680 2185 2687 ,

1977 2687 2052 2713 uenit·
2061 2688 2098 2710 ιιι
2131 2710 2136 2714 ,
2180 2694 2202 2735 ζῶ
