2227 3241
228 268 276 295 Λη.
300 268 326 294 C.
347 268 412 296 1607

310 2034 426 2063 Derogatlo

243 2063 406 2081 contrariorum.

458 258 500 291 4⁶2
510 258 523 291 'i

429 316 505 349 vitio
531 315 713 359 impugnari
735 324 798 347 non
826 325 946 358 posse,
977 324 1081 358 neque
1110 314 1168 348 sub

429 368 591 412 quibusvis
608 367 761 400 similium
778 367 823 401 vel
835 367 1039 401 dissimilium
1055 367 1170 410 gratia-

430 432 500 454 rum
520 420 788 462 revocationibus,
809 420 1087 464 suspensionibus,
1108 421 1167 454 de-

431 474 655 516 rogationibus
680 479 734 506 aut
759 473 828 507 aliis
854 474 1026 508 contrariis
1056 474 1166 518 dispo-

429 527 600 561 sitionibus
624 527 875 570 comprehendi,
899 528 955 561 sed
979 537 1106 571 semper
1130 527 1169 559 ab

431 581 492 613 illis
521 585 687 623 exceptaS,
711 586 752 621 et,
781 580 907 624 quoties
931 580 1001 613 illas
1026 580 1169 614 revocari

430 634 477 667 vel
496 628 661 666 immutari
683 633 864 675 contigerit,
886 633 981 667 toties
1006 633 1038 666 in
1062 633 1169 677 pristi-

430 697 507 719 num
533 692 650 719 statum
666 713 673 726 ,
695 686 789 719 etiam
812 686 870 719 sub
897 686 969 719 data
998 686 1169 730 posteriori

430 750 488 783 per
514 739 701 781 magistrum
723 744 753 772 et
773 739 1070 772 administratorem
1096 750 1170 782 per-

431 799 562 838 petuum
589 792 694 825 dictae
711 792 841 825 Militiae
858 803 917 836 pro
936 798 1079 836 tempore
1100 793 1168 826 exi-

432 851 568 879 stentem
588 844 746 887 eligenda,
770 844 942 886 restitutam,
959 845 1116 889 repositas
1142 851 1172 878 et

431 898 575 943 plenarie
596 898 818 940 reintegratas,
839 908 875 931 ac
889 898 928 931 de
945 908 1028 932 novo
1046 909 1172 932 conces-

432 963 481 985 sas
502 962 570 985 esse
591 957 619 984 et
641 950 781 991 censeri,
804 951 915 995 sicque
936 957 966 985 et
990 961 1056 985 non
1078 951 1172 984 aliter

432 1015 489 1049 per
513 1015 738 1048 quoscumque
769 1004 891 1038 iudices
923 1010 953 1038 et
978 1005 1169 1038 commissa-

432 1058 498 1091 rios
522 1057 633 1101 quavis
658 1057 848 1091 auctoritate
870 1058 1048 1100 fungentes,
1076 1057 1170 1090 etiam

434 1121 604 1144 causarum
636 1110 747 1143 Palatii
776 1110 952 1154 Apostolici
983 1110 1170 1152 auditores,

433 1169 488 1197 aut
501 1169 630 1197 sanctae
644 1164 807 1203 Romanae
819 1163 978 1197 Ecclesiae
995 1163 1174 1200 cardinales

435 1218 573 1259 (sublata
596 1217 640 1250 eis
661 1222 691 1250 et
708 1227 819 1250 eorum
839 1217 971 1250 cuilibet
992 1216 1102 1260 quavis
1122 1216 1175 1249 ali-

436 1279 483 1305 ter
499 1271 663 1305 iudicandi
684 1277 715 1304 et
734 1270 967 1314 interpretandi
981 1271 1131 1304 facultate
1145 1275 1175 1303 et

435 1326 648 1369 auctoritate)
674 1325 794 1369 ubique
820 1324 955 1358 iudicari
988 1330 1019 1358 et
1049 1323 1175 1357 definiri

436 1382 564 1423 debere,
593 1394 640 1424 ac,
665 1382 824 1426 quidquid
849 1392 940 1414 secus
965 1391 1062 1424 super
1085 1380 1135 1413 his
1159 1390 1177 1413 a

437 1448 613 1481 quoquam,
631 1436 741 1480 quavis
755 1435 957 1475 auctoritate,
977 1435 1115 1469 scienter
1130 1434 1176 1467 vel

436 1493 635 1534 ignoranter,
649 1490 819 1533 contigerit
832 1490 992 1530 attentari,
1008 1489 1133 1523 irritum
1149 1493 1179 1521 et

437 1545 531 1578 inane
552 1545 745 1584 decernere,
762 1555 821 1577 nec
835 1554 900 1577 non
921 1543 1178 1587 quibuscumque

435 1598 592 1643 personis,
610 1608 814 1642 quacumque
832 1596 997 1639 dignitate,
1021 1596 1179 1640 praeemi-

408 1648 411 1653 “
438 1651 546 1685 nentia
567 1652 615 1684 vel
645 1651 843 1690 excellentia,
867 1650 963 1682 etiam
990 1649 1176 1693 episcopali,

439 1716 494 1739 seu
515 1705 731 1739 cardinalatus
750 1704 874 1737 honore
899 1703 1115 1746 fungentibus,
1144 1714 1180 1736 ac

440 1759 536 1792 etiam
562 1758 733 1792 Ordinario
758 1757 953 1799 Dertusensi,
977 1763 1032 1790 aut
1051 1757 1128 1790 alias
1149 1757 1179 1789 in

438 1812 623 1857 praemissis
649 1812 721 1845 sua¹
751 1811 997 1856 quomodolibet
1028 1811 1181 1844 interesse

440 1865 632 1899 habentibus
657 1871 711 1898 aut
738 1865 858 1898 habere
882 1864 1178 1908 praetendentibus,

440 1924 632 1962 perpetuum
648 1918 809 1952 silentium
826 1918 993 1962 imponere
1006 1917 1116 1951 eadem
1132 1928 1184 1950 au-

443 1973 588 2006 ctoritate
609 1976 716 2006 nostra
737 1983 840 2005 cures.

487 2027 502 2069 ξ
520 2026 549 2059 7.
566 2026 636 2059 Non
651 2025 851 2059 obstantibus
864 2024 1057 2069 praemissis,
1070 2035 1105 2057 ac
1119 2025 1185 2068 qui-

444 2079 549 2113 busvis
581 2078 774 2122 apostolicis,
802 2088 862 2111 nec
888 2088 954 2111 non
986 2077 1018 2110 in
1047 2077 1180 2121 provin-

443 2133 577 2167 cialibus
599 2138 629 2166 et
648 2132 855 2176 synodalibus
884 2131 1184 2174 universalibusque

444 2187 588 2221 conciliis
609 2186 703 2220 editis
723 2192 754 2219 et
771 2185 914 2225 edendis,
931 2184 1123 2228 specialibus
1137 2184 1184 2216 vel

444 2240 669 2283 generalibus,
692 2238 975 2272 constitutionibus
1003 2243 1033 2271 et
1057 2237 1186 2270 ordina-

445 2294 595 2334 tionibus,
619 2304 656 2326 ac
675 2292 804 2326 Militiae
823 2298 854 2325 et
872 2291 1002 2325 Ordinis
1021 2292 1185 2335 praefato-

445 2359 516 2381 rum
531 2348 724 2387 iuramento,
742 2345 988 2379 confirmatione
1002 2344 1186 2389 apostolica,

446 2403 492 2435 vel
511 2401 621 2445 quavis
635 2400 788 2433 firmitate
801 2399 863 2432 alia
876 2399 1047 2440 roboratis,
1063 2398 1187 2432 statutis

447 2461 477 2489 et
495 2453 791 2494 consuetudinibus,
815 2463 850 2486 ac
871 2452 1036 2497 quibusvis
1058 2452 1188 2496 privile-

485 2545 496 2571 1
518 2544 595 2570 Istud
620 2542 785 2570 vocabulum
808 2549 860 2569 sua
885 2541 1057 2576 superfluum
1084 2541 1189 2568 censeri

449 2591 538 2623 potest
552 2588 594 2614 vel
618 2587 767 2621 legendum
791 2594 856 2619 sem
877 2585 930 2612 nisi
954 2586 1016 2620 quis
1037 2585 1190 2620 intelligere

450 2633 514 2659 velit
532 2632 702 2659 habenlibus
720 2639 773 2658 sua
793 2631 927 2658 ¹interesse
956 2630 1028 2656 idest
1051 2638 1102 2658 sita
1122 2630 1190 2658 ‘iura

451 2678 477 2704 in
498 2677 672 2712 praemissis3
694 2676 767 2711 quod
787 2678 828 2704 est
847 2675 1006 2702 inusitatum
1022 2675 1059 2710 (tt.
1078 2674 1127 2709 tu).

1005 265 1188 291 BULLAmttM
1206 265 1359 291 ROMANUM

1203 314 1262 357 giis
1282 325 1319 347 ac
1339 314 1470 348 indultis
1484 314 1641 347 etlitteris
1659 313 1846 358 apostolicis
1857 313 1942 347 dicto

1203 367 1353 411 episcopo
1382 366 1567 400 Dertusensi
1595 377 1652 399 seu
1684 366 1849 410 quibusvis
1873 367 1942 399 aliis

1203 419 1360 463 personis,
1380 420 1438 452 sub
1459 419 1718 463 quibuscumque
1734 419 1899 452 tenoribus
1913 425 1944 452 et

1204 472 1326 514 formis,
1351 484 1388 506 ac
1402 483 1474 506 cum
1500 472 1665 517 quibusvis
1686 472 1781 506 etiarn
1802 473 1940 515 deroga-

1204 526 1359 559 toriarum
1378 525 1603 568 derogatoriis,
1627 525 1763 570 aliisque
1788 524 1945 558 efficacio-

1206 579 1293 613 ribus
1311 585 1341 612 et
1354 578 1489 612 insolitis
1503 579 1665 620 clausulis,
1679 578 1946 622 irritantibusque

1205 638 1235 666 et
1259 633 1329 666 aliis
1356 633 1510 673 decretis,-
1527 643 1565 666 ac
1585 632 1674 672 alias,
1695 632 1728 665 in
1748 631 1945 665 contrarium

1206 687 1312 720 forsan
1326 686 1574 730 quomodolibet
1588 685 1758 726 concessis,
1775 684 1947 718 confirma-

1206 740 1244 773 tis
1265 746 1296 773 et
1316 740 1485 774 innovatis.
1514 740 1634 779 Quibus
1659 739 1810 773 omnibus
1828 749 1888 783 pro
1909 738 1946 771 il·
1972 758 1974 760 >

1206 794 1311 826 lorum
1333 794 1503 827 sufficienti
1530 793 1750 836 derogatione,
1779 803 1816 825 ac
1840 790 1882 825 si¹
1909 792 1948 825 de

1206 846 1269 879 illis
1295 857 1474 890 eorumque
1499 846 1573 879 totis
1594 845 1760 879 tenoribus
1780 844 1944 889 specialis,

1205 899 1378 943 specifica,
1410 910 1560 944 expressa
1580 905 1611 932 et
1634 898 1822 940 individua,
1849 908 1886 932 ac
1910 899 1949 931 de

1207 952 1304 986 verbo
1318 954 1357 986 ad
1378 953 1525 994 verbum,
1546 963 1610 986 non
1628 958 1734 986 autem
1749 963 1806 997 per
1826 953 1950 986 clausu-

1207 1007 1251 1039 las
1276 1007 1442 1048 generales
1468 1007 1554 1040 idem
1581 1007 1804 1050 importantes,
1828 1005 1950 1039 mentio

1207 1069 1263 1092 seu
1283 1059 1414 1103 quaevis
1442 1060 1505 1092 alia
1533 1059 1694 1104 expressio
1723 1058 1873 1092 habenda
1897 1063 1952 1091 aut

1207 1112 1315 1155 aliqua
1324 1112 1386 1145 alia
1398 1112 1552 1156 exquisita
1563 1113 1668 1145 forma
1677 1112 1716 1145 ad
1727 1111 1788 1145 hoc
1797 1111 1952 1145 servanda

1208 1165 1301 1206 foret,
1328 1170 1453 1199 tenores
1478 1165 1675 1207 huiusmodi,
1692 1176 1729 1199 ac
1750 1165 1775 1198 si
1793 1165 1832 1198 de
1851 1165 1951 1198 verbo

1209 1219 1249 1251 ad
1263 1219 1408 1260 verbum,
1427 1219 1508 1252 nihil
1522 1219 1649 1263 penitus
1663 1219 1782 1253 omisso
1799 1229 1836 1252 ae
1849 1219 1952 1252 forma

1210 1272 1240 1304 in
1262 1272 1324 1305 illis
1351 1272 1466 1306 tradita
1491 1273 1668 1314 observata,
1693 1272 1802 1306 inserti
1824 1273 1948 1313 forent,

1210 1325 1272 1358 illis
1292 1325 1369 1359 alias
1390 1325 1422 1358 in
1443 1337 1501 1360 suo
1516 1326 1635 1359 robore
1648 1325 1879 1370 permansuris,
1893 1325 1953 1359 bac

1211 1379 1278 1412 viee
1293 1379 1468 1420 dumtaxat,
1489 1380 1605 1413 barum
1619 1379 1711 1421 serie,
1726 1379 1908 1423 specialiter
1922 1385 1953 1413 et

1211 1444 1358 1477 expresse
1376 1434 1581 1477 derogamus,
1603 1434 1802 1478 caeterisque
1827 1439 1954 1467 contra-

1212 1486 1266 1520 riis
1284 1487 1552 1531 quibuscumque.

1256 1540 1369 1574 Datum
1391 1541 1512 1574 Romae
1531 1540 1617 1583 apud
1650 1540 1680 1573 S.
1715 1541 1843 1573 Petrum
1858 1567 1867 1580 ,
1895 1539 1954 1573 sub

1213 1595 1333 1628 annulo
1364 1594 1536 1627 piscatoris
1558 1594 1610 1627 die
1641 1604 1693 1627 xix
1725 1593 1800 1626 maii
1830 1603 1952 1633 mocvn,

1214 1648 1420 1692 pontificatus
1440 1647 1541 1680 nostri
1560 1656 1645 1679 anno
1666 1656 1700 1679 11.

1250 1701 1309 1728 Dat.
1330 1702 1373 1728 die
1396 1702 1426 1728 19
1442 1701 1505 1728 maii
1527 1701 1606 1735 1607,
1629 1700 1724 1736 pontif.
1741 1709 1784 1728 an.
1802 1707 1832 1729 Π.

1515 1817 1658 1851 LXXVII.

1219 1889 1465 1931 Confirmaittnr
1489 1892 1612 1922 statuta
1636 1899 1692 1921 seit
1720 1889 1848 1922 decretu
1872 1899 1955 1936 tton-

1260 1942 1357 1975 mclla
1368 1941 1405 1974 ab
1417 1941 1659 1985 archiepiscopo
1674 1941 1861 1976 Coloniensi
1872 1941 1959 1975 edita

1258 2007 1318 2040 pro
1337 1996 1567 2039 reformatione
1590 1995 1805 2038 Reqularium
1829 1995 1956 2028 utrius-

1262 2060 1324 2094 que
1335 2059 1429 2083 sexus
1446 2059 1523 2082 suae
1536 2049 1688 2081 dioecesis
1698 2048 1718 2081 ².

1218 2118 1385 2147 Venerabili
1407 2118 1497 2146 fratri
1520 2117 1747 2152 archiepiscopo
1772 2117 1959 2153 coloniensi,

1254 2167 1379 2192 sanctae
1403 2164 1549 2191 Romanae
1576 2162 1728 2190 Ecclesiae
1753 2162 1882 2197 principi
1901 2164 1963 2191 ele-

1256 2210 1329 2237 ctori
1340 2230 1345 2241 ,

1458 2244 1569 2271 Paulus
1590 2244 1668 2277 Papa
1688 2243 1720 2270 V.

1233 2298 1419 2327 Venerabilis
1433 2297 1539 2330 frater,
1558 2298 1689 2324 salutem
1705 2298 1735 2324 et
1751 2295 1949 2331 apostolicam

1463 2341 1712 2370 benedictionem.

1266 2394 1444 2438 Singularis
1459 2400 1530 2428 tuus
1551 2393 1706 2437 regularis
1724 2393 1912 2438 disciplinae
1925 2404 1962 2427 ac
1976 2436 1991 2458 C
2003 2387 2201 2460 †gfi?‡ss⁰}{{,?3*{d

1994 2444 2005 2457 0
2081 2442 2090 2456 s
2151 2445 2165 2460 ·,
2193 2446 2201 2458 t

1976 2463 2034 2485 dium
2078 2461 2160 2488 roculan
2193 2460 2201 2475 l

1222 2447 1387 2491 religionis
1402 2447 1640 2481 conservandae
1656 2447 1742 2480 zelus
1758 2452 1962 2490 promeretur

1261 2539 1269 2565 1
1293 2537 1385 2565 Lectio
1398 2536 1530 2564 defectiva
1540 2536 1653 2569 videtur,
1665 2538 1692 2562 et
1703 2535 1792 2571 potius
1803 2535 1960 2570 legendum:

1225 2583 1333 2616 Quibus
1353 2582 1496 2615 omnibns,
1526 2581 1642 2608 etiamsi
1664 2589 1720 2615 pro
1744 2580 1862 2608 illorum
1884 2581 1964 2615 sussi-

1224 2627 1311 2656 cienti
1324 2626 1513 2662 dev-oyatione
1528 2626 1561 2652 de
1577 2624 1647 2660 illis,
1663 2628 1715 2652 etc.
1731 2625 1770 2660 (n.
1789 2626 1839 2659 ¹12).

1259 2673 1275 2701 2
1295 2672 1333 2700 Ex
1353 2671 1459 2708 Regest.
1479 2670 1507 2698 in
1526 2670 1627 2699 Secret.
1648 2670 1729 2698 Brev.

1957 265 2006 292 An.
2025 264 2056 292 c.
2073 263 2138 294 1607
