2227 3241
279 303 328 330 An.
346 303 375 331 0.
394 302 463 331 1605
508 291 572 327 186

309 1426 468 1453 Exoquutorum

283 1454 410 1481 designatio.

480 361 515 385 ex
537 361 574 384 eo
589 350 675 394 quod
690 350 793 382 dictus
807 349 989 393 episcopus,
1004 360 1060 383 seu
1078 350 1130 383 alii
1148 350 1220 394 qui-

480 413 619 447 cumque
640 403 671 435 in
692 402 877 446 praemissis
902 402 950 435 ius
979 402 1098 436 babere
1122 414 1217 447 prae-

479 457 666 495 tendentes,
695 456 733 488 ad
760 455 821 488 1100
846 456 947 489 vocati
974 461 1004 489 et
1029 456 1127 490 auditi
1156 467 1219 491 non

480 509 611 547 suerint,
628 514 707 541 etex
721 509 833 552 quavis
850 509 913 542 alia
930 511 1037 550 causa,
1054 509 1093 542 de
1111 510 1221 543 subre-

479 562 608 606 ptionis,
633 562 681 595 vel
702 562 912 605 obreptionis,
929 567 984 595 aut
1001 563 1156 596 nullitatis
1176 563 1221 596 vi-

479 615 535 655 tio,
555 625 610 647 seu
630 615 816 648 intentionis
837 622 965 648 nostrae
990 616 1037 648 vel
1058 615 1121 648 alio
1141 626 1221 660 quo-

480 678 620 711 cumque
645 667 770 701 defectu
797 668 920 708 notari,
943 668 1145 712 impugnari,
1166 674 1221 702 aut

480 720 631 763 infringi,
662 721 849 761 retractari,
878 721 1069 763 invalidari,
1101 723 1149 756 vel
1182 724 1220 756 ad

481 774 636 808 terminos
657 774 735 807 iuris
755 775 877 814 reduci,
891 785 945 808 seu
961 775 992 807 in
1014 776 1063 809 ius
1083 777 1131 809 vel
1146 787 1222 810 con-

480 827 667 860 troversiam
691 827 834 860 revocari
850 828 1032 861 nullatenus
1046 839 1149 872 posse,
1166 830 1220 863 sed

480 879 551 913 illas
571 890 700 924 semper
724 880 845 913 validas
869 886 900 913 et
920 881 1067 915 efficaces
1087 882 1222 915 existere

481 940 511 966 01
528 933 608 973 fore,
631 944 772 977 suosque
789 934 952 977 plenarios
970 941 1000 967 et
1021 935 1162 978 integros
1183 935 1223 968 es-

480 988 582 1021 100105
595 987 701 1021 sortiri
725 995 755 1021 et
775 988 939 1029 01111001·ος
963 989 1083 1032 sicque,
1108 994 1138 1022 et
1157 1000 1221 1022 non

481 1041 574 1074 aliter
595 1052 887 1086 pei-quoscumque
905 1042 1028 1075 iudices
1042 1043 1223 1075 ordinarios

480 1100 512 1128 et
532 1095 697 1137 delegatos
718 1095 811 1127 0113111
831 1106 999 1128 causarum
1014 1095 1124 1129 Palatii
1139 1096 1224 1139 Apo-

480 1149 582 1182 stolici
609 1148 773 1181 auditores
798 1148 932 1181 iudicari
958 1154 988 1181 et
1013 1149 1140 1182 deliniri
1162 1149 1219 1182 de-

481 1200 569 1240 here,
587 1211 623 1234 ac
644 1201 769 1233 irritum
792 1205 823 1233 et
842 1201 936 1234 inane
957 1201 1115 1244 quidquid
1133 1212 1223 1235 secus

481 1263 579 1298 super
596 1254 644 1287 his
665 1265 682 1286 a
696 1264 873 1297 quoquam,
894 1255 1004 1299 quavis
1021 1255 1220 1295 auctoritate,

482 1309 619 1341 scienter
644 1308 692 1340 vel
713 1308 909 1350 ignoranter,
933 1308 1104 1351 contigerit
1123 1314 1224 1342 atten-

482 1362 553 1395 tari.

528 1416 544 1458 ς
565 1414 595 1448 5.
627 1414 783 1454 Quocirca
808 1414 931 1449 dilectis
957 1415 1030 1448 siliis
1055 1426 1223 1449 causarum

484 1470 592 1503 curiae
605 1469 756 1502 Gamerae
767 1468 969 1513 Apostolicae
981 1469 1123 1510 generali
1140 1469 1225 1502 audi-

485 1523 558 1563 tori,
581 1533 618 1555 30
635 1529 744 1556 nostro
759 1528 789 1556 et
802 1522 1004 1566 Apostolicae
1021 1522 1111 1556 Sedis
1129 1522 1161 1555 in
1176 1534 1225 1556 re-

484 1576 554 1619 gnis
575 1576 800 1619 Hispaniarum
822 1576 953 1615 nuncio,
970 1586 1096 1609 necnon
1118 1577 1223 1610 abbati

484 1630 598 1663 beatae
618 1629 735 1663 Mariae
756 1629 805 1662 del
824 1629 899 1662 Real
915 1628 1057 1662 eiusdem
1080 1630 1225 1663 Elnensis

485 1683 641 1717 dioecesis
661 1694 746 1715 nunc
767 1688 797 1715 et
817 1693 874 1726 pro
899 1688 1044 1726 tempore
1065 1683 1222 1724 existenti,

484 1747 542 1780 per
562 1744 745 1779 praesentes
771 1735 1002 1768 committimus
1027 1741 1057 1768 et
1087 1736 1222 1769 manda-

485 1800 556 1822 mus
574 1796 731 1833 quatenus
753 1789 822 1833 ipsi,
843 1789 891 1822 vel
911 1789 987 1828 duo,
1006 1794 1060 1822 aut
1077 1799 1160 1822 unus
1173 1800 1225 1823 eo-

484 1854 554 1876 rum
568 1854 624 1887 per
638 1853 670 1875 se
685 1843 732 1875 vel
745 1842 853 1882 alium,
868 1853 923 1875 seu
938 1842 1027 1878 alios,
1042 1848 1226 1885 praesentes

483 1896 616 1935 litteras,
640 1903 668 1930 et
692 1896 721 1928 in
748 1895 792 1928 015
818 1901 968 1929 contenta
992 1906 1227 1940 quaecumque,

485 1950 539 1984 ubi
559 1957 586 1983 et
609 1950 739 1994 quando
760 1960 841 1992 opus
862 1949 1008 1989 suerit,et
1024 1950 1150 1993 quoties
1168 1961 1226 1994 pro

485 2012 576 2049 parte
591 2005 665 2038 di‹·ti
688 2004 848 2048 llyppoliti
872 2004 1017 2036 moderni
1033 2009 1063 2037 et
1077 2015 1135 2048 pro
1148 2010 1226 2037 tem-

484 2068 564 2102 pore
577 2058 738 2090 existentis
753 2058 856 2090 dictae
871 2057 1057 2098 collegiatae
1073 2058 1227 2091 ecclesiae

485 2111 602 2155 prioris
624 2110 742 2144 fuerint
764 2110 919 2154 requisiti,
943 2111 1130 2143 solemniter
1146 2111 1226 2154 pub-

486 2165 660 2202 blicantes,
684 2163 795 2207 illique
823 2164 854 2196 in
876 2163 1060 2207 praemissis
1089 2164 1227 2197 efficacis

487 2217 683 2251 defensionis
704 2217 864 2260 praesidio
891 2217 1084 2263 assistentes,
1109 2217 1227 2250 saciant

487 2271 678 2304 auctoritate
708 2272 817 2303 nostra
851 2270 940 2302 illum
974 2270 1226 2312 praemissorum

487 2324 633 2358 omnium
660 2329 690 2356 et
715 2323 917 2366 singulorum
948 2323 1062 2356 effectu
1093 2324 1226 2367 pacifice

488 2378 550 2412 frui
573 2384 604 2412 et
623 2378 775 2421 gaudtffie
800 2387 863 2410 non
890 2377 1111 2420 peimittentes
1137 2377 1225 2410 illum

488 2432 627 2476 desuper
643 2442 708 2489 per
716 2431 835 2465 dictum
853 2431 1042 2474 episcopum
1057 2431 1225 2464 Elncnsem

488 2491 543 2519 aut
563 2495 785 2529 quoscumque
811 2485 890 2517 alios
915 2484 1186 2528 quomodolibet
1179 2495 1227 2517 111-

489 2539 596 2573 (1011110
631 2537 814 2571 molestari:
848 2537 1101 2571 contradictores
1131 2548 1227 2581 quos-

489 2602 628 2636 cumque
645 2602 704 2636 per
723 2602 873 2625 censuras
891 2597 920 2624 et
940 2601 1060 2634 poenas
1081 2591 1230 2624 ecclesia-

491 2645 607 2684 sticas,
635 2645 761 2689 aliaque
786 2650 969 2689 opportuna
997 2643 1076 2677 iuris
1101 2649 1131 2677 et
1155 2643 1229 2677 sacti

490 2699 643 2741 remedia,
668 2698 884 2744 appellatione
900 2698 1087 2743 postposita,
1103 2707 1231 2741 compe-

1049 301 1229 326 BL'LLARIUM
1249 302 1402 328 ROMANmt

1256 352 1386 392 scendo,
1414 351 1560 384 invocato
1586 351 1681 384 etiam
1703 340 1746 384 'ad
1771 350 1843 391 hoc,
1864 351 1888 384 si
1914 360 1994 395 opus

1255 405 1362 444 suerit,
1387 404 1505 438 auxilio
1522 403 1647 438 brachii
1668 403 1851 438 saecularis

1300 457 1366 501 ἓὸ.
1390 458 1460 490 Νο11
1492 457 1693 490 obstantibus
1720 456 1818 490 felicis
1845 456 2171 518 ¹⁸⁶⁰⁰¹⁰d³‘,ss⁶,{⁰?,‘‚²,¹,‘,?⁶

1257 511 1351 544 1101115
1370 510 1521 544 Bonisacii
1539 510 1643 554 Papae
1655 510 1720 543 VIII
1736 509 1995 553 praedecessoris

1255 563 1356 597 nostri
1378 564 1417 597 de
1431 566 1494 596 una
1508 568 1538 596 et
1552 563 1584 596 in
1599 562 1737 597 concilio
1754 561 1897 606 generali
1910 562 1995 596 edita

1256 618 1295 650 de
1325 617 1449 650 duabus
1482 616 1595 659 dietis,
1622 616 1800 650 dummodo
1825 615 1909 649 ultra
1935 620 1997 650 tres

1256 670 1356 703 dietas
1374 668 1489 713 aliquis
1511 669 1701 702 auctoritate
1721 668 1939 713 praesentium
1956 668 1996 702 ad

1256 722 1410 757 iudicium
1437 732 1502 755 non
1528 722 1689 763 trabatur,
1718 721 1853 766 aliisque
1877 721 1996 756 consti-

1258 775 1436 809 tutionibus
1460 781 1491 809 et
1515 775 1772 809 ordinationibus
1792 773 1994 819 apostolicis,

1256 829 1456 873 caeterisque
1476 828 1644 862 contrariis
1664 828 1932 872 quibuscumque.
1975 842 1986 852 ·

1300 884 1414 917 Datum
1435 883 1555 916 Romae
1573 882 1658 926 apud
1672 881 1702 915 S.
1726 882 1854 915 Petrum
1869 880 1929 914 sub
1942 891 1997 914 an-

1257 936 1334 969 nulo
1354 935 1523 969 Piscatoris
1537 935 1588 969 die
1606 945 1656 969 xvi
1671 933 1781 979 aprilis
1793 943 1879 968 1111ον
1891 933 1997 978 ponti—

1258 990 1370 1024 ficatus
1390 989 1491 1023 nostri
1512 999 1597 1022 anno
1618 999 1639 1022 1.

1330 1052 1388 1079 Dat.
1410 1052 1453 1079 dic
1475 1052 1507 1079 16
1523 1051 1615 1088 aprilis
1631 1051 1715 1084 1605,
1732 1059 1775 1078 an.
1793 1053 1868 1087 pont.
1885 1056 1903 1077 1.

1602 1211 1651 1244 111.

1259 1308 1389 1342 Similis
1409 1308 1586 1342 declaratio
1603 1317 1700 1352 super
1717 1307 1944 1341 iurisdictione
1956 1308 2000 1340 ci-

1302 1363 1364 1396 vili
1388 1366 1416 1396 et
1440 1361 1611 1395 criminali
1634 1361 1745 1395 eidem
1772 1361 1882 1405 priori
1904 1360 1999 1394 colle-

1302 1417 1413 1460 yiatae
1429 1415 1576 1448 ccclesiae
1596 1415 1706 1448 beatae
1722 1413 1849 1448 Mariae
1868 1413 1906 1447 de
1926 1413 2001 1449 Cor-

1303 1470 1393 1503 nella
1409 1470 1444 1502 in
1464 1469 1634 1503 canonicos
1647 1468 1836 1513 praedictae
1854 1468 2002 1501 ecelesiae

1304 1527 1499 1568 competente
1512 1521 1531 1555 ¹.

1517 1631 1584 1666 Leo'
1596 1638 1675 1671 Papa
1694 1637 1742 1671 m,

1383 1692 1419 1719 ad
1439 1694 1618 1726 perpetuam
1632 1690 1678 1718 rei
1694 1690 1876 1719 memoriam.

1304 1789 1346 1823 Ex
1369 1788 1513 1821 iniuncto
1544 1779 1638 1821 nobis
1665 1787 1832 1832 apostolici
1859 1787 2002 1823 muneris

1261 1842 1370 1876 debito
1391 1842 1440 1875 ius
1459 1852 1551 1875 suum
1565 1841 1741 1886 unicuique
1754 1852 1944 1875 conservare
1958 1847 2004 1876 te·

1262 1906 1388 1936 nemur,
1405 1901 1436 1929 et
1456 1896 1495 1928 ad
1516 1895 1602 1928 bunc
1621 1895 1768 1928 effectum
1790 1894 1889 1928 dubia
1906 1905 2003 1939 quae-

1263 1959 1413 1992 cumque,
1427 1959 1509 1992 quae
1527 1958 1563 1981 ex
1577 1947 1839 1981 concessionibus
1853 1953 1884 1981 et
1894 1947 2004 1991 gratiis

1262 2013 1279 2035 a
1291 2003 1371 2036 Sede
1385 2002 1567 2046 Apostolica
1585 2002 1742 2036 emanatis
1762 2002 1840 2036 oriri
1855 2007 2000 2047 possunt,

1262 2067 1301 2089 110
1328 2056 1402 2089 inde
1427 2056 1497 2089 lites
1521 2061 1633 2100 postea
1661 2056 1745 2089 inter
1774 2055 2004 2090 ecclesiasticas

1262 2109 1452 2153 pracsertim
1474 2119 1627 2153 personas
1648 2109 1805 2150 oriantur,
1822 2110 2004 2153 opportuna

1263 2163 1480 2197 declaratione
1506 2174 1522 2196 e
1547 2162 1654 2197 medio
1688 2163 1800 2196 tollere
1828 2172 1999 2204 curamus,

1262 2223 1355 2261 prout
1382 2217 1413 2249 in
1436 2216 1573 2250 Domino
1594 2216 1765 2250 salubriter
1785 2215 2001 2260 conspicimus

1262 2270 1422 2314 expedire.

1307 2326 1322 2367 ξ
1346 2324 1370 2357 1.
1394 2324 1471 2357 Cum
1497 2323 1605 2367 itaque
1630 2322 1707 2356 31135
1733 2322 1831 2356 felicis
1849 2322 2002 2356 recmda-

1263 2485 1449 2528 spaniarum
1479 2483 1562 2527 legis
1586 2483 1734 2517 catholici
1760 2482 2005 2527 supplicationi-

1264 2538 1322 2570 bus
1343 2537 1511 2577 adductus,
1546 2536 1752 2576 monasteria,
1782 2535 1953 2579 dignitates
1974 2541 2006 2569 et

1265 2589 1421 2624 beneficia
1451 2589 1580 2623 Ordinis
1608 2588 1840 2622 canonicorum
1871 2587 2001 2631 regula·

1303 2708 1312 2734 1
1330 2705 1368 2734 Ex
1381 2705 1492 2742 Regest.
1507 2704 1535 2733 in
1549 2704 1652 2733 secret.
1665 2703 1799 2732 Brevium.

2043 1805 2163 1828 Exordium.
2175 1796 2180 1821 s

2057 2336 2132 2359 8300111

1263 2377 1359 2411 tionis
1387 2377 1532 2411 Clemens
1557 2377 1642 2421 Papa
1672 2376 1737 2410 Vlll
1772 2376 2002 2420 praedecessor
2015 2363 2142 2413 Ἆίῗθᾶῗιιῗιῗα

1264 2436 1383 2471 noster,
1408 2431 1513 2464 clarae
1538 2430 1714 2464 memmiae
1738 2429 1877 2473 Philippi
1903 2439 1925 2463 11
1945 2418 2155 2470 111-11113,Ἵὲ

2145 2550 2147 2557 ⁴
2169 2510 2173 2513 .
2133 2147 2191 2490 ssigffllssbsazw
2150 2008 2186 2050 ζ’)
2167 1974 2171 1986 —
2163 1903 2167 1908 ·
2175 1880 2177 1883 A
