2227 3241
938 232 1056 255 nurus
1077 233 1096 255 v
1116 233 1166 256 pp,
1717 220 1781 251 ,465
1828 230 1877 256 An.
1899 229 1926 255 C.
1948 229 2013 255 taos

294 281 403 314 mitate
425 281 486 313 alia
506 280 677 316 roboratis.
695 280 894 323 caeterisque
908 286 1035 313 contra-
1052 286 1055 321 t
1070 290 1122 312 rex
1144 282 1217 323 (pro
1239 280 1393 323 singulari
1413 290 1488 323 quo,
1511 279 1606 312 etiam
1634 279 1680 311 uti
1707 279 1811 311 (lictae
1828 292 2013 316 immproopswff-

293 335 349 368 riis
369 334 638 378 quibuscumque.
1826 320 1876 338 ²⁰⁰³
1893 323 2013 343 ⁹¹⁰*¹⁵'⁰‘¹⁶

95 237 143 264 An.
160 235 187 262 C.
212 234 279 261 1608

118 1521 239 1542 Exordium.

133 2277 235 2300 Heni-icus
251 2277 276 2299 IV

93 2305 280 2352 Effieffilllffir‘sslfi
295 2313 432 2347 dilectus
450 2313 534 2346 filius
548 2313 665 2347 nobilis
679 2313 726 2346 vir
743 2313 877 2347 Carolus
892 2314 930 2347 de
946 2315 1036 2348 Neui-

94 2357 132 2378 sub
156 2359 280 2380 deiionnna-

93 2384 151 2405 ιῑοῃθ
166 2388 187 2406 02
208 2386 280 2409 Qum
295 2367 379 2407 ville,
404 2367 555 2400 dominus
569 2367 600 2400 in
622 2368 854 2411 temporalibus
875 2367 903 2400 d'
920 2368 1032 2401 Haliu-

94 2410 280 2459 Bffkssssfflsshfflss‘i
296 2426 388 2453 court
408 2427 439 2453 et
463 2431 562 2464 eques
587 2420 754 2464 utriusque
780 2421 903 2454 ordinis
932 2422 1031 2463 regii,

94 2465 148 2486 melo
164 2470 201 2491 pro
221 2466 281 2487 nobi-

94 2492 149 2514 libus
173 2496 193 2515 οι
223 2494 281 2520 iugc-

94 2520 142 2541 nuis
187 2521 280 2542 Gallicae

94 2547 186 2568 nationis
196 2547 246 2568 viris
255 2547 280 2568 de

95 2572 155 2594 bonis
167 2574 211 2595 suis
225 2579 281 2595 mere

95 2599 209 2621 laicalibus
223 2601 281 2621 insti-

96 2626 126 2648 tui
134 2627 220 2654 cupiens
228 2627 281 2649 Pon·

1070 332 1159 365 Sedis
1189 333 1392 376 Apostolicae
1430 333 1515 365 tilius
1553 331 1939 376 primogenitus,supplicat.

337 389 450 421 Datum
480 388 601 420 Romae
629 387 714 431 apud
740 388 769 420 S.
806 387 945 420 Marcum
977 386 1036 420 sub
1072 386 1209 418 tuendae
1241 391 1269 418 et
1300 386 1552 429 propagandae,
1579 385 1811 429 augendaeque

1069 439 1235 481 religionis
1255 440 1432 472 catholicae
1453 439 1614 473 desiderio
1634 439 1747 481 servet)
1772 439 1811 472 ad

1069 497 1197 524 sanctae
1215 492 1379 525 Romanae
1400 493 1559 526 Ecclesiae
1585 492 1810 526 exaltationem

1069 550 1099 576 et
1112 545 1304 588 profectum,
1317 545 1552 589 haeresumque
1566 545 1810 589 extirpationem

1069 603 1098 630 et
1116 597 1353 631 haereticorum
1376 599 1629 642 depressionem,
1654 597 1810 642 aliaque¹‚

293 441 414 474 annulo
424 440 594 474 Piscatoris
608 440 659 474 die
672 451 724 474 xvi
738 440 889 473 februarii
900 450 1033 481 iincvui,

293 493 499 537 pontificatus
518 493 619 527 nostri
638 503 722 526 anno
740 503 786 526 ιιι.

330 554 388 582 Dat..
410 554 453 582 die
475 556 506 583 16
525 555 655 582 februarii
675 555 763 589 1608,
785 555 879 590 pontif.
895 563 939 582 an.
958 562 994 582 111.

604 740 721 775 XCVII.

293 865 419 898 Erectio
441 864 576 898 Ordinis
592 864 753 897 Militaris
772 864 827 898 sub
849 865 955 905 tilulo,
977 866 1035 898 ha-

339 917 411 950 bitu
434 921 461 950 el
483 916 594 960 requici
615 917 725 950 bealae
744 917 870 950 Mariae
888 917 1034 961 Virqinis

338 969 376 1003 de
391 969 500 1002 Monte
514 970 667 1010 Carmeia,
694 970 731 1002 in
756 970 868 1003 Gallia
890 971 930 1003 ab
946 971 1035 1003 Hen-

338 1022 404 1055 rico
414 1022 465 1056 IV
474 1022 681 1055 Francorum
698 1032 770 1066 reae
787 1033 826 1056 ez
852 1024 941 1056 bonis
965 1025 1034 1056 suis

337 1085 422 1108 mere
442 1075 618 1108 laicalibus
638 1076 787 1108 instituti
794 1088 805 1116 ‚·
827 1086 882 1109 nec
901 1086 965 1110 non
984 1087 1034 1109 or-

337 1129 548 1161 dinationum
569 1129 787 1172 praescriptio
809 1141 869 1173 pro
893 1130 1034 1173 feliciori

338 1182 497 1226 reyimine
517 1182 661 1216 eiusdem
683 1183 829 1217 Ordinis.

518 1302 628 1329 Paulus
645 1302 808 1337 Episcopus

474 1362 581 1383 servus
603 1363 756 1384 servorum
777 1358 846 1391 Dei,

417 1411 451 1437 ad
472 1414 647 1445 perpetuam
667 1412 710 1439 rei
731 1413 911 1440 memoriam.

338 1509 502 1542 Romanus
523 1509 679 1550 Pontit'ex,
703 1510 794 1543 cuius
815 1511 1032 1555 principatum

292 1573 389 1606 super
410 1573 522 1596 omnes
537 1564 649 1596 extulit
667 1563 774 1596 divina
794 1564 952 1604 maiestas,
974 1566 1034 1609 piis

292 1617 494 1656 devotorum⁷
520 1622 551 1649 et
575 1616 641 1649 suis
666 1617 1032 1660 obsequentissimorum

291 1669 435 1703 filiorum
470 1670 573 1709 votis,
608 1670 663 1713 qui
702 1671 860 1704 maiorum
900 1682 1032 1706 suorum

291 1723 546 1767 quamsimillimi
561 1724 709 1765 evadere,
734 1730 780 1764 et,
802 1735 896 1768 quam
919 1726 1034 1759 nobili-

291 1783 388 1811 tatem
411 1787 428 1810 a
454 1777 630 1820 maioribus
655 1784 861 1822 acceperunt,
886 1780 1032 1813 eamdem

291 1831 428 1876 posteris
447 1831 512 1865 suis
530 1831 646 1874 insigni
660 1831 767 1875 aliqua
780 1832 962 1866 accessione
980 1845 1034 1867 cu-
1050 1861 1052 1873 ,

292 1885 446 1919 mulatam
464 1886 592 1919 tradere
606 1886 750 1929 cupiunt,
765 1886 1034 1927 libenterannuit,

292 1945 343 1979 et,
366 1949 449 1982 quae
473 1939 512 1972 ad
539 1939 570 1972 id
595 1949 632 1972 ac
657 1939 696 1972 ad
722 1938 818 1972 tidem
841 1940 1032 1973 catholicam

292 1998 410 2026 sartam
433 1998 615 2036 tectamque
637 1993 790 2026 tuendam
818 1999 848 2026 et
870 1993 955 2026 illius
976 1994 1035 2026 ini-

293 2046 394 2079 micos
411 2046 649 2090 propulsandos
677 2046 879 2090 salutemque
905 2047 1031 2080 anima-

291 2109 364 2132 rum
386 2099 625 2143 procurandam
642 2100 773 2132 tendere
791 2100 1035 2142 dignoscuntur,
1051 2118 1053 2140 t

292 2152 450 2192 concedit,
470 2158 567 2196 prout
580 2152 737 2196 conspicit
755 2152 785 2185 in
804 2152 939 2185 Domino
952 2153 1035 2186 salu-

292 2205 393 2239 briter
413 2205 573 2249 expedire.

339 2261 355 2302 ξ
381 2259 411 2292 t.
443 2259 595 2303 Exposuit
627 2259 785 2303 siquidem
812 2260 907 2293 nobis
931 2271 1036 2304 nuper

296 2474 427 2508 nomine
445 2474 624 2508 charissimi
650 2474 683 2507 in
703 2474 827 2507 Christo
852 2474 908 2507 filii
934 2475 1034 2507 nostri

296 2528 423 2561 Henrici
438 2529 636 2561 Francorum
655 2527 749 2570 Regis
761 2527 1032 2568 christianissimi,

297 2581 388 2615 cuius
413 2582 480 2626 ipse
505 2582 543 2615 ad
572 2591 630 2615 nos
661 2581 844 2625 Sedemque
868 2582 1032 2625 Apostoli-

297 2645 366 2668 eam
389 2640 498 2669 orator
522 2635 644 2674 existit,
667 2635 754 2679 quod
785 2635 853 2679 ipse
883 2635 1036 2668 Henricus

355 2696 434 2724 Bull.
455 2696 538 2724 Rom.
554 2712 588 2717 —
606 2697 666 2724 Vol.
687 2697 735 2724 XI.
916 2696 950 2724 59

1051 650 1132 683 tarn
1152 651 1219 691 diu,
1243 657 1273 684 et
1297 662 1398 695 usque
1419 662 1436 684 a
1456 651 1636 695 primordio
1658 651 1726 684 eius
1743 651 1812 684 feli-

1069 703 1148 736 citer
1161 704 1300 748 suscepti
1314 705 1511 737 Francorum
1526 704 1629 747 regni,
1646 704 1678 737 in
1696 704 1809 738 eodem

1068 767 1169 799 regno
1187 763 1217 790 et
1237 757 1307 790 aliis
1336 757 1449 791 ditioni
1471 767 1547 791 suae
1567 757 1718 791 subiectis
1732 757 1810 791 locis

1069 810 1233 843 consuevit
1251 810 1405 844 adhibere
1425 810 1579 844 remedia.
1595 810 1699 849 Quare
1711 821 1809 843 unam

1068 863 1211 896 Militiam
1226 874 1281 896 seu
1295 863 1448 897 Ordinem
1468 863 1640 896 militarem
1656 863 1696 896 ad
1710 863 1809 907 ipsius

1068 917 1198 950 Henrici
1225 918 1308 960 regis
1333 917 1502 951 arbitrium
1525 922 1746 961 competenter
1770 917 1810 950 de

1067 970 1132 1003 suis
1145 971 1238 1004 bonis
1255 981 1343 1004 mere
1367 971 1534 1004 laicalibus
1551 972 1629 1014 <non
1640 976 1746 1004 tamen
1759 971 1811 1004 be-

1066 1024 1266 1058 neficialibus
1294 1035 1350 1058 seu
1369 1024 1549 1058 redditibus
1573 1024 1809 1065 ecclesiasticis)

1068 1077 1241 1110 dolandam
1256 1088 1312 1111 seu
1331 1078 1509 1111 dotandum
1530 1088 1566 1111 ex
1588 1078 1718 1111 delectis
1735 1077 1809 1111 Gal-

1050 1151 1051 1163 l
1067 1130 1190 1164 licanae
1204 1131 1344 1164 nationis
1357 1131 1433 1164 viris
1447 1132 1611 1165 nobilibus
1626 1138 1656 1165 et
1669 1132 1810 1174 ingenue

1051 1184 1167 1224 natis,
1202 1184 1467 1217 denominatione
1492 1195 1548 1217 seu
1574 1185 1667 1218 titulo
1692 1195 1728 1217 ac
1753 1195 1807 1218 re-

1067 1238 1141 1279 gula
1171 1238 1422 1279 gloriosissimae
1454 1249 1646 1282 semperque
1673 1238 1811 1281 Virginis

1050 1291 1122 1324 ,Dei
1145 1291 1313 1324 Genitricis
1341 1292 1458 1325 Mariae
1479 1293 1518 1325 de
1536 1293 1641 1325 Monte
1665 1291 1811 1325 Carmelo

1068 1346 1177 1387 (quam
1204 1346 1388 1388 praedictus
1408 1347 1565 1379 Henricus
1585 1356 1640 1379 rex
1665 1346 1713 1380 sui
1734 1356 1811 1390 pro-

1070 1398 1234 1432 tectricem
1261 1406 1291 1432 et
1316 1401 1504 1433 advocatam
1530 1400 1686 1443 singulari
1707 1401 1808 1434 devo-

1068 1452 1156 1485 tione
1187 1463 1315 1496 semper
1342 1454 1438 1487 habet
1467 1465 1503 1487 ac
1535 1455 1726 1498 veneratur)
1751 1456 1810 1489 sub

1068 1511 1178 1538 nostro
1193 1512 1222 1538 et
1241 1507 1344 1539 dictae
1364 1507 1454 1540 Sedis
1474 1507 1679 1551 beneplacito
1698 1514 1728 1542 et
1748 1519 1808 1542 au-

1069 1558 1216 1592 ctoritate
1237 1560 1315 1602 erigi
1330 1566 1360 1593 et
1382 1560 1504 1594 institui
1525 1571 1733 1606 summopere
1755 1563 1810 1596 de—

1068 1611 1199 1651 siderat,
1218 1613 1387 1657 dictusque
1408 1615 1538 1648 Carolus
1559 1616 1691 1648 nomine
1712 1616 1811 1659 ipsius

1068 1666 1195 1699 Henrici
1215 1667 1298 1709 regis
1314 1667 1408 1701 nobis
1428 1668 1595 1702 humiliter
1610 1669 1811 1713 supplicavit,

1069 1726 1228 1763 quatenus
1249 1721 1401 1754 eumdem
1424 1722 1597 1755 Henricum
1618 1733 1726 1765 regem
1741 1734 1812 1767 spe-

1069 1772 1204 1806 cialibus
1225 1774 1389 1808 favoribus
1411 1781 1442 1808 et
1460 1775 1570 1818 gratiis
1586 1777 1750 1820 prosequi,
1772 1787 1809 1810 a-

1069 1827 1191 1871 liasque
1203 1828 1235 1861 in
1246 1830 1431 1872 praemissis
1444 1837 1627 1874 opportune
1641 1831 1812 1875 providere

1069 1880 1108 1912 de
1128 1881 1326 1923 benignitate
1347 1883 1521 1926 apostolica
1544 1884 1764 1926 dignaremur.

1113 1936 1129 1976 ξ
1151 1934 1181 1967 ⁶2.
1206 1935 1268 1968 Nos
1285 1935 1383 1978 igitur
1399 1937 1460 1969 hoc
1478 1937 1566 1980 pium
1585 1943 1616 1971 ct
1633 1948 1811 1982 numquam

1068 1988 1143 2021 satis
1168 1989 1366 2022 laudandum
1398 1990 1594 2024 desiderium
1622 2002 1812 2035 promovere

1069 2042 1245 2085 cupientes⁷
1267 2053 1302 2075 ac
1328 2043 1448 2076 dictum
1469 2044 1644 2077 llenricum
1668 2055 1775 2087 regem
1795 2056 1813 2079 a

1069 2096 1233 2139 quibusvis
1254 2098 1606 2135 excommunicationis,
1627 2099 1811 2142 suspensio-

1069 2149 1117 2182 nis
1128 2155 1158 2182 et
1172 2150 1346 2191 interdicti,
1360 2151 1495 2195 aliisque
1510 2152 1733 2185 ecclesiasticis
1746 2163 1812 2186 sen-

1071 2203 1186 2243 tentiis,
1211 2204 1356 2237 censuris
1374 2211 1404 2238 et
1423 2205 1546 2249 poenis,
1571 2216 1588 2238 a
1607 2205 1674 2239 iure
1700 2206 1746 2239 vel
1773 2207 1811 2239 ab

1069 2256 1211 2297 homine,
1233 2257 1343 2301 quavis
1361 2259 1531 2292 occasione
1548 2260 1594 2292 vel
1610 2262 1703 2293 causa
1725 2259 1808 2298 latis,

1069 2309 1227 2353 siquibus
1241 2312 1487 2354 quomodolibet
1506 2313 1678 2345 innodatus
1695 2312 1808 2351 existit,

1069 2363 1108 2395 ad
1131 2364 1279 2397 effectum
1306 2367 1525 2409 praesentium
1548 2367 1711 2399 dumtaxat
1729 2377 1808 2399 con-

1069 2418 1270 2460 sequendum
1299 2419 1412 2452 harum
1441 2419 1523 2452 serie
1551 2419 1751 2452 absolventes
1781 2426 1813 2453 ct

1070 2470 1251 2505 absolutum
1268 2473 1334 2505 l'ore
1348 2479 1524 2513 censentes,
1542 2473 1812 2517 buiusmodisup-

1111 2553 1120 2578 l
1144 2551 1271 2586 Intellige
1299 2555 1324 2579 cl
1354 2552 1392 2578 ad
1421 2552 1482 2579 alia
1503 2551 1688 2584 luu'usmod13;
1705 2560 1768 2578 nam
1789 2551 1811 2578 si

1069 2599 1185 2633 aliaque
1201 2598 1303 2624 reseras
1319 2597 1352 2623 ad
1369 2597 1499 2623 remedia
1515 2597 1596 2631 paulo
1613 2600 1673 2631 post
1685 2597 1810 2629 dicenda,

1070 2644 1156 2670 oratio
1177 2644 1229 2669 erit
1249 2643 1380 2668 defectiva
1397 2649 1434 2667 iu.
1449 2642 1495 2671 inl.
