2227 3241
254 284 301 310 Αη.
321 283 348 309 c.
373 284 441 310 1005
488 274 551 306 168

287 1258 382 1278 Clemens
400 1264 445 1278 ore-

261 1287 350 1305 ctmnem
362 1285 445 1310 praviu-

261 1314 315 1331 ctam
335 1313 444 1332 einamm-

263 1341 319 1358 ierat
329 1355 333 1363 ,

303 2069 328 2090 Et
345 2070 452 2095 car-pelta-

267 2102 305 2116 DOS
320 2102 332 2116 a
348 2102 396 2121 Tege
417 2102 453 2116 DU-

268 2123 342 2143 niinari
367 2128 453 2143 cuneos-

268 2152 332 2170 serat.

455 338 486 365 et
498 332 610 365 haeres
624 341 660 363 ac
672 328 858 362 donatarius
871 326 1018 360 omnium
1032 326 1194 359 honorum

455 391 487 419 et
503 385 635 423 iul-ium,
656 392 740 425 quae
761 381 793 413 in
813 379 979 424 praedicto
999 389 1100 422 regno
1120 389 1195 412 nea-

455 438 599 483 politano
621 435 706 469 (licta
735 437 826 468 Anna
855 433 965 475 regina
985 432 1191 477 possidebat,

456 492 564 524 volens
592 489 677 532 piam
709 486 923 521 intentionem
955 485 1056 530 ipsius
1085 486 1195 518 Annae

456 542 586 584 reginae
606 541 646 574 ad
666 540 816 574 effectum
843 539 1021 579 deducere,
1044 549 1102 582 per
1121 547 1196 571 suos

457 595 620 629 ministros
644 598 842 635 transegerat
868 603 940 625 cum
973 591 1096 625 dilectis
1121 590 1196 623 siliis

456 648 586 682 sindicis
606 654 637 680 et
656 646 888 687 communitam
909 645 1012 679 dictae
1041 644 1192 685 civitatis,

456 708 491 735 ut
509 701 694 745 acciperent
713 706 760 732 ter
785 699 872 732 mille
893 704 924 732 et
943 703 1107 732 sexcentos
1131 697 1193 730 du-

457 760 543 788 catos
563 759 712 786 monetae
740 751 976 796 neapolitanae,
1005 761 1076 784 cum
1102 756 1196 794 pacto

458 808 497 840 de
516 806 784 845 retrovendendo,
804 811 885 838 etex
905 803 967 837 illis
984 804 1144 837 solverent
1165 802 1196 835 in

457 860 601 902 singulos
614 869 716 892 annos
736 858 829 891 dictis
849 857 950 891 tribus
970 856 1144 900 capellanis
1158 856 1197 888 ad

457 912 617 946 rationem
632 912 823 944 ducatorum
837 915 959 954 septem
980 920 1039 953 pro
1053 909 1199 952 quolibet

459 964 738 1005 centenario,cum
752 963 937 1007 supradicto
948 973 1046 996 onere
1061 962 1196 995 duarum

459 1019 629 1052 missarum
643 1028 702 1061 pro
720 1016 854 1060 singulis
868 1016 901 1049 in
921 1015 1126 1049 hebdomada
1138 1025 1197 1058 pro

453 1071 567 1116 ‘anima
581 1071 686 1104 dictae
698 1071 806 1104 Bonae
819 1069 961 1112 reginae,
982 1069 1135 1112 quodque
1148 1079 1199 1101 cu-

459 1124 569 1169 piebat
586 1125 746 1158 dictorum
761 1124 1003 1168 capellanorum
1019 1122 1198 1166 deputatio-

460 1189 535 1212 nem
555 1178 594 1212 ad
616 1178 665 1211 sui
685 1183 800 1210 nutum
822 1176 912 1209 fieri:

505 1234 521 1275 g
542 1232 572 1265 3.
596 1233 670 1273 Nos,
700 1232 799 1275 ipsius
822 1230 1018 1273 Sigismundi
1040 1229 1119 1263 votis
1139 1239 1197 1261 an-

460 1294 606 1327 nuentes,
630 1298 666 1321 ac
686 1285 975 1330 supplicationibus
988 1284 1056 1317 eius
1069 1282 1202 1316 nomine

459 1342 553 1376 nobis
574 1343 713 1386 desuper
732 1339 889 1385 porrectis
910 1338 1066 1379 inclinati,
1087 1337 1202 1371 sunda-

461 1397 581 1430 tionem
600 1402 631 1430 et
651 1394 850 1429 dotationem
868 1404 928 1437 per
941 1392 1061 1426 dictam
1082 1392 1202 1425 Bonam

460 1451 619 1494 reginam,
640 1456 674 1483 ut
696 1448 925 1493 praemittitur,
946 1447 1043 1480 saetas
1068 1452 1099 1479 ct
1129 1445 1203 1479 inde

460 1509 598 1548 sequuta
619 1512 854 1547 quaecumque,
879 1511 916 1534 ac
935 1505 1033 1544 prout
1053 1499 1108 1532 illa
1125 1509 1203 1532 con-

462 1557 648 1597 cernebant,
669 1555 779 1589 omnia
804 1560 835 1588 et
858 1554 985 1597 singula
1008 1553 1041 1586 in
1065 1552 1204 1597 publicis

462 1612 600 1655 desuper
621 1608 774 1643 consectis
796 1607 1018 1641 instrumentis
1039 1612 1200 1647 contenta,

462 1664 638 1709 apostolica
654 1662 845 1696 auctoritate
859 1666 1015 1705 perpetuo
1033 1660 1205 1694 confirma-

463 1719 566 1752 vimus
578 1724 608 1751 et
626 1715 888 1761 approbavimus,
903 1714 1030 1758 illisque
1041 1714 1205 1757 plenariae

464 1779 494 1806 et
514 1771 706 1805 inviolabilis
720 1769 914 1814 apqstolicae
930 1768 1092 1801 firmitatis
1105 1768 1206 1801 robur

464 1824 679 1866 adiecimus¹‚
710 1834 837 1857 necnon
865 1833 978 1856 omnes
1006 1828 1037 1855 et
1063 1821 1206 1864 singulos

465 1886 529 1913 tam
558 1878 637 1911 iuris
666 1887 762 1921 quam
795 1876 868 1909 sacti
901 1875 1065 1917 defectus,
1093 1875 1119 1908 si
1152 1875 1206 1919 qui

466 1934 573 1967 forsan
603 1931 834 1965 intervenerint
851 1930 883 1962 in
901 1929 1021 1963 eisdem
1040 1956 1047 1969 ,
1071 1929 1204 1973 supple-

465 1987 581 2027 vimus,
982 1997 995 2018 ο

513 2043 528 2082 ᾗ
549 2039 580 2072 4.
604 2039 773 2072 Praeterea
791 2037 896 2071 eidem
910 2035 1116 2078 Sigismundo
1130 2036 1208 2078 regi,

469 2104 505 2126 ac
532 2092 597 2126 suis
624 2090 864 2125 suecessoribus
892 2089 1151 2134 quibuscumque
1176 2089 1208 2122 in

468 2141 674 2192 perpetuum,
699 2150 733 2177 ut
757 2154 815 2188 per
845 2153 878 2176 se
906 2143 953 2177 vel
983 2148 1209 2187 procuratores

469 2211 545 2234 suos
566 2211 624 2244 pro
653 2197 872 2232 celebratione
897 2196 1068 2230 missarum
1091 2206 1206 2240 supra-

470 2254 629 2287 dictarum
653 2258 715 2286 tres
731 2251 914 2284 sacerdotes
936 2249 1040 2284 dictae
1058 2249 1210 2284 ecclesiae

471 2307 656 2347 canonicos,
682 2305 775 2339 toties
793 2303 919 2348 quoties
939 2303 999 2337 sibi
1025 2303 1207 2345 videretur,

473 2362 591 2404 eligere
619 2366 651 2394 et
675 2360 842 2402 deputare,
866 2363 897 2391 et
921 2357 1037 2390 deinde
1057 2357 1097 2390 ad
1117 2368 1210 2391 suum

471 2423 502 2450 et
518 2424 741 2449 successorum
761 2422 894 2446 suorum
912 2416 1026 2444 nutum
1048 2421 1208 2452 amovere,

471 2481 508 2503 ac
529 2478 642 2502 eorum
667 2467 739 2500 loco
761 2465 841 2499 alios
866 2464 1071 2505 substituere,
1095 2463 1212 2508 quibus

461 2519 512 2556 'de
537 2532 636 2556 censu
656 2529 765 2554 annuo
795 2519 840 2552 sic
866 2517 1033 2559 instituto,
1060 2528 1119 2562 pro
1145 2519 1213 2551 rata

474 2575 628 2620 temporis
648 2580 679 2608 et
699 2572 818 2608 servitii
836 2583 893 2617 per
913 2581 968 2606 eos
985 2570 1140 2616 praestiti,
1163 2581 1213 2604 re-

1037 277 1211 301 nt'tLAnlttM
1238 276 1386 301 ROMANUM

1230 324 1382 369 sponderi
1403 324 1546 364 deberet,
1570 323 1671 356 libere
1696 328 1726 357 et
1741 322 1826 356 licite
1846 328 1964 367 posset,

1231 377 1447 411 concessimus
1468 382 1499 410 et
1517 375 1722 416 indulsimus,
1746 380 1843 419 prout
1862 374 1894 408 in
1915 385 1969 408 no-

1230 429 1303 463 stris
1321 430 1459 473 desuper
1478 428 1510 461 in
1528 429 1633 461 forma
1649 427 1755 462 Brevis
1777 428 1836 461 sub
1859 428 1969 461 datum

1231 483 1283 516 die
1306 493 1346 516 xv
1368 482 1508 515 octobris
1533 492 1662 516 nnxcvn
1683 480 1891 525 pontificatus
1910 491 1970 514 no-

1230 536 1287 569 stri
1299 545 1383 569 anno
1396 546 1428 569 vt
1443 534 1596 579 expeditis
1617 534 1732 568 litteris
1751 534 1878 578 plenius
1896 544 1971 568 con-

1232 590 1379 623 tinetur¹.

1276 645 1292 686 g
1310 644 1341 677 5.
1380 644 1458 677 Cum
1479 649 1585 676 autem
1608 642 1781 676 novissime
1801 652 1860 686 pro
1880 647 1971 686 parte

1232 760 1344 783 corum
1366 749 1510 783 eiusdem
1538 749 1692 783 ecclesiae
1718 748 1820 782 sancti
1848 733 1991 781 Nicolai¹

1232 804 1317 848 apud
1337 814 1396 837 nos
1410 804 1441 836 in
1454 804 1625 846 Signatum
1641 805 1750 836 nostra
1763 806 1972 846 procuratum

1232 856 1326 890 fuerit
1346 862 1379 889 ut
1397 856 1520 890 litteras
1540 861 1666 890 nostras
1682 855 1865 900 praedictas
1882 864 1974 888 revo-

1233 920 1392 951 caremus,
1413 910 1488 943 licet
1504 920 1562 943 nos
1575 909 1705 943 illorum
1720 908 1910 953 petitionem
1927 917 1975 941 re-

1234 962 1415 1003 iecerimus;

1277 1016 1292 1059 ᾗ
1317 1016 1346 1049 6.
1364 1017 1549 1060 Propterea,
1563 1027 1603 1050 ne
1616 1016 1840 1060 imposterum,
1864 1014 1973 1059 aliquo
1987 1001 2198 1076 poissffl‘n‘sil'ss}

1232 1080 1386 1114 umquam
1402 1076 1556 1114 tempore,
1572 1068 1729 1114 praedicti
1750 1068 1926 1113 capitulum
1943 1073 1974 1102 et
1988 1077 2040 1107 ¹tum
2060 1076 2091 1098 ini
2107 1076 2148 1104 imp

1234 1123 1391 1164 canonici,
1413 1130 1467 1156 aut
1490 1124 1542 1156 alii
1563 1124 1771 1167 quicumque,
1794 1121 1974 1166 praedictas

1234 1177 1356 1210 litteras
1369 1183 1495 1210 nostras
1515 1187 1647 1221 quoquo
1668 1177 1765 1210 modo
1783 1176 1976 1220 impugnare

1235 1230 1375 1274 possint,
1411 1236 1593 1274 opportune
1623 1230 1793 1274 providere
1812 1229 1973 1269 volentes,

1236 1284 1365 1317 easdem
1386 1283 1518 1324 litteras,
1540 1283 1714 1327 omniaque
1739 1289 1769 1316 et
1793 1281 1920 1324 singula
1944 1281 1978 1315 in

1237 1335 1978 1380 illiscontenta,auctoritateapostolica,tenore

1237 1389 1455 1433 praesentium
1471 1418 1479 1431 ,
1505 1395 1664 1434 perpetuo
1693 1389 1922 1422 confirmantes
1946 1392 1978 1421 et

1237 1443 1465 1486 approbantes,
1486 1442 1660 1486 praedietis
1680 1442 1821 1486 capitulo
1835 1446 1867 1475 et
1883 1450 1979 1475 cano-

1238 1496 1319 1530 nicis
1339 1502 1369 1530 et
1389 1496 1553 1540 quibusvis
1572 1496 1644 1529 aliis
1668 1501 1861 1540 perpetuum
1882 1505 1980 1539 super

1238 1550 1423 1594 praemissis
1442 1550 1606 1583 silentium
1627 1550 1836 1594 imponimus.

1283 1605 1300 1645 ξ
1331 1603 1360 1636 7.
1388 1603 1459 1636 Non
1484 1603 1686 1636 obstantibus
1710 1602 1916 1647 praemissis,
1942 1612 1980 1636 ac
2021 1608 2151 1638 Derrozateo

1994 1637 2076 1656 trariis.

1240 1657 1522 1691 constitutionibus
1549 1662 1580 1689 et
1611 1656 1870 1690 ordinationibus
1895 1665 1976 1700 apo-

1240 1710 1376 1752 stolicis,
1403 1721 1530 1744 necnon
1555 1710 1707 1743 omnibus
1732 1710 1812 1751 illis,
1840 1719 1923 1753 quae
1947 1709 1980 1742 in

1240 1764 1414 1809 praedictis
1435 1763 1549 1797 litteris
1569 1763 1730 1797 voluimus
1754 1774 1820 1797 non
1838 1763 1976 1804 obstare,

1241 1817 1440 1861 caeterisque
1460 1816 1630 1850 contrariis
1648 1816 1917 1860 quibuscumque.

1284 1871 1398 1905 Datum
1418 1871 1539 1904 Romae
1560 1870 1646 1914 apud
1671 1875 1817 1904 sanctum
1837 1870 1978 1911 Petrum,

1242 1926 1300 1959 sub
1332 1925 1452 1958 annulo
1483 1924 1673 1964 Piscatoris,
1700 1923 1751 1957 die
1783 1934 1819 1957 111
1844 1923 1981 1958 ianuarii

1242 1990 1339 2019 nativ,
1366 1984 1457 2023 pont.
1480 1978 1584 2012 nostri
1604 1988 1690 2011 anno
1709 1988 1779 2012 x111.

1279 2042 1337 2070 Dat.
1359 2041 1402 2069 die
1421 2041 1437 2069 3
1452 2040 1567 2068 ianuarii
1585 2040 1662 2074 1605,
1677 2040 1773 2076 pontif.
1794 2048 1837 2067 an.
1855 2046 1912 2067 xm.
1959 2039 1965 2045 ‘

1533 2244 1700 2279 CCCLXIX.

1247 2353 1454 2397 Confirmatio
1484 2351 1671 2385 donationis
1698 2355 1727 2385 et
1749 2351 1985 2395 ctssz'gynctlionis

1290 2407 1359 2440 deci
1363 2417 1492 2440 marum
1509 2416 1667 2450 aqrorum
1679 2406 1906 2449 capitaneatus
1918 2405 1984 2439 Lu-

1291 2461 1445 2495 covz'ensz's
1459 2459 1502 2493 acl
1518 2470 1662 2493 mensam
1682 2458 1894 2503 episcopalem
1909 2459 1987 2494 Cra-

1291 2515 1467 2548 comensem
1491 2513 1706 2558 spectantium
1729 2522 1787 2556 pro
1809 2515 1984 2546 manuten-

1284 2640 1295 2667 1
1319 2639 1372 2667 nas
1386 2639 1480 2667 literas
1494 2637 1602 2674 require
1617 2637 1644 2665 in
1660 2640 1726 2665 tom.
1745 2645 1760 2664 x
1777 2643 1840 2673 pag.
1857 2636 1908 2665 378
1919 2635 1946 2663 h.
1958 2643 1986 2664 n.

512 2693 523 2718 1
547 2690 666 2719 Erronee
682 2689 747 2718 edit.
764 2689 842 2718 Main.
859 2687 1212 2722 liabetatlt'ict'mustn.T.).
1249 2684 1311 2714 edit·
1327 2689 1365 2719 (n.
1381 2683 1428 2719 τ.).

1975 274 2027 300 An.
2042 273 2071 300 C.
2090 273 2166 305 1605}

2013 653 2128 684 Praedicta·
2137 659 2175 681 res,

1941 694 1947 700 .
1987 685 2059 700 vocam
2082 681 2170 703 novissi..>
2180 696 2183 697 ν

1232 697 1423 731 dilectorum
1449 697 1593 730 filiorum
1621 696 1754 740 capituli
1781 700 1813 729 et
1832 704 1968 729 canom-
1986 706 2185 742 mammeam-g

2202 1664 2204 1722 l

2156 1728 2191 2006 *=„::‹z-·2¹t÷-⁴·:t:z.:.÷·'t³«.
2152 1490 2193 1715 efflm
2157 1231 2193 1498 'meter-anes
2166 1154 2178 1169 -·
2163 1125 2182 1136 ς

2159 2055 2183 2138 ’ἵῦἐοῖ
2163 2004 2189 2046 HJ*

2153 2522 2161 2531 “
2152 2450 2182 2494 ‘522
2148 2309 2185 2442 ‘wib-zie}
2167 2291 2174 2296 ι
2158 2247 2179 2275 'a‘-
2154 2147 2190 2237 ³34³*
