2227 3241
78 220 127 249 An.
143 218 172 247 C.
192 217 262 247 1609

120 1455 262 1481 opportunas-

78 1486 120 1507 que
130 1487 160 1502 eis
173 1481 262 1503 faculta—

77 1509 109 1529 tes
124 1508 227 1530 concedit.

103 2149 130 2171 Et.
143 2149 211 2172 eidem
228 2156 260 2171 ar·

77 2176 220 2203 ehiepiccopo.
230 2179 260 2198 at-

78 2208 119 2250 3⁰⁶
138 2230 141 2233 Ι
156 2204 260 2230 episcopis

95 2229 203 2251 ochinensi
240 2232 261 2251 et

77 2255 181 2282 Meiiapor
204 2263 257 2278 corn-

77 2283 141 2304 mittit
189 2289 260 2304 curam

75 2309 261 2332 etii-isttanorumit-

77 2336 142 2358 tarum
161 2338 258 2364 partium.

906 218 1025 244 PAULUS
1046 218 1065 241 V
1085 219 1129 242 PP.

273 274 390 310 scopus
402 264 542 307 Goanus,
562 275 617 299 seu
634 274 772 310 persona
786 265 1011 307 ecclesiastica,

274 323 338 361 aut,
354 318 386 352 in
400 324 548 353 eventum
573 318 787 363 praedictum,
809 319 884 352 dicti
907 319 1014 352 vicarii

274 372 470 406 coniunctim
484 372 709 417 procedentes,
727 372 766 406 de
782 372 968 416 praemissis
981 383 1014 406 se

273 425 445 471 diligenter
458 425 645 467 informent,
662 431 692 458 et
703 425 836 468 adscito,
850 425 875 458 si
894 425 1013 459 discor-

273 480 330 513 des
354 479 487 521 fuerint,
515 478 696 513 haereticae
720 478 885 523 pravitatis
910 478 1015 523 inqui-

274 533 372 568 sitore
403 533 435 567 in
459 532 646 567 huiusmodi
673 532 779 566 officio
805 532 1010 577 antiquiore,

273 587 335 628 vel,
347 586 373 620 si
387 585 441 620 ille
460 586 553 627 absit,
577 585 640 619 alio
657 584 806 619 similiter
825 585 1015 629 inquisitore

274 639 456 684 antiquiore
493 639 525 672 in
562 644 706 683 tempore
738 638 925 672 immediate
961 650 1012 673 se-

274 698 403 737 quente,
428 697 546 726 certam
566 691 753 733 dioecesim,
777 697 807 725 et
829 692 1013 726 distinctum

275 746 474 780 territorium
488 746 673 790 praedictae
687 745 840 780 ecclesiae
857 746 1016 789 Angama-

275 800 374 841 lensi,
397 799 588 834 auctoritate
613 798 810 844 apostolica,
834 798 1012 842 assignent,

275 860 317 895 et,
335 853 360 887 si
377 853 421 887 ita
433 852 477 887 eis
489 852 639 897 expedire
656 852 826 895 videbitur,
844 863 1016 897 quaecum-

275 918 337 952 que
356 907 427 940 loca
449 906 489 940 ad
514 905 709 940 dioecesim¹
735 905 965 940 Cochinensem
987 913 1017 941 et

274 959 428 1005 Meliapor
452 959 645 1004 spectantia,
674 959 772 993 etiam
798 958 881 992 intus
906 959 1013 1002 regio-

274 1023 331 1048 nes
355 1013 438 1058 ipsas
465 1012 652 1056 existentia,
680 1013 719 1046 ab
744 1012 865 1046 eisdem
891 1012 1016 1046 dioece-

274 1066 362 1101 sibus
381 1072 539 1111 perpetuo
560 1066 814 1107 dismembrent,
843 1071 1013 1110 separent,

275 1121 396 1165 illaque
414 1120 460 1154 sic
474 1120 705 1154 dismenibrata
725 1125 755 1153 et
768 1125 925 1164 separata,
943 1130 1015 1153 cum

275 1174 389 1208 incolis
406 1179 436 1207 et
458 1173 694 1208 habitatoribus
707 1174 908 1214 eorumdem,
924 1184 1017 1218 prae-

276 1227 381 1263 dictae
414 1228 567 1262 ccclesiae
598 1227 836 1271 Angamalensi,
859 1238 918 1272 pro
950 1227 1017 1262 eius

276 1282 435 1325 dioecesi,
464 1283 560 1316 etiam
586 1288 744 1328 perpetuo
769 1282 942 1326 assignent,
963 1294 1018 1316 ne-

277 1338 495 1382 cessariasque
522 1337 697 1382 scripturas
726 1342 757 1371 et
783 1337 1018 1371 declarationes

276 1393 415 1437 desuper
435 1391 560 1424 faciant.

321 1447 338 1489 g
365 1445 395 1479 3.
427 1445 490 1479 Nos
511 1445 595 1479 enim
617 1444 861 1489 archiepiscopo
880 1444 1014 1485 Goano,

276 1510 331 1533 seu
356 1509 513 1544 personae
534 1498 779 1539 ecclesiasticae,
807 1504 863 1531 aut
890 1497 1017 1531 vicariis

276 1559 307 1587 et
336 1552 519 1597 inquisitori
548 1552 744 1596 praedictis,
779 1551 957 1596 praemissa
988 1558 1018 1585 et

275 1617 498 1652 quaecumque
526 1606 611 1640 circa
640 1616 676 1640 ea
706 1605 888 1639 necessaria
908 1610 938 1639 et
958 1616 1016 1649 op-

274 1666 414 1706 portuna
443 1660 603 1700 faciendi,
642 1659 792 1700 dicendi,
825 1659 956 1702 gerendi
987 1666 1017 1693 et

274 1714 467 1756 exercendi,
495 1725 544 1755 ac,
572 1724 655 1759 quae
673 1714 826 1755 fecerint,
855 1714 1013 1756 dixerint,

274 1768 451 1811 gesserint,
480 1774 510 1802 et
536 1768 759 1809 exercuerint,
792 1768 851 1801 sub
872 1768 1016 1802 censuris

274 1822 497 1857 ecclesiasticis
514 1827 544 1856 et
564 1822 634 1856 aliis
650 1821 774 1867 poenis,
798 1832 909 1856 eorum
932 1822 1015 1855 arbi-

274 1876 335 1909 trio
355 1875 560 1920 imponendis
582 1880 612 1908 et
637 1874 855 1919 applicandis,
878 1885 1016 1919 exequu-

274 1929 352 1963 tioni
382 1929 569 1963 demandari
599 1934 629 1962 et
657 1928 820 1962 observari
853 1928 1013 1970 faciendi,

274 1982 489 2018 licentiam.et
516 1982 712 2023 facultatem,
737 1982 847 2016 eadem
870 1981 1012 2016 auctori-

275 2041 349 2078 tate,
374 2042 485 2070 tenore
505 2035 736 2080 praesentium,
761 2035 968 2070 concedimus
987 2042 1016 2069 et

276 2090 490 2135 impertimur.

321 2145 337 2187 ξ
355 2143 385 2176 4.
405 2143 551 2188 Insuper,
574 2153 613 2176 ne
634 2142 784 2176 catholici
803 2142 930 2176 illarum
950 2153 1018 2187 par-

276 2197 366 2238 tium,
384 2202 516 2241 propter
537 2196 713 2230 discordias
733 2202 763 2230 et
785 2197 1018 2231 controversias

275 2250 466 2295 praedictas,
494 2250 682 2283 necessariis
703 2251 741 2283 ad
762 2251 897 2284 salutem
920 2251 1017 2284 desti-

277 2308 418 2343 tuantur,
436 2302 627 2337 auctoritate
649 2309 678 2336 et
702 2309 812 2337 tenore
832 2303 1017 2347 praedictis,

275 2357 371 2391 etiam
396 2362 553 2402 perpetuo
572 2356 743 2390 statuimus
764 2363 792 2390 et
820 2357 1017 2399 ordinamus,

275 2411 362 2455 quod
382 2410 421 2443 de
446 2415 572 2444 caetero
597 2410 762 2454 perpetuis
796 2410 910 2444 futuris
936 2416 1016 2444 tem-

275 2465 407 2510 poribus
428 2465 689 2509 archiepiscopus
714 2465 967 2508 Angamalcnsis,
988 2471 1015 2499 et

275 2518 494 2558 Cochinensis‚
521 2523 553 2552 ct
580 2518 733 2562 Meliapor
752 2518 892 2562 episcopi
919 2529 1013 2562 prae-

276 2571 351 2604 dicti
366 2571 506 2605 habeant
519 2582 628 2605 curam
644 2581 757 2605 eorum
773 2571 1016 2613 catholicorum,

316 2633 322 2658 l
348 2632 447 2661 Forsan
463 2633 552 2670 aptius
567 2635 705 2670 legeretur
721 2634 858 2662 dioeceses
874 2635 914 2669 (n.
932 2635 979 2669 T.).

1048 265 1112 299 sive
1131 265 1281 310 pridem,
1314 266 1378 300 sive
1406 277 1509 312 nuper
1537 267 1577 302 ad
1598 266 1790 302 catholicam

1049 319 1145 354 sidem
1161 325 1191 353 et
1207 320 1470 355 communionem
1485 321 1575 355 Sedis
1588 322 1791 366 Apostolicae

1049 383 1085 407 ex
1106 383 1312 418 quocumque
1333 374 1395 408 ritu
1417 374 1564 416 venient,
1593 375 1648 419 qui
1673 374 1705 408 in
1725 375 1790 410 suis

1049 427 1224 471 respective
1245 427 1433 469 territoriis,
1465 433 1527 461 tam
1550 428 1612 462 illis
1636 428 1791 463 hactenus

1050 479 1228 523 assignatis,
1253 492 1350 525 quam
1372 481 1481 524 vigore
1501 482 1719 526 praesentium
1740 493 1790 516 as-

1049 532 1232 576 signandis,
1256 542 1517 577 commorantur,
1539 541 1570 569 et
1593 535 1713 569 eisdem
1739 546 1790 569 ca-

1050 586 1177 620 tholicis
1197 588 1381 622 sacerdotes
1401 588 1573 632 assignent.

1095 642 1122 683 g.
1154 640 1184 674 5.
1213 641 1426 676 Decernentes
1456 647 1640 686 praesentes
1665 648 1790 677 nostras

1051 693 1181 736 litteras,
1206 701 1234 729 et
1256 696 1288 728 in
1314 696 1358 729 eis
1383 702 1533 730 contenta
1553 708 1787 742 quaecumque,

1051 747 1146 781 etiam
1168 759 1203 782 ex
1232 759 1269 782 eo
1300 750 1388 793 quod
1419 749 1615 794 quicumque
1644 750 1677 783 in
1699 762 1791 795 prae-

1052 800 1154 834 missis
1182 801 1335 836 interesse
1364 802 1536 843 habentes,
1565 812 1620 836 seu
1652 814 1790 847 quomo-

1052 853 1174 887 dolibet
1194 859 1226 887 et
1251 866 1287 888 ex
1309 855 1418 898 quavis
1439 858 1535 889 causa
1555 855 1675 889 habere
1698 866 1791 900 prae-

1052 907 1240 948 tendentes,
1268 908 1308 941 ad
1337 908 1399 941 hoc
1424 908 1526 942 vocati
1551 914 1581 942 et
1607 909 1706 942 auditi
1726 919 1791 943 non

1052 960 1181 1001 fuerint,
1201 971 1260 994 nec
1287 961 1473 1005 praemissis
1500 961 1732 1004 consenserint,
1753 961 1792 996 de

1051 1014 1287 1059 subreptionis,
1312 1015 1528 1060 obreptionis,
1556 1026 1613 1049 seu
1636 1015 1792 1050 nullitatis

1052 1068 1146 1110 vitio,
1178 1074 1233 1102 aut
1267 1069 1453 1103 intentionis
1485 1075 1626 1111 nostrae,
1646 1069 1695 1103 vel
1715 1069 1789 1111 alio,

1052 1122 1257 1167 quantumvis
1281 1123 1501 1165 substantiali,
1525 1123 1650 1157 defectu
1673 1123 1789 1165 notari,

1052 1176 1247 1220 impugnari,
1272 1176 1442 1219 redargui,
1468 1176 1498 1209 in
1520 1176 1569 1210 ius
1589 1177 1637 1209 vel
1658 1182 1793 1210 contro-

1052 1230 1186 1263 versiam
1210 1230 1368 1271 revocari,
1389 1236 1443 1264 aut
1471 1231 1510 1264 ad
1536 1230 1691 1264 terminos
1716 1230 1794 1265 iuris

1052 1284 1162 1318 reduci
1181 1294 1246 1317 non
1266 1294 1371 1328 posse,
1400 1285 1456 1318 sed
1478 1284 1546 1317 illas
1567 1294 1695 1329 semper
1714 1284 1793 1318 vali-

1053 1339 1109 1372 das
1127 1344 1157 1372 et
1174 1338 1319 1372 efficaces
1337 1349 1404 1372 esse
1422 1345 1452 1372 et
1473 1339 1551 1379 fore,
1575 1349 1715 1383 suosque
1731 1339 1795 1383 ple-

1053 1392 1159 1425 narios
1181 1397 1211 1425 et
1231 1392 1373 1435 integros
1399 1392 1531 1426 effectus
1551 1393 1657 1426 sortiri
1679 1398 1709 1426 et
1738 1393 1794 1426 ob-

1054 1446 1166 1487 tinere,
1185 1452 1216 1479 et
1233 1446 1275 1479 ita
1292 1457 1350 1490 per
1368 1457 1589 1490 quoscumque
1607 1446 1740 1488 iudices,
1765 1453 1795 1481 et

1053 1499 1303 1541 commissarios,
1325 1500 1435 1544 quavis
1453 1500 1644 1534 auctoritate
1662 1500 1795 1544 fungen-

1053 1558 1118 1593 tes,
1147 1553 1243 1586 etiam
1273 1564 1442 1587 causarum
1475 1553 1587 1586 Palatii
1619 1554 1794 1598 Apostolici

1051 1606 1224 1647 auditores,
1244 1617 1280 1640 ac
1301 1613 1429 1640 sanctae
1451 1608 1617 1641 Romanae
1634 1607 1795 1641 Ecclesiae

1052 1660 1241 1701 cardinales,
1266 1660 1361 1694 etiam
1381 1661 1419 1694 de
1437 1661 1535 1694 latere
1560 1661 1682 1704 legatos
1708 1661 1795 1705 (sub-

1051 1714 1114 1747 lata
1143 1713 1187 1747 eis
1212 1720 1242 1748 et
1267 1724 1379 1748 eorum
1409 1714 1542 1748 cuilibet
1566 1715 1677 1759 quavis
1702 1715 1795 1749 aliter

1052 1767 1214 1801 iudicandi
1232 1774 1261 1801 et
1276 1768 1509 1812 interpretandi
1528 1768 1677 1802 facultate
1695 1774 1725 1802 et
1739 1779 1795 1803 au-

1051 1822 1212 1865 ctoritate)
1234 1821 1367 1856 iudicari
1390 1827 1420 1855 et
1442 1821 1569 1855 definiri
1591 1822 1729 1864 debere,
1759 1833 1795 1857 ac

1052 1875 1176 1909 irritum
1204 1881 1234 1909 et
1259 1875 1364 1916 inane,
1393 1875 1551 1920 quidquid
1579 1873 1670 1909 sec'us
1697 1887 1795 1921 super

1051 1928 1099 1962 his
1116 1939 1134 1962 a
1151 1939 1326 1973 quoquam,
1343 1929 1453 1973 quavis
1471 1929 1672 1971 auctoritate,
1692 1930 1793 1964 scien-

1051 1988 1098 2016 ter
1117 1982 1381 2024 vel-ignoranter,
1403 1982 1572 2026 contigerit
1590 1983 1751 2016 attentari.

1096 2036 1155 2079 gri.
1173 2036 1240 2069 Non
1255 2036 1456 2069 obstantibus
1472 2036 1656 2080 praemissis
1670 2042 1699 2070 et
1717 2048 1795 2082 quo-

1052 2101 1190 2135 cumque
1223 2090 1389 2131 dissensu,
1413 2101 1449 2123 ac
1478 2091 1586 2134 regula
1620 2093 1728 2124 nostr-<⁴1
1755 2092 1794 2125 de

1053 2145 1122 2178 iure
1144 2144 1288 2189 quaesito
1302 2155 1365 2178 non
1387 2145 1539 2186 tollendo,
1563 2145 1697 2190 aliisque
1719 2156 1794 2180 con-

1052 2198 1271 2231 stitutionibus
1286 2204 1315 2231 ct
1326 2198 1584 2232 ordinationibus
1596 2200 1791 2243 apostolicis,

1053 2262 1178 2285 necnon
1196 2252 1449 2295 Angamalensis,
1471 2252 1677 2286 Cocliinensis
1695 2259 1724 2286 et
1738 2253 1795 2287 Me-

1053 2305 1156 2349 liapor
1171 2305 1390 2347 ecclesiarum,
1407 2306 1500 2339 etiam
1517 2306 1707 2346 iuramento,
1724 2317 1795 2340 con-

1053 2359 1235 2393 firmatione
1246 2360 1433 2404 apostolica,
1452 2361 1499 2393 vel
1515 2361 1625 2404 quavis
1643 2360 1795 2395 firmitate

1053 2413 1114 2446 alia
1129 2413 1298 2453 roboratis,
1317 2413 1440 2446 statutis
1451 2419 1481 2447 et
1495 2414 1793 2457 consuetudinibus,

1053 2466 1226 2510 privilegiis
1247 2478 1388 2511 quoquc,
1411 2466 1541 2499 indultis
1571 2472 1600 2500 ct
1629 2466 1793 2511 quibusvis

1054 2519 1166 2552 litteris
1204 2520 1412 2564 apostolicis,
1446 2519 1504 2551 sul)
1536 2520 1793 2564 quibuscumque

1054 2572 1219 2606 tenoribus
1253 2579 1283 2605 ct
1316 2572 1448 2613 formis,
1473 2584 1508 2606 ac
1537 2583 1608 2606 cum
1631 2573 1793 2617 quibusvis

1052 2626 1201 2660 clausulis
1220 2633 1247 2660 et
1264 2626 1411 2665 decretis,
1437 2627 1466 2659 in
1482 2627 1679 2661 contrarium
1698 2638 1791 2672 prac-

1681 209 1744 247 607
1795 220 1844 250 An.
1862 220 1889 249 c.
1912 221 1981 253 1609

1833 661 1954 684 clausulae.

1823 2051 1936 2083 Dei-ugano
1945 2059 1994 2074 eon-

1810 2083 1928 2102 uariorum.
