2227 3241
247 278 296 305 An.
313 277 343 305 c.
363 277 430 305 1607
476 269 540 303 420

438 327 564 361 cibilius
585 332 680 371 atque
705 327 744 360 ad
772 327 1048 361 conservationem
1078 329 1177 362 nostri

439 386 538 413 status
559 380 590 413 in
611 380 768 424 obsequio
781 380 835 413 Dei
852 381 1013 425 totiusque
1032 381 1178 415 christia-

436 444 495 466 nae
506 433 703 477 reipublicae
714 434 930 477 praestantius
945 434 1024 467 effici
1037 434 1179 478 potuisse

434 497 493 520 nec
513 497 617 531 posse,
644 487 720 520 licet
735 488 776 521 ad
797 498 909 520 corum
932 488 1076 525 omnium
1102 488 1179 521 sub-

435 540 612 573 sistentiam
635 547 663 574 ct
683 546 874 585 perpetuam
898 541 1095 575 validitatem
1122 553 1180 586 per

434 593 538 626 solum
566 600 767 627 contractum
805 594 908 638 ipsum
942 594 1177 638 praeinsertum

434 646 633 680 sufficienter
652 649 816 691 provisum
835 648 965 689 existat,
982 649 1020 681 ad
1037 649 1180 682 abunda-

435 700 551 734 tiorem
579 706 685 734 tamen
712 701 893 742 cautelam,
918 708 952 735 ut
976 713 1013 735 eo
1036 703 1180 735 tenacius

435 754 657 795 observentur,
690 760 721 788 et
741 755 923 795 difficilius,
959 755 1059 789 inuno
1090 756 1179 789 nullo

435 808 544 849 modo,
560 808 709 851 derogari
729 808 841 852 possit,
865 809 950 841 iuxta
972 809 1066 842 etiam
1089 820 1106 842 a
1123 820 1180 842 no-

434 861 484 894 bis
512 861 544 894 in
578 861 692 905 eodem
723 867 890 895 contractu
918 873 975 905 per
999 863 1179 896 iuramenta

435 919 546 947 nostra
562 914 732 958 promissa,
750 915 910 957 praesenti
932 921 1041 948 nostro
1058 916 1176 959 capitu-

435 966 495 999 lari
517 966 704 1010 diplomate,
729 967 816 1000 omni
839 967 965 1000 meliori
987 968 1095 1009 modo,
1120 968 1178 1005 via,

435 1019 506 1053 iure
527 1025 558 1054 et
577 1021 692 1062 forma,
717 1021 835 1065 quibus
861 1021 975 1054 melius
996 1028 1026 1055 et
1045 1021 1180 1062 validius

436 1073 539 1107 tacere
567 1084 739 1117 possumus
771 1079 802 1107 et
831 1074 1007 1115 debemus,
1043 1074 1177 1108 invicem

435 1132 563 1160 maturo
584 1133 616 1161 et
635 1127 814 1161 deliberato
840 1128 986 1169 consilio,
1011 1128 1049 1161 de
1070 1130 1179 1161 nostra

436 1183 522 1214 certa
540 1181 684 1223 scientia,
706 1181 801 1215 etiam
818 1187 905 1215 motu
920 1182 1064 1226 proprio,
1084 1192 1179 1226 prae-

436 1234 533 1268 missa
554 1245 627 1268 cum
649 1234 800 1269 omnibus
829 1241 860 1268 et
884 1235 1018 1277 singulis
1038 1235 1175 1276 statutis,

435 1288 710 1331 ordinationibus,
732 1289 887 1330 decretis,
911 1289 1175 1330 definitionibus,

434 1342 548 1385 pactis,
573 1342 860 1383 conventionibus,
883 1343 1154 1387 promissionibus
1169 1370 1175 1384 ,

434 1395 609 1437 voluntate,
633 1406 670 1429 ac
689 1395 1097 1440 poenis,·inhibitionibus,
1122 1396 1178 1429 ali-

436 1447 527 1492 isque
558 1449 707 1483 omnibus
733 1455 764 1483 et
788 1449 922 1492 singulis
943 1450 1094 1483 clausulis
1113 1450 1175 1483 ita-

434 1501 496 1536 lico
528 1502 682 1537 idiomate
715 1503 747 1536 in
778 1503 980 1547 praeinserto
1013 1509 1177 1537 contractu

435 1556 594 1590 contentis
615 1562 646 1590 et
666 1556 822 1601 expressis
851 1557 966 1590 iterum
997 1557 1175 1598 firmamus,

434 1609 627 1650 statuimus,
657 1611 892 1644 concordamus
908 1638 915 1651 ,
944 1611 1153 1644 concedimus
1168 1639 1175 1652 ,

434 1669 651 1707 acceptamus,
666 1664 846 1707 laudamus,
860 1665 1089 1709 approbamus,
1103 1675 1178 1698 con-

433 1716 613 1759 firmamus⁷
625 1723 656 1751 et
670 1718 709 1752 de
721 1728 804 1751 novo
818 1718 1054 1751 concordamus
1068 1724 1097 1751 et
1108 1728 1180 1751 con-

435 1771 591 1814 cedimus,
607 1772 850 1816 praesentisque
871 1772 980 1816 scripti
999 1772 1178 1816 patrocinio

434 1825 685 1859 communimust
706 1825 892 1869 supplentes
906 1827 1014 1858 nostra
1027 1827 1179 1869 suprema

434 1878 625 1913 auctoritate
650 1879 819 1924 capitulari
845 1889 956 1913 omnes
981 1884 1011 1913 et
1035 1879 1179 1922 singulos

435 1932 576 1966 defectus
612 1939 675 1966 tam
706 1933 785 1966 iuris
813 1943 910 1977 quam
938 1933 1032 1974 sacti,
1064 1933 1090 1966 si
1123 1933 1177 1977 qui

435 1985 543 2020 forsan
564 1986 797 2020 intervenerint
815 1987 845 2020 in
867 1986 1000 2021 eisdem.
1028 1987 1096 2020 Non
1123 1987 1179 2020 ob-

435 2040 592 2074 stantibus
612 2041 748 2082 stamus,
773 2041 1031 2075 ordinationibus
1057 2041 1179 2085 capitu-

435 2094 568 2135 laribus,
592 2094 892 2135 consuetudinibus,
916 2095 1026 2129 usibus
1051 2101 1081 2128 et
1102 2095 1175 2139 qui-

435 2147 638 2192 buscumque
667 2148 699 2181 in
725 2147 922 2181 contrarium
950 2148 1174 2189 existentibus,

434 2200 502 2233 sive
520 2201 727 2241 dictantibi1s3
744 2201 854 2244 eisque
868 2201 1029 2242 omnibus,
1047 2201 1086 2234 ad
1101 2201 1177 2234 effe-

435 2259 521 2286 ctum
540 2254 826 2298 praeinsertorum,
851 2254 1041 2288 auctoritate
1056 2254 1178 2298 capitu-

437 2306 507 2347 lari,
531 2307 728 2340 susficienter
753 2307 946 2350 derogamus
970 2319 1007 2341 ae
1031 2318 1177 2351 expresse

436 2360 626 2403 derogatum
648 2371 715 2394 esse
736 2361 947 2395 declaramus.
971 2360 1177 2405 Praecipien-

436 2418 482 2446 tes
512 2414 670 2461 uniyersis
701 2419 732 2447 et
761 2413 894 2456 singulis
927 2414 1030 2448 dictae
1062 2415 1178 2447 domus

435 2471 564 2500 nostrae
579 2467 741 2508 fratribus,
759 2477 963 2511 quacumque
977 2467 1178 2508 auctoritate,

437 2519 592 2562 dignitate
606 2520 778 2565 officioque
792 2521 1009 2564 fungentibus,
1026 2532 1177 2566 praesen-

437 2573 522 2607 tibus
543 2579 574 2607 et
594 2574 624 2607 in
645 2579 838 2618 perpetuum
860 2575 985 2616 suturis,
1009 2575 1040 2608 in
1061 2575 1178 2609 virtute

436 2633 564 2662 sanctae
582 2628 816 2670 obedientiaae,
839 2639 879 2663 ne
899 2635 1009 2663 contra
1026 2639 1178 2680 praesen-

438 2687 482 2714 tes
503 2688 627 2716 nostras
649 2688 843 2725 contractus,
859 2694 1043 2725 cousensus,
1059 2683 1178 2717 consti-

1027 279 1210 305 BULLARIUM
1229 279 1384 305 ROMANUM

1191 2069 1197 2110 l

1186 2360 1196 2428 l

1214 328 1365 369 tutionis,
1395 328 1660 372 approbationis,
1685 329 1899 363 concessionis
1921 335 1953 363 et

1213 381 1469 415 confirmationis
1486 381 1609 415 litteras
1629 381 1831 425 aliquatenus
1849 385 1953 418 faeere

1212 435 1259 468 vel
1282 434 1389 467 venire
1410 441 1629 478 praesumant,
1653 435 1708 468 scd
1730 446 1782 468 eas
1803 437 1954 471 studeant

1213 487 1442 520 inviolabiliter
1462 488 1643 521 observare.
1661 488 1883 532 Supplicantes
1900 490 1955 524 de-

1213 540 1310 584 nique
1335 540 1501 574 humiliter
1520 541 1550 574 S.
1571 542 1605 574 D.
1628 541 1664 575 N.
1687 542 1722 575 D.
1746 541 1954 585 Clementem,

1214 594 1319 627 (lirina
1337 594 1538 638 providentia
1564 595 1682 638 Papam
1703 595 1778 635 VlHr
1797 601 1828 628 et
1847 606 1955 630 sacro-

1213 655 1354 682 sanctam
1377 649 1491 681 Sedeni
1513 649 1743 692 Apostolicam,
1759 655 1844 683 utea
1858 649 1954 684 etiam

1214 702 1394 746 approbare
1416 708 1446 734 et
1470 707 1538 734 rata
1563 702 1706 742 habere,
1729 698 1906 747 omnesque
1925 708 1956 737 et

1214 755 1356 798 singulos
1370 755 1512 789 desectus
1524 761 1585 788 tam
1600 755 1678 789 iuris
1692 767 1788 800 quam
1801 756 1873 790 faeti
1886 767 1958 801 sup-

1214 809 1313 852 plere,
1338 815 1365 841 et
1388 809 1427 842 de
1452 819 1535 842 novo
1560 810 1737 843 concedere
1761 816 1792 844 et
1816 816 1956 844 statuere

1215 862 1375 905 dignetur.

1303 917 1335 949 ln
1357 916 1448 949 cuius
1469 916 1514 949 rei
1537 916 1754 950 testimonium
1774 917 1864 951 Bulla
1882 928 1956 952 nos-

1216 975 1262 1002 tra
1283 970 1463 1003 communis
1484 969 1635 1013 plumbea
1666 971 1889 1014 praesentibus
1908 977 1956 1005 est

1214 1033 1366 1066 appensa.

1258 1077 1372 1109 Datum
1394 1077 1518 1110 Melitae
1532 1077 1564 1110 in
1579 1083 1736 1111 conventu
1755 1084 1877 1120 nostro,
1897 1079 1955 1112 du-

1214 1136 1304 1163 rante
1330 1130 1470 1174 eapitulo
1503 1135 1614 1164 nostro
1638 1131 1799 1173 generali,
1824 1132 1876 1165 die
1902 1142 1956 1166 ΧΠ(

1214 1183 1333 1216 mensis
1358 1183 1513 1216 februarii
1535 1194 1636 1218 unctu
1657 1184 1696 1218 ab
1717 1185 1951 1219 incarnatione.

1303 1237 1337 1269 Et
1364 1237 1439 1280 quia
1463 1247 1496 1270 se
1521 1237 1618 1270 babet
1643 1238 1780 1279 veritas,
1809 1238 1955 1282 factaque

1215 1289 1300 1323 fideli
1327 1301 1398 1323 cum
1426 1290 1573 1333 originali
1599 1291 1782 1332 collatione,
1813 1301 1952 1325 concor-

1214 1343 1290 1376 dare
1308 1344 1539 1387 comperimus:
1558 1343 1631 1378 ideo
1649 1344 1681 1377 in
1702 1344 1796 1378 huius
1809 1345 1854 1378 rei
1869 1345 1956 1378 testi-

1214 1397 1358 1430 monium
1381 1397 1470 1430 Bulla
1490 1403 1599 1431 nostra
1620 1397 1810 1440 magistralis
1830 1398 1862 1431 in
1883 1400 1956 1432 cera

1213 1451 1302 1493 nigra
1325 1451 1547 1495 praesentibus
1567 1458 1615 1485 est.
1636 1452 1801 1496 impressa.

1303 1506 1416 1538 Datum
1442 1505 1565 1539 Melitae
1590 1506 1620 1538 in
1647 1512 1806 1540 conventu
1830 1512 1951 1548 nostro,

1214 1558 1264 1590 die
1283 1569 1298 1591 x
1321 1558 1439 1591 mensis
1465 1559 1599 1592 ianuarii
1626 1570 1710 1594 timcv
1734 1560 1773 1594 ab
1798 1561 1952 1594 lucarna-

1214 1617 1310 1645 tione.

1326 1693 1482 1736 Seqw'tm·
1502 1692 1652 1736 lessalitas
1670 1693 1703 1727 in
1721 1694 1837 1737 forma.

1259 1774 1274 1814 ξ
1296 1772 1325 1805 3.
1350 1773 1426 1805 Cum
1448 1777 1555 1806 autem
1570 1773 1716 1806 firmiora
1729 1773 1791 1807 sint
1806 1784 1854 1815 ea,
1871 1784 1953 1818 quae
1993 1795 2153 1822 Praedicmp&
2191 1803 2193 1805 ,

1212 1825 1303 1859 Sedis
1328 1826 1528 1870 .tpostolicae
1549 1827 1729 1870 patrocinio
1748 1827 1949 1869 muniuntur,
1967 1821 2150 1844 ¹³¹¹*¹”⁰⁰¹‘“'¹¹¹³'¹·
2186 1854 2189 1866 .

1214 1885 1244 1913 et
1272 1886 1463 1924 propterea,
1488 1880 1570 1913 sieut
1595 1880 1716 1924 pariter
1745 1881 1949 1926 accepimus,

1215 1944 1349 1976 magnus
1375 1933 1526 1975 magister
1554 1939 1584 1967 ct
1604 1940 1778 1968 conventus
1796 1934 1953 1979 praedicti

1214 1987 1345 2030 cupiant
1365 1987 1550 2020 huiusmodi
1571 1987 1804 2022 institutionem
1825 1993 1856 2022 et
1875 1989 1950 2021 sun-

1213 2040 1390 2082 dationem,
1403 2051 1476 2074 cum
1493 2041 1735 2075 conditionibus
1746 2042 1954 2086 quibuscum-

1212 2104 1276 2138 que
1297 2093 1328 2126 in
1349 2094 1401 2127 illa
1423 2094 1590 2138 expressis,
1614 2105 1672 2139 per
1695 2105 1754 2129 nos
1778 2095 1953 2140 apostolica

1212 2147 1402 2182 auctoritate
1423 2147 1622 2189 confirmari3

1257 2201 1271 2244 ξ
1291 2201 1321 2233 li.
1342 2201 1405 2235 Nos
1426 2201 1555 2234 illorum
1585 2201 1682 2244 votis,
1701 2207 1856 2245 quantum
1878 2213 1951 2236 curn
1980 2220 2162 2242 commum.-
2176 2238 2186 2248 ,

1211 2254 1348 2287 Domino
1365 2264 1548 2298 possumus,
1563 2254 1702 2297 benigne
1715 2265 1869 2297 annuere,
1883 2255 1953 2289 eos·
1967 2248 2005 2269 ¹³⁵·

1212 2318 1274 2351 que
1294 2307 1486 2351 specialibus
1508 2307 1668 2341 favoribus
1689 2313 1717 2342 et
1739 2308 1850 2351 gratiis
1868 2318 1949 2353 pro>-

1212 2361 1302 2404 sequi
1316 2361 1469 2401 volentes,
1489 2366 1519 2394 et
1537 2361 1712 2405 quemlibet
1726 2372 1837 2395 eorum
1852 2372 1870 2395 a
1883 2362 1952 2406 qui-

1212 2414 1320 2448 busvis
1345 2414 1707 2456 excommunicationis,
1734 2415 1953 2460 suspensionis

1213 2473 1244 2501 et
1264 2467 1438 2508 interdicti,
1467 2467 1602 2512 aliisque
1630 2468 1850 2502 ecclesiasticis
1875 2479 1950 2503 sen--

1214 2520 1331 2561 tentiis,
1356 2520 1498 2553 censuris
1523 2526 1554 2553 et
1577 2521 1702 2565 poenis,
1723 2531 1740 2554 a
1756 2521 1826 2554 iure
1847 2521 1895 2555 vel
1913 2521 1953 2555 ab

1213 2574 1357 2615 homine,
1377 2574 1487 2618 quavis
1502 2574 1669 2618 occasione
1689 2575 1738 2608 vel
1758 2577 1853 2609 causa
1871 2575 1952 2618 latis,

1212 2627 1238 2661 si
1268 2628 1386 2672 quibus
1419 2627 1664 2672 quomodolibet
1692 2627 1837 2662 innodati
1867 2627 1950 2662 exis-

1215 2688 1295 2724 tunt,
1318 2683 1357 2716 ad
1379 2682 1525 2717 effectum
1547 2681 1765 2726 praesentium
1788 2682 1954 2716 dumtaxat

1967 281 2062 310 AmC.
2084 279 2157 314 1.t³
2202 300 2205 310 ,
