2227 3241
56 242 146 272 Arre.
169 242 238 271 1610

85 735 195 756 Fratribus
213 734 242 754 ‹li-

59 763 86 792 cti
102 761 167 791 'l'ertii
183 761 243 782 Ordi-

44 807 51 824 ¹
58 788 201 836 giiuuiitgffilt‘ir
207 788 242 836 rig:

101 1433 246 1460 Exequuturcs

62 1461 196 1486 deputantur.

886 242 1007 267 rAuLus
1029 243 1047 266 v
1069 243 1120 267 rr.
1681 232 1739 268 631
1794 243 1885 270 Amo,
1909 243 1976 273 1610

255 288 463 323 intervenisse
481 288 544 323 dici
561 289 609 322 vel
624 289 747 323 censeri
765 290 899 334 possint,
924 301 998 334 sup-

254 343 399 387 plemus,
428 353 529 387 eaque
555 343 664 376 onmia
689 348 721 376 et
745 343 870 386 singula
895 343 999 376 valida

254 401 285 430 et
309 396 451 430 efficacia
475 396 543 430 sore
565 402 594 430 et
620 407 687 430 esse
702 423 710 437 ,
743 402 999 441 perpetuamque

255 449 383 483 roboris
408 449 595 483 firmitatem
617 449 764 483 obtinere
779 477 787 490 ‚
807 460 843 482 ac
871 449 909 482 ab
931 459 999 482 om-

255 503 350 537 nibus
374 509 405 537 et
425 502 558 546 singulis
576 503 742 548 utriusque
763 503 890 538 Ordinis
907 514 1000 547 prae-

256 556 332 591 dicti
352 556 517 598 fratribus,
533 567 620 591 nunc
641 563 672 591 et
688 568 747 602 pro
762 563 907 601 tempore
921 557 1001 591 exis-

257 609 425 651 mentibus,
447 610 674 644 inviolabiliter
699 610 861 645 observari
883 610 1000 644 debere

259 663 474 697 decernimus.

304 718 320 759 ξ
342 715 372 750 5.
396 717 583 750 Mandantes
614 717 825 751 nihilominus
851 716 1001 750 omnibus

259 775 290 803 et
305 769 440 813 singulis
465 770 565 815 ipsius
589 770 716 804 Ordinis
741 771 780 805 de
800 770 1002 804 Poenitentia

260 823 434 865 fratribus,
459 823 634 871 ministris,
659 829 690 858 et
716 824 867 868 praelatis
896 824 998 858 ultra-

260 882 434 911 montanae
454 877 612 919 familiae,
635 878 823 922 praesertim
846 877 1002 922 Hispano-

261 941 332 964 rum
350 936 381 964 et
393 930 570 975 Gallorum,
589 936 650 965 tam
669 930 892 975 praesentibus
905 941 1000 975 quam

260 984 385 1025 futuris,
399 983 431 1017 in
445 984 562 1018 virtute
583 990 710 1018 sanctae
736 984 951 1025 obedientiae,
972 990 1003 1017 et

259 1038 318 1071 sub
342 1037 530 1082 privationis
555 1038 748 1079 officiorum,
777 1037 1001 1071 inhabilitatis-

259 1103 322 1136 que
338 1092 378 1126 ad
395 1092 450 1125 illa
463 1097 493 1125 et
510 1090 572 1124 alia
589 1091 802 1135 imposterum
816 1090 1003 1131 obtinenda,

259 1155 385 1179 necnon
399 1143 406 1162 ¹
427 1145 510 1178 latae
524 1144 700 1178 sententiae
714 1143 918 1178 incurrendis
931 1154 1004 1188 poe-

261 1199 320 1240 nis,
340 1205 375 1232 ut
394 1198 528 1244 posthac
553 1198 668 1242 elapsis
693 1209 753 1232 sex·
771 1197 936 1231 mensibus
957 1198 1003 1230 di-

261 1254 302 1287 cti
327 1253 441 1287 fratres
474 1262 586 1286 omnes
610 1252 707 1290 Tertii
733 1251 860 1286 Ordinis
892 1251 1003 1284 habitu

261 1309 328 1350 illo,
352 1307 518 1352 praedicto
538 1307 634 1341 modo
651 1313 811 1348 contexto,
830 1307 1005 1341 induantur

262 1370 293 1398 et
313 1364 344 1397 in
366 1363 510 1406 futurum
531 1369 672 1397 utantur.

307 1419 324 1460 ἓ
345 1414 564 1457 6.‘Quocirca
591 1418 828 1452 venerabilibus
854 1418 1005 1452 fratribus

263 1471 513 1515 archiepiscopis
546 1476 577 1505 et
602 1471 782 1516 episcopis,
815 1483 850 1505 ac
882 1473 1006 1506 dilectis

264 1524 337 1558 filiis
358 1524 475 1558 nostris
490 1530 519 1558 et
537 1525 738 1569 Apostolicae
755 1525 845 1560 Sedis
864 1526 1001 1567 nunciis,

262 1588 320 1622 per
343 1584 529 1622 praesentes
554 1579 785 1612 committimus
811 1584 841 1612 et
866 1580 1002 1613 manda-

264 1642 345 1673 mus,
369 1638 528 1676 quatenus
555 1632 633 1676 ipsi,
658 1643 716 1677 per
739 1643 790 1674 se,
819 1633 866 1666 rel
892 1633 1002 1674 alium,

263 1697 317 1720 seu
332 1685 422 1727 alios,
445 1691 630 1730 praesentes
644 1687 765 1720 litteras
785 1687 860 1721 etin
875 1687 920 1721 eis
934 1698 1006 1721 con-

264 1745 350 1774 tenta
370 1749 605 1784 quaecumque,
633 1740 688 1773 ubi
713 1746 745 1774 et
769 1741 900 1786 quando
925 1752 1006 1785 opus

263 1803 344 1837 opus
360 1792 466 1834 suerit,
482 1798 512 1826 et
524 1793 651 1838 quoties
661 1805 720 1838 pro
733 1800 824 1838 parte
838 1794 1005 1839 utriusque

263 1856 318 1879 seu
344 1846 476 1880 alterius
501 1846 628 1880 Ordinis
661 1847 793 1881 fratrum
820 1848 1004 1882 huiusmodi

264 1899 383 1933 suerint
404 1899 560 1944 requisiti,
584 1901 771 1934 solemniter
791 1902 1002 1946 publicantes,

264 1952 374 1997 cisque
396 1953 426 1986 in
449 1953 632 1998 praemissis
654 1953 790 1988 efficacis
811 1955 1006 1989 defensionis

264 2007 428 2052 praesidio
453 2007 647 2049 assistentes,
676 2008 791 2042 saciant
816 2008 1006 2043 auctoritate

265 2062 373 2095 nostra
387 2062 459 2094 illos
472 2061 723 2106 praemissorum
739 2062 883 2095 omnium
900 2068 930 2096 ct
943 2063 1006 2096 sin-

264 2115 413 2157 gulorum
433 2115 553 2150 effectu
569 2115 702 2160 pacifice
723 2115 783 2148 srui
803 2121 832 2148 et
853 2116 1003 2158 gaudere,

264 2178 328 2201 non
358 2169 580 2212 permittentes
610 2169 681 2202 illos
712 2169 850 2213 desuper
879 2180 895 2201 a
921 2180 1003 2213 quo-

265 2232 373 2265 quam,
403 2222 514 2266 quavis
539 2222 737 2264 auctoritate,
764 2222 1005 2266 quomodolibet

266 2275 406 2309 indebite
432 2276 611 2309 molestari:
637 2276 888 2309 contradictores
913 2287 1025 2321 quos-=

265 2340 405 2374 cumque
433 2340 491 2374 per
517 2339 668 2363 censuras
693 2335 722 2363 et
753 2340 872 2374 poenas
901 2331 1005 2364 ecclc-

266 2383 420 2424 siasticas,
437 2383 564 2427 aliaque
585 2389 768 2427 opportuna
789 2383 866 2416 iuris
885 2389 914 2417 et
935 2384 1006 2417 facti

267 2437 408 2470 remedia
424 2465 431 2479 ,
457 2437 671 2481 appellatione
686 2437 859 2481 postposita
880 2448 1007 2482 compc-

266 2491 396 2531 scendo,
421 2490 566 2523 invocato
588 2491 682 2523 etiam
707 2491 745 2523 ad
771 2491 853 2529 hoc,
878 2491 901 2523 si
928 2501 1008 2535 opus

268 2544 373 2585 suerit,
397 2545 516 2579 auxilio
541 2544 663 2577 brachii
689 2545 871 2578 saecularis.

306 2617 313 2641 t
340 2616 406 2644 Heic
425 2616 525 2652 aliquid
543 2616 639 2644 deesse
654 2616 775 2650 videtur3
790 2617 880 2645 forsan
897 2624 1007 2645 eoecom-

268 2661 476 2689 municationz's
491 2662 531 2697 (n,
550 2663 597 2695 T.).

1078 290 1142 333 57.
1172 291 1241 324 Non
1266 290 1467 324 obstantibus
1499 290 1706 335 praemissis,
1738 302 1776 324 ac
1804 305 1975 334 negogauocon-

1034 343 1317 377 constitutionibus
1331 350 1359 377 et
1374 344 1630 377 ordinationibus
1648 349 1776 388 aposto·
1792 334 1913 353 'mmmm'

1034 395 1124 436 licis,
1159 407 1286 430 necnon
1319 396 1475 430 Ordinum
1507 397 1747 442 praedictorum
1766 425 1773 439 ,

1034 449 1128 482 etiam
1150 449 1344 492 iuramento,
1369 457 1442 491 etc,
1463 451 1631 493 roboratis,
1653 451 1777 485 statutis

1035 509 1065 536 et
1085 504 1394 545 consuetudinibus,
1422 505 1598 549 privilegiis
1622 515 1751 549 quoque
1767 532 1774 546 ,

1036 556 1167 590 indultis
1193 563 1221 590 et
1248 557 1361 592 litteris
1381 558 1585 602 apostolicis,
1610 558 1671 592 illis
1700 558 1774 592 illo-

1035 621 1173 655 rumque
1193 611 1415 655 superioribus
1433 618 1464 645 et
1487 612 1638 646 fratribus
1656 618 1689 646 et
1709 612 1779 656 qui-

1035 664 1142 698 busvis
1166 664 1236 698 aliis
1260 666 1417 709 personis,
1436 666 1495 699 sub
1520 666 1778 710 quibuscumque

1036 718 1203 752 tenoribus
1228 724 1258 752 et
1284 719 1416 760 formis,
1445 730 1481 752 ac
1507 730 1579 753 cum
1614 719 1779 764 quibusvis

1037 771 1131 805 etiam
1151 772 1429 815 derogator-iarum
1449 772 1672 815 derogatoriis‚
1695 772 1780 806 aliis-

1037 835 1099 869 que
1114 825 1349 859 efficacioribus
1367 832 1397 859 et
1412 826 1546 860 insolitis
1561 826 1723 867 clausulis,
1744 837 1781 859 ac

1037 877 1236 912 irritantibus
1261 887 1289 912 et
1315 879 1384 912 aliis
1415 879 1562 922 decretis,
1588 879 1618 912 in
1651 885 1780 912 contra-

1037 930 1120 964 rium
1147 932 1401 975 praemissorum
1427 932 1673 977 quomodolibet
1704 942 1781 966 con-

1037 984 1153 1025 cessis,
1178 984 1378 1019 confirmatis
1409 991 1439 1019 et
1464 985 1632 1019 innovatis.
1660 985 1781 1024 Quibus

1038 1038 1188 1071 omnibus
1214 1045 1244 1072 et
1269 1039 1421 1082 singulis,
1451 1050 1562 1073 eorum
1585 1039 1730 1072 omnium
1752 1044 1782 1072 et

1038 1091 1239 1134 singulorum
1282 1097 1410 1126 tenores
1455 1092 1679 1137 praesentibus
1722 1102 1781 1136 pro

1038 1146 1132 1189 plene
1153 1153 1183 1180 et
1203 1147 1399 1180 sufficienter
1424 1146 1579 1191 expressis
1600 1152 1632 1180 et
1652 1146 1692 1180 ad
1711 1157 1782 1180 ver-

1038 1199 1113 1231 bum
1148 1199 1275 1233 insertis
1298 1200 1463 1241 habentes,
1481 1200 1541 1232 hac
1561 1200 1627 1233 vice
1653 1199 1781 1232 dumta-

1038 1259 1090 1286 xat
1114 1253 1296 1297 specialiter
1327 1260 1357 1287 et
1383 1264 1529 1298 expresse
1562 1253 1778 1296 derogamus,

1039 1308 1237 1352 caeterisque
1259 1309 1428 1342 contrariis
1453 1308 1722 1352 quibuscumque.

1082 1363 1195 1395 Datum
1222 1363 1342 1396 Romae
1367 1363 1452 1406 apud
1479 1363 1508 1396 S.
1537 1363 1694 1403 Marcum,
1723 1363 1781 1396 sub

1039 1416 1159 1449 annulo
1179 1416 1361 1457 piscatoris,
1386 1416 1437 1449 die
1458 1426 1509 1450 xlv
1537 1416 1661 1460 augusti
1682 1426 1779 1457 MDCX,

1039 1469 1244 1514 pontificatus
1265 1470 1366 1503 nostri
1385 1480 1469 1504 anno
1490 1480 1531 1503 vr.

1075 1533 1132 1560 Dat.
1156 1532 1199 1560 die
1223 1534 1250 1561 12
1272 1534 1377 1569 augusti
1402 1534 1481 1569 1610,
1505 1534 1597 1569 pontis.
1619 1543 1662 1561 an.
1686 1541 1718 1561 vt,

1359 1694 1458 1728 CLIX,

1042 1791 1134 1832 Quod
1164 1791 1267 1825 clerus
1301 1797 1328 1824 ec
1360 1802 1517 1835 personae
1553 1792 1783 1826 ecclesiasticae

1085 1847 1183 1879 etiam
1204 1851 1379 1890 exemptae,
1401 1853 1428 1879 e!
1450 1847 1571 1879 milites
1591 1848 1698 1880 sancti
1717 1847 1784 1881 Ste-

1083 1899 1188 1943 phane?
1209 1900 1334 1932 ratione
1354 1899 1506 1932 bonorum
1523 1911 1582 1943 per
1599 1911 1648 1933 eos
1670 1901 1705 1933 in
1724 1906 1784 1934 ter-

1084 1953 1210 1993 ritorio,
1227 1953 1390 1993 (ΙίεΙιίἐίιι,
1412 1958 1439 1986 et
1461 1954 1617 1986 comitatu
1640 1954 1783 1987 civitatis

1084 2007 1228 2039 Pas-anae
1250 2018 1465 2051 possessorum
1487 2035 1492 2046 ,
1519 2008 1699 2041 subsidium
1723 2020 1784 2052 pro

1022 2081 1024 2100 1
1084 2062 1231 2104 arpensis
1259 2060 1425 2105 afferunt,
1443 2063 1636 2105 fossatormn
1661 2062 1704 2095 ad
1724 2063 1780 2095 de-

1085 2115 1231 2147 cennium
1256 2115 1434 2158 persolvere
1459 2114 1623 2149 debeam&

1339 2178 1380 2199 Ὃκ

1284 2232 1394 2259 Paulus
1415 2233 1492 2266 Papa
1513 2233 1543 2265 V,

1188 2288 1221 2312 ad
1243 2286 1374 2313 futuram
1394 2288 1438 2313 rei
1460 2287 1628 2314 memoriam

1024 2324 1028 2377 Ι

1087 2385 1102 2425 ξ
1133 2383 1157 2415 l.
1187 2383 1321 2417 Nomine
1349 2384 1453 2416 dilecti
1488 2384 1543 2416 tilii
1577 2384 1693 2416 nobilis
1725 2384 1782 2417 riri
1825 2419 1983 2446 mmmmm·

1041 2437 1144 2470 Cosmi
1171 2437 1304 2470 Medicas
1338 2438 1505 2470 fleti-uriae
1537 2438 1595 2470 sibi
1621 2437 1782 2472 subiectae
1799 2435 1982 2483 snitu-›sexectu-

1044 2490 1149 2533 magni
1169 2490 1257 2523 ducis
1277 2491 1368 2523 nobis
1390 2502 1492 2534 nuper
1513 2490 1689 2535 expositum
1714 2491 1782 2533 suit,
1798 2474 1984 2536 ἓέῗέἓῖἒῖιξῖιῗὲῑῖ

1043 2545 1140 2589 quod,
1166 2556 1237 2578 cum
1265 2545 1341 2577 alias
1368 2544 1557 2577 venerabilis
1573 2545 1669 2578 frater
1689 2546 1782 2578 Asca-
1798 2532 1983 2579 ΒῘ-ιῗῖιῗξιῗὲἶῖἷᾎῖἳῖ

1081 2661 1089 2687 l
1110 2660 1146 2687 Ex
1164 2660 1269 2696 Regest.
1289 2661 1313 2687 in
1330 2661 1430 2688 Secret.
1454 2660 1585 2688 Brevium.
