2227 3241
43 254 92 281 An.
106 232 139 279 c.
157 251 228 280 1605

73 418 172 442 lnhibitio
186 417 225 439 Ca-

41 447 160 470 mei-atibus.
167 451 194 466 ne
202 451 224 464 a·

39 472 225 498 lias-exemptiones

42 500 160 523 admittant.

68 1379 224 1408 Exequutomm

44 1407 158 1436 deputatio.

79 1808 175 1831 clausula
189 1809 226 1832 de-

46 1837 158 1863 togaton-ia.

884 249 1004 274 rAuLt‘s
1025 250 1044 273 v
1064 246 1114 274 ιη’».
1665 239 1729 274 259

239 297 335 332 etiam
354 297 612 342 praedecessoris
625 297 738 337 nostri,
759 297 897 340 desuper
916 297 982 330 cdi·
998 298 1000 313 ¹
1015 297 1039 329 si
1067 297 1098 330 in
1124 298 1169 330 eis
1194 304 1344 331 caveatur
1368 307 1527 342 expresse,
1556 296 1644 341 quod
1668 297 1758 330 nullo

239 358 315 392 tam,
337 352 472 385 omuino
492 343 658 385 attendant
679 358 709 385 et
729 352 911 384 observent.
1016 362 1169 394 umquam
1192 357 1339 395 tempore
1361 352 1419 384 sub
1440 351 1592 385 similium
1627 352 1674 384 vel
1696 351 1760 384 dis-

284 405 367 448 515.
384 407 647 450 Appaltatoribus
661 416 747 445 vero,
763 405 981 444 thesaurariis,
1016 405 1169 437 similium
1193 406 1447 449 exemptionum,
1471 406 1709 439 immunitatum
1729 411 1760 438 et

240 459 529 500 vicethesaurariis‚
549 460 765 503 depositurus,
789 459 979 492 commissa·
1016 459 1191 500 gratiarum
1225 460 1505 497 revocationibus,
1534 459 1757 503 suspensioni-

239 513 306 553 riis,
330 513 533 546 exactoribus
553 519 585 546 et
605 513 741 546 caeteris
762 513 932 555 agentibus
953 518 980 544 et
1018 513 1087 552 bus,
1113 513 1371 551 limitationibus‚
1394 521 1444 546 aut
1465 514 1535 546 aliis
1555 514 1762 557 quibuscum·

239 566 395 600 ministris
409 567 512 601 dictae
525 567 878 606 Cainerae‚ne,coutra
893 575 984 609 prae·
1017 576 1080 609 que
1105 566 1275 598 contrariis
1301 566 1567 610 dispositionibus
1595 577 1653 610 pro
1680 574 1760 599 tem-

238 619 376 653 sentium
398 619 546 660 formam,
567 620 778 664 provisiones,
802 618 984 652 concessio·
1000 615 1002 644 l
1018 619 1247 667 pore-edendis
1260 619 1589 664 comprehendantur,
1606 621 1660 653 sed
1676 630 1760 653 sem·

238 683 307 713 nes,
335 673 633 717 assignationesque
654 673 834 717 praedictas
855 673 894 706 de
912 683 984 706 cae·
1018 683 1074 716 per
1099 673 1138 706 ab
1168 673 1231 706 illis
1263 682 1426 717 exceptae,
1455 680 1508 713 et,
1535 674 1662 717 quoties
1689 673 1762 705 illae

239 731 309 760 tero
329 727 464 767 solvant,
487 733 543 760 aut
562 727 792 771 exemptiones,
813 726 931 769 gratias
952 732 983 758 et
1017 732 1224 767 emanarent,
1254 727 1349 760 toties
1376 728 1406 760 in
1435 727 1603 771 pristinum
1626 732 1658 760 et
1684 727 1761 759 vali-

238 778 460 814 immunitates
489 781 563 824 (nisi
592 787 626 814 ut
655 791 752 824 supra
778 787 926 824 exceptas
952 780 1184 814 et'dissimum
1219 788 1350 821 statum,
1383 781 1478 814 etiam
1505 782 1563 814 sub
1591 780 1761 825 posteriori

238 844 292 867 eas
308 845 388 878 quas
406 834 436 867 in
455 835 567 868 eadem
590 835 723 869 Camera
743 834 926 880 Apostolica
946 845 982 867 ex
1000 865 1001 868 ,
1017 835 1090 868 data
1112 846 1168 878 per
1189 845 1253 873 eos,
1278 835 1395 878 quibus
1412 845 1583 868 concessae
1600 842 1685 875 sunt,
1705 835 1762 867 eli-

238 890 334 921 causa
351 890 488 921 onerosa
505 888 667 932 praedicta
687 899 854 922 concessas
876 888 982 927 fuisse,
999 900 1000 909 2
1016 889 1137 929 gendo,
1166 889 1346 927 restitutae⁷
1376 889 1535 932 repositae
1562 896 1592 922 et
1618 888 1762 932 plenarie

238 942 333 976 citato
352 943 495 977 eiusdem
514 943 666 977 Gamerae
686 943 908 976 commissario
929 953 982 983 ge·
1016 942 1249 985 reintegratae,
1274 948 1305 975 et
1325 943 1432 975 denuo
1451 953 1622 976 concessae
1643 943 1705 975 sint
1730 949 1762 975 et

236 997 349 1037 nerali,
376 997 590 1037 verificatum‚
619 1004 649 1031 et
674 1008 758 1042 quae
783 1008 842 1042 pro
866 997 982 1030 talibus
1016 1007 1084 1030 esse
1103 1004 1305 1037 censeantur;
1326 1007 1452 1029 necnon
1472 1007 1530 1040 pro
1549 996 1679 1029 illorum
1698 996 1762 1029 suf-

238 1049 271 1083 in
295 1051 408 1085 eadem
433 1051 565 1085 Camerti
586 1052 746 1085 admissae
774 1052 904 1094 suerint>
927 1051 982 1084 ad·
1017 1050 1136 1084 finienti
1170 1051 1381 1093 derogatione
1412 1051 1452 1083 de
1486 1050 1548 1083 illis
1581 1061 1762 1093 eorumque

238 1103 378 1145 mittant;
399 1110 440 1145 et,
461 1105 486 1139 si
511 1116 604 1139 secus
628 1106 783 1139 solverint
805 1105 852 1138 vel
877 1105 980 1138 admi-
1017 1105 1089 1138 totis
1121 1105 1287 1138 tenoribus
1320 1104 1490 1148 specialis,
1524 1103 1676 1148 specifica
1702 1115 1759 1137 ex-

237 1158 528 1192 serintsolutiones
541 1159 729 1192 huiusmodi
751 1170 787 1192 ae
810 1159 983 1202 exemptio·
1017 1169 1143 1202 pressa,
1172 1169 1236 1191 non
1263 1164 1369 1191 autem
1396 1168 1455 1201 per
1479 1157 1638 1190 clausulas
1658 1167 1759 1200 gene-

236 1222 294 1245 nes
306 1212 390 1256 ipsas
404 1213 484 1246 nulli
502 1211 630 1247 eorum¹
646 1214 677 1246 in
693 1224 804 1246 eorum
821 1213 981 1256 computis
1017 1213 1099 1245 rales
1114 1212 1199 1245 idem
1220 1212 1444 1256 importantes‚
1462 1211 1584 1245 mentio
1598 1222 1654 1245 seu
1668 1222 1764 1255 quae-

237 1264 271 1298 in
295 1266 409 1299 eadem
428 1266 561 1300 Camera
585 1266 711 1300 admitti
737 1267 897 1306 volumus,
926 1267 980 1299 sed
999 1285 1000 1292 κ
1017 1266 1061 1298 vis
1091 1266 1153 1298 alia
1185 1266 1347 1309 expressio
1381 1265 1531 1298 habenda
1567 1271 1621 1298 aut
1654 1265 1763 1308 aliqua

238 1329 352 1352 eorum
378 1320 496 1353 damno
522 1330 666 1353 cessuras
685 1331 751 1353 esse
770 1320 980 1353 declaramus.
999 1328 1001 1345 1
1017 1320 1078 1352 alia
1110 1319 1267 1363 exquisita
1301 1319 1403 1351 forma
1437 1319 1477 1351 ad
1513 1319 1575 1352 boc
1606 1319 1763 1352 servanda

284 1374 301 1415 ξ
327 1372 380 1406 16.
418 1373 576 1412 Quocirca
609 1374 733 1407 dilectis
766 1373 840 1407 filiis
875 1384 981 1407 came-
1019 1374 1125 1417 foret),
1146 1379 1274 1406 tenores
1294 1372 1493 1412 huiusmodi,
1515 1383 1551 1405 ac
1570 1372 1595 1405 si
1611 1373 1649 1405 de
1663 1372 1762 1405 verbo

239 1426 337 1467 rario,
360 1427 625 1467 vieecamerario,
652 1427 852 1460 thesaurario
874 1433 904 1460 et
922 1428 983 1460 cle·
1000 1447 1001 1454 ι
1017 1427 1057 1460 ad
1071 1427 1216 1466 verbum,
1234 1426 1314 1458 nihil
1329 1426 1458 1469 penitus
1469 1425 1601 1467 omisso,
1615 1431 1646 1459 et
1659 1426 1763 1458 forma

238 1479 314 1513 ricis
340 1480 600 1524 praesidentibus
624 1480 778 1514 Gamerae
804 1481 979 1524 praefatae,
1019 1481 1048 1513 in
1075 1480 1137 1514 illis
1164 1480 1279 1513 tradita
1301 1479 1480 1519 observata,
1509 1479 1618 1512 inserti
1645 1480 1760 1520 forent,

239 1534 440 1578 caeterisque
463 1534 503 1568 ad
529 1545 610 1579 quos
635 1540 776 1578 spectat,
802 1535 979 1568 committi-
1016 1534 1241 1578 praesentibus
1259 1543 1319 1577 pro
1335 1533 1430 1577 plene
1446 1538 1477 1566 et
1494 1532 1693 1566 sufficienter
1710 1543 1763 1566 ex-

239 1598 311 1622 mus
328 1595 358 1622 et
376 1589 579 1630 mandamus,
600 1596 758 1634 quatenus
780 1595 981 1633 praesentem
1017 1587 1134 1632 pressis
1158 1587 1326 1627 habentes,
1355 1586 1538 1630 specialiter
1559 1592 1589 1619 et
1615 1597 1763 1631 expresse

239 1647 381 1675 nostram
397 1643 671 1682 constitutionem,
688 1648 719 1676 et
737 1642 766 1675 in
782 1653 818 1675 ca
832 1648 984 1676 contenta
1018 1653 1053 1675 ac
1066 1641 1219 1674 latissime
1233 1641 1427 1684 derogamus
1441 1651 1477 1674 ae
1490 1640 1681 1683 derogatum
1695 1650 1764 1673 esse

239 1706 474 1740 quaecumque,
492 1696 628 1730 firmiter
642 1702 673 1730 et
686 1696 914 1729 inviolabiliter
928 1696 983 1729 ob·
1001 1701 1002 1722 3
1018 1696 1177 1729 volumus.

239 1755 365 1782 servent
384 1756 415 1783 et
435 1750 553 1783 faciant
573 1750 612 1783 ab
633 1750 703 1783 aliis
724 1750 899 1783 observari.
1001 1751 1003 1797 3
1064 1750 1079 1791 ξ
1099 1748 1150 1781 18.
1175 1748 1354 1788 Caeterum,
1378 1753 1413 1780 ut
1431 1753 1617 1791 praesentes
1638 1747 1764 1781 litterae

284 1803 301 1845 g
323 1802 374 1836 17.
403 1803 472 1837 Non
493 1804 696 1837 obstantibus
720 1803 918 1847 praemissis,
939 1809 980 1843 et,
1002 1802 1058 1842 jad
1076 1802 1224 1835 omnium
1250 1801 1400 1834 notitiam
1426 1801 1550 1835 facilius
1574 1801 1761 1842 deveniant,

241 1862 400 1901 quatenus
414 1868 496 1902 opus
509 1857 560 1899 sit,
577 1860 688 1891 nostra
708 1858 747 1891 de
762 1868 826 1891 non
842 1858 984 1891 tollendo
1018 1856 1218 1892 volumuset
1231 1855 1329 1888 simili
1344 1855 1535 1888 auctoritate
1550 1855 1764 1899 decernimus,

240 1911 310 1945 iure
335 1911 499 1956 quaesito,
528 1922 564 1945 ac
589 1911 754 1956 quibusvis
779 1911 984 1945 constitutio-
1002 1913 1003 1962 3
1018 1914 1054 1942 ut
1074 1909 1113 1942 ad
1135 1908 1240 1942 valvas
1264 1908 1417 1942 basilicae
1445 1908 1604 1952 Principis
1628 1910 1766 1952 Aposto-

239 1964 334 2011 nibus
359 1971 390 1999 et
409 1965 669 1999 ordinationibus
689 1966 885 2010 apostolicis,
910 1976 984 1999 nec·
1002 1963 1004 2015 3
1020 1965 1138 2004 lorum,
1160 1970 1190 1996 et
1207 1963 1424 1997 Cancellariae
1442 1963 1658 2007 Apostolicae,
1679 1974 1716 1997 ac
1734 1963 1767 1996 in

225 2027 306 2055 ,non
325 2019 461 2060 statutis,
482 2019 669 2063 privilegiis,
691 2019 836 2060 indultis,
857 2030 985 2053 conces·
1002 2020 1004 2055 l
1019 2018 1087 2051 acie
1107 2017 1217 2061 Campi
1232 2017 1346 2050 Florae
1363 2027 1422 2060 per
1441 2017 1583 2060 aliquem
1602 2027 1638 2049 ex
1656 2026 1767 2050 curso-

239 2071 398 2114 sionibus,
426 2073 697 2117 exemptionibus,
727 2073 986 2107 immunitatilms
1002 2061 1004 2124 3
1020 2071 1109 2104 ribus
1130 2069 1247 2103 nostris
1265 2069 1437 2113 publicari,
1461 2076 1493 2102 et
1513 2069 1642 2102 illarum
1661 2079 1768 2102 exem-

241 2130 273 2159 et
296 2125 413 2159 litteris
433 2126 630 2171 apostolicis,
645 2127 703 2160 sub
722 2127 985 2171 quibuscumque
1002 2129 1004 2171 ᾗ
1020 2125 1073 2168 pla
1094 2124 1215 2157 ibidem
1241 2124 1337 2156 affixa
1358 2123 1510 2167 relinqui,
1535 2133 1617 2166 quae
1635 2122 1681 2155 sic
1705 2133 1766 2167 pu-

239 2179 412 2212 verhorum
438 2179 549 2213 formis
574 2185 604 2213 et
639 2180 805 2213 tenoribus
821 2208 827 2220 ‚
857 2186 888 2214 et
912 2191 984 2213 cum
1003 2176 1156 2223 {blicatae
1175 2184 1205 2212 et
1219 2178 1331 2211 affixae
1345 2188 1458 2211 omnes
1472 2178 1668 2221 etsingulos‚
1686 2187 1766 2221 quos

241 2231 405 2275 quibusvis
417 2232 512 2266 etiam
526 2233 805 2276 derogatoriarum
819 2234 988 2277 derogato·
1020 2238 1232 2273 concernunt,
1255 2232 1390 2276 perinde
1415 2232 1556 2266 afficiant
1581 2237 1609 2265 ct
1627 2236 1762 2272 aretem,

241 2283 296 2318 riis
311 2311 319 2326 ‚
348 2284 483 2329 aliisque
515 2285 752 2319 efficacioribus
785 2292 816 2319 et
849 2286 986 2319 insolitis
1003 2286 1056 2325 lae
1076 2287 1102 2320 si
1128 2286 1258 2319 illorum
1280 2286 1456 2330 unicuique
1477 2285 1691 2330 personaliter
1707 2295 1765 2318 no-

242 2338 403 2380 clausulis,
427 2350 463 2373 ac
480 2339 681 2373 irritantibus
699 2345 729 2373 et
749 2340 818 2373 aliis
837 2340 985 2380 decretis,
1003 2329 1005 2377 l
1020 2339 1160 2373 tificatae
1180 2345 1211 2372 et
1231 2339 1398 2372 intimatae
1419 2339 1564 2379 fuissent;

242 2392 338 2426 etiam
365 2394 397 2427 in
422 2394 485 2427 vim
509 2400 704 2435 contractus,
733 2401 759 2428 et
783 2395 897 2438 quovis
923 2379 1004 2446 ali03
1065 2395 1080 2436 Ξ
1102 2393 1154 2427 19.
1186 2393 1290 2437 thue
1317 2393 1507 2426 earumdem
1540 2391 1762 2436 praesentium

242 2446 360 2480 robore
381 2453 411 2481 et
433 2449 556 2481 cautela
582 2448 734 2488 firmatis,
760 2448 868 2489 editis,
893 2458 983 2481 ema-
1003 2447 1004 2476 l
1021 2446 1347 2490 t1·ansumptis,etiam
1361 2445 1538 2490 impressis,
1557 2445 1763 2478 manualicu-

242 2500 325 2533 natis
350 2506 381 2534 et
404 2511 462 2535 seu
486 2502 589 2542 factis,
613 2512 650 2535 ac
672 2502 793 2546 pluries
815 2507 845 2534 et
866 2501 986 2534 iteratis
1003 2484 1070 2543 lius
1090 2500 1207 2534 notarii
1233 2499 1353 2544 publici
1375 2499 1584 2542 subscriptis,
1609 2505 1639 2531 et
1659 2498 1764 2541 sigillo

242 2552 364 2587 vicibus
389 2554 600 2596 confirmatis,
629 2554 817 2599 approbatis
843 2560 873 2587 ct
899 2546 1155 2599 inno-{alicuius
1180 2564 1338 2598 personae
1367 2553 1399 2586 in
1425 2552 1580 2595 dignitate
1607 2552 1761 2585 ecclesia-

242 2606 331 2639 vatis.
356 2607 476 2646 Quibus
497 2608 648 2642 omnibus
669 2614 699 2642 et
719 2608 854 2651 singulis
874 2608 985 2651 (etiam
1019 2608 1097 2641 stica
1118 2608 1311 2641 constitutae
1332 2606 1474 2647 munitis,
1496 2606 1609 2640 eadem
1631 2605 1712 2639 sides
1732 2605 1764 2638 in

255 2667 259 2672 '
282 2670 291 2696 t
313 2668 405 2698 Subde
421 2671 622 2705 indemnitati,
642 2670 679 2698 vet
697 2670 761 2707 quid
778 2670 865 2698 simite
880 2673 917 2705 (a.
936 2677 981 2697 τ..
1021 2662 1140 2695 iudicio
1159 2668 1188 2695 et
1201 2666 1289 2696 extra
1303 2661 1468 2704 habeatur,
1483 2660 1656 2706 quaeipsis
1672 2670 1764 2705 prae·

1775 250 1827 276 An.
1845 249 1873 276 C.
1891 249 1960 277 ¹605

1779 1769 1882 1817 caggpsio
1896 1769 1965 1796 publi-

1815 2410 1964 2436 Transuinptu·

1779 2442 1825 2458 rum
1839 2437 1898 2458 sides.
