2227 3241
252 232 304 260 An.
320 233 348 260 c.
374 232 441 261 ¹605
486 223 549 257 ⁹240

283 614 319 634 Cui
336 614 397 633 datur
413 613 439 633 m·

253 641 319 661 cultas
326 640 440 669 proceden-

255 668 275 687 dl
291 672 412 692 summarie,

281 1425 406 1451 Citandique
423 1425 442 1445 in

257 1452 316 1472 curia
340 1454 361 1472 et
384 1453 442 1472 extra

257 1485 311 1503 eam,
332 1484 358 1498 ac
377 1478 443 1498 omui-

257 1505 295 1525 bns
338 1504 443 1525 iudicibus

257 1532 374 1553 inhibendi.

276 2168 446 2191 contradictores

263 2196 383 2218 coercendi.

281 2433 378 2464 Dubtavtn
389 2440 448 2461 prac-

264 2467 333 2481 missis
348 2464 449 2488 interpro-

265 2488 328 2510 tandi,
345 2491 380 2508 rlc.

452 282 600 326 capitula,
613 291 648 314 ac
661 286 723 314 tam
736 281 876 314 virorum
899 291 994 325 quam
1017 281 1188 316 mulierum

453 334 646 368 monasteria
661 362 668 375 ,
689 334 857 379 hospitalia
883 341 913 368 et
931 335 985 379 pia
1010 335 1098 377 loca,
1126 341 1189 369 tam

453 388 648 422 coniunctim
668 398 764 432 quam
783 388 921 429 divisim,
944 399 979 422 ae
1001 395 1063 422 tam
1091 389 1190 424 active

453 451 549 485 quam
571 441 705 486 passive,
723 441 807 474 ultro
820 441 965 486 citroque
979 442 1018 475 ad
1038 443 1187 483 invicem,

453 494 500 526 vel
522 494 598 527 alias
615 494 865 538 quomodolibet
878 494 939 527 iam
962 495 1066 529 forsan
1089 502 1190 529 mota-

456 557 526 580 rum
547 552 578 580 et
595 547 746 592 deinceps
769 548 1021 587 movendarum3

499 602 516 643 ξ
546 599 597 633 27.
627 600 705 634 Cum
731 601 880 636 facultate
906 602 974 635 illas
998 614 1057 646 per
1088 613 1120 636 se
1144 602 1190 636 vel

456 654 523 688 eius
543 655 776 697 vicesgerentes
803 665 859 689 seu
888 656 1114 697 locatenentes,
1139 662 1189 689 aut

455 708 554 742 alium
579 719 635 741 seu
661 708 751 748 alios,
776 719 872 753 quem
894 710 941 743 vel
962 720 1043 753 quos
1068 710 1106 743 ad
1132 710 1191 743 boe

455 761 582 795 duxerit
592 762 803 806 deputandos,
817 762 912 795 etiam
925 764 1110 805 summarie,
1123 765 1194 797 sim-

454 815 580 859 pliciter
600 821 630 849 et
655 815 694 848 de
711 816 820 860 plano,
849 821 878 849 et
903 816 971 850 sine
1000 818 1133 861 strepitu
1163 823 1194 851 et

455 867 557 911 figura
575 868 695 910 iudicii,
716 869 770 902 sed
795 870 862 902 sola
887 869 959 903 facti
988 870 1120 903 veritate
1145 870 1193 903 iu-

454 925 572 967 specta,
582 933 618 957 ae
626 923 721 957 etiam
733 934 828 957 manu
840 923 938 967 regia,
954 935 1025 957 cum
1044 924 1194 958 omnibus

454 982 484 1010 et
503 976 636 1020 singulis
657 977 721 1011 suis
741 977 967 1019 incidentibus,
986 978 1195 1022 dependenti-

453 1031 525 1071 bus,
550 1031 804 1075 emergentibus,
829 1032 958 1065 annexis
978 1037 1005 1065 et
1027 1032 1195 1073 connexis,

454 1089 586 1128 totoque
596 1084 727 1127 negotio
742 1085 924 1128 principali,
937 1085 1030 1118 etiam
1043 1085 1195 1129 privative

454 1138 561 1182 quoad
579 1148 691 1171 omnes
713 1143 743 1171 et
759 1138 902 1181 singulos
917 1138 995 1171 alios
1010 1138 1132 1172 iudices
1146 1148 1196 1172 01·-

454 1191 595 1225 dinarios
624 1198 654 1225 et
682 1191 861 1234 delegatos,
886 1202 1066 1237 eorumque
1082 1192 1196 1227 curias

454 1250 484 1278 et
503 1245 677 1279 tribunalia
698 1245 913 1278 ecclesiastiea
934 1245 980 1278 vel
1002 1245 1190 1286 saecularia,

454 1298 617 1339 audiendi,
642 1298 871 1341 cognoscendi,
899 1298 1086 1339 deridendi,
1121 1299 1198 1332 fine-

454 1362 516 1396 que
537 1351 645 1385 debito
666 1352 878 1387 terminandi:

502 1405 517 1449 ἓ
533 1404 586 1438 28.
599 1405 728 1439 Necnon
741 1416 962 1449 quoscumque
977 1406 1129 1439 interesse
1143 1406 1199 1439 ba-

459 1458 579 1499 bentes,
598 1464 660 1491 tam
676 1458 706 1490 in
722 1459 866 1492 Romana
886 1458 982 1492 Curia
1003 1469 1098 1503 quam
1112 1466 1199 1493 extra

459 1522 542 1552 eam,
567 1512 662 1545 etiam
683 1523 741 1556 per
758 1512 897 1545 edictum
917 1512 1094 1556 publicum,
1119 1524 1196 1546 con-

459 1565 532 1598 stito
552 1565 611 1598 sibi
633 1565 807 1599 summarie
828 1566 867 1599 de
885 1576 948 1599 non
971 1572 1038 1600 tuto
1058 1577 1197 1609 accessu,

459 1618 590 1658 citandi,
614 1629 649 1652 ac
671 1619 833 1663 quibusvis
855 1620 950 1653 etiam
970 1620 1111 1654 eiusdem
1133 1621 1195 1654 Cu-

459 1672 524 1706 riae
545 1672 705 1706 iudicibus
725 1679 755 1706 et
771 1673 928 1717 personis,
944 1673 1061 1717 quibus
1073 1679 1103 1707 et
1120 1684 1199 1717 quo-

459 1725 517 1759 ties
537 1736 619 1770 opus
640 1726 746 1767 fuerit,
770 1727 827 1760 sub
854 1727 1031 1767 sententiis,
1056 1727 1199 1760 censuris

459 1784 490 1812 et
509 1779 621 1824 poenis
642 1779 876 1821 ecclesiasticis,
891 1790 927 1813 ac
942 1780 1036 1813 etiam
1050 1781 1199 1825 pecunia-

459 1832 525 1874 riis,
546 1834 585 1867 de
603 1834 720 1878 quibus
731 1833 898 1874 videbitur,
916 1834 1094 1876 inhibendi,
1110 1841 1149 1876 et,
1167 1835 1198 1868 in

459 1892 606 1920 eventum
622 1898 684 1921 non
699 1887 879 1932 paritionis,
897 1889 935 1922 ad
947 1889 1196 1922 declarationem

461 1941 605 1974 incursus
623 1951 829 1974 censurarum
852 1946 879 1974 et
896 1952 1074 1985 poenarum
1089 1942 1198 1976 buius-

460 1993 546 2027 modi
567 1994 782 2038 procedendi‚
807 2005 843 2027 ae
869 1994 1042 2028 sententias
1061 1996 1199 2040 desuper

461 2048 608 2081 ferendas
618 2048 744 2082 debitae
755 2049 960 2092 exequutioni
973 2049 1198 2092 demandandi,

460 2111 517 2134 seu
537 2101 726 2134 demandari
749 2101 896 2142 faciendi,

506 2156 522 2197 5
543 2154 595 2188 29.
619 2154 879 2188 Contradictores
905 2156 1062 2199 quoslibet
1090 2163 1119 2190 et
1144 2167 1196 2190 re-

462 2208 561 2241 belles
579 2218 636 2252 per
654 2208 775 2241 similes
792 2219 943 2242 censuras
969 2215 999 2242 et
1026 2219 1146 2253 poenas
1166 2220 1200 2243 a-

464 2261 570 2305 liaque
595 2267 775 2305 opportuna
807 2262 883 2295 iuris
908 2267 938 2295 et
964 2262 1034 2295 sacti
1060 2262 1202 2295 remedia

464 2316 690 2359 compellendi,
715 2327 750 2349 ae
774 2316 867 2349 etiam
894 2316 1047 2349 auxilium
1076 2317 1200 2350 brachii

463 2370 635 2403 saecularis
656 2371 695 2404 ad
717 2370 776 2404 boc
798 2370 977 2409 invocandi3

509 2425 525 2466 g
546 2423 598 2457 30.
612 2424 742 2457 Necnon
757 2434 980 2468 quaecumque
994 2424 1091 2458 dubia
1102 2429 1132 2458 et
1145 2424 1204 2457 dis-

465 2477 630 2518 ficultates,
641 2477 665 2510 si
676 2488 757 2521 quae
772 2477 1021 2521 praemissorum
1037 2477 1203 2511 occasione

465 2531 707 2575 quomodolibet
730 2531 807 2564 oriri
822 2531 1002 2574 contigerit,
1020 2531 1203 2564 declarandi

466 2591 497 2618 et
515 2584 758 2629 interpretandi,
783 2585 957 2628 omniaque
979 2591 1009 2617 et
1026 2584 1150 2627 singula
1173 2584 1204 2617 in

466 2638 585 2671 eisdem
607 2638 792 2682 praemissis
813 2643 843 2671 et
863 2637 948 2671 circa
965 2648 1001 2672 ea
1023 2638 1204 2682 quomodo-

1035 232 1217 259 nummmu
1233 232 1386 259 Romnum
1974 238 2024 265 An.
2045 238 2076 265 e.
2094 230 2179 316 uso}j

1223 282 1300 316 libet
1316 282 1494 316 neccssaria
1508 289 1727 327 etopprotuna
1742 284 1891 328 faciendi,
1907 296 1961 329 ge·
2152 303 2180 339 ,ἡ

1225 335 1326 376 rendi,
1342 335 1528 377 mandandi,
1544 336 1711 370 exercendi
1725 342 1756 370 et
1773 339 1963 382 exequendi,
2155 340 2162 355 ·’·
2179 342 2180 363 ³

1225 389 1319 422 etiam
1342 389 1429 422 omni
1460 394 1489 422 et
1516 400 1721 434 quacumque
1747 391 1963 435 appellatione

1226 444 1357 483 remota,
1368 442 1557 476 auctoritate
1566 443 1741 487 praedicta,
1755 449 1864 478 tenore
1874 456 1964 488 prae-

1225 495 1375 536 sentium,
1392 502 1549 540 perpetuo
1570 497 1795 531 constituimus
1815 503 1843 531 et
1862 498 1962 543 depu-

1227 554 1342 582 tamus:
1365 560 1401 582 ac
1420 555 1578 594 perpetuo
1593 550 1800 584 constitutum
1816 557 1847 584 et
1867 551 1963 597 depu-

1228 608 1326 636 tatum
1350 613 1416 636 esse
1435 609 1462 636 et
1486 604 1564 643 sore,

1272 657 1288 698 ξ
1309 655 1361 689 31.
1386 656 1570 690 Praesentes
1590 668 1720 702 quoque
1736 665 1860 693 nostras
1880 660 1964 695 litte-

1229 720 1278 743 ras
1314 710 1352 743 de
1385 710 1602 754 subreptionis
1628 722 1682 745 seu
1709 712 1862 746 nullitatis
1888 713 1965 747 vitio

1229 763 1344 803 notari,
1368 763 1561 807 impugnari,
1586 766 1763 805 retractari,
1787 766 1959 808 annullari,

1229 816 1275 849 vel
1298 816 1481 858 invalidari,
1505 828 1562 851 seu
1585 817 1615 850 in
1638 817 1685 851 ius
1714 818 1762 852 vel
1783 824 1964 853 controver-

1228 869 1307 902 siam
1320 870 1438 911 vocari,
1454 870 1500 904 vel
1515 871 1555 904 ad
1567 871 1649 904 viam
1665 877 1696 905 et
1714 872 1868 907 terminos
1888 873 1966 908 iuris

1229 923 1355 965 reduci,
1380 929 1434 958 aut
1464 925 1615 959 adversus
1640 925 1709 959 illas
1740 927 1967 971 quodcumque

1231 977 1316 1019 iuris,
1338 978 1469 1019 gratiae,
1490 979 1537 1012 vel
1560 979 1631 1013 sacti
1659 979 1837 1013 remedium
1859 979 1963 1024 impe-

1231 1031 1304 1063 trari
1340 1036 1395 1064 aut
1432 1032 1563 1065 concedi
1601 1032 1784 1066 nullatenus
1812 1044 1967 1078 umquam

1231 1094 1332 1128 posse,
1354 1086 1409 1118 sed
1429 1095 1556 1129 semper
1576 1091 1605 1118 et
1626 1091 1782 1130 perpetuo
1804 1087 1890 1121 dicto
1907 1088 1969 1122 col-

1230 1138 1324 1179 legio,
1340 1137 1489 1182 illiusque
1506 1139 1782 1182 praeceptoribus,
1795 1140 1965 1184 magistris,

1231 1190 1445 1232 scholaribus,
1475 1191 1629 1226 ministris
1658 1198 1688 1226 et
1720 1193 1790 1227 aliis
1824 1194 1969 1241 personis

1232 1243 1404 1287 praedictis
1423 1250 1581 1288 perpetuo
1603 1244 1770 1288 suffragari
1783 1273 1791 1287 ,
2174 1275 2179 1295 ,Ι

1277 1299 1293 1339 ξ
1314 1296 1365 1331 532.
1383 1297 1498 1342 Sicque
1524 1309 1582 1342 per
1605 1309 1826 1343 quoscumque
1848 1300 1970 1334 iudices
2019 1312 2135 1344 clausura
2157 1328 2179 1337 -,

1233 1355 1263 1383 et
1290 1351 1526 1384 commissarios
1555 1351 1665 1395 quavis
1689 1352 1877 1386 auctoritate
1897 1339 2094 1387 sun-mmm

1233 1409 1352 1446 gcnteS,
1377 1404 1472 1437 etiam
1494 1415 1662 1438 causarum
1684 1405 1759 1438 dicti
1780 1406 1890 1440 Palatii
1908 1417 1968 1440 au·

1234 1457 1375 1497 ditores,
1407 1467 1443 1491 ac
1472 1458 1615 1491 eiusdem
1648 1465 1776 1492 sanctae
1806 1459 1969 1495 Romanae

1233 1511 1391 1544 Ecclesiae
1416 1510 1595 1545 cardinales
1620 1511 1753 1546 iudicari
1782 1519 1812 1546 et
1842 1513 1970 1548 definiri

1234 1565 1362 1605 debere,
1392 1565 1583 1609 irritumque
1609 1573 1639 1599 et
1663 1566 1757 1600 inane
1781 1568 1971 1602 auctoritate

1234 1623 1263 1650 et
1285 1623 1395 1651 tenore
1413 1618 1585 1662 praedictis
1603 1619 1816 1661 decernimus,
1833 1619 1858 1653 si
1879 1631 1971 1655 secus

1233 1681 1329 1716 super
1349 1671 1398 1704 bis
1412 1682 1427 1704 a
1445 1682 1621 1716 quoquam,
1635 1672 1745 1717 quavis
1766 1673 1967 1715 auctoritate,

1233 1725 1370 1759 scienter
1391 1726 1437 1758 vel
1459 1725 1654 1769 ignoranter,
1678 1727 1849 1770 contigerit
1868 1732 1970 1762 atten-

1234 1779 1304 1812 tari.

1278 1832 1363 1876 533.
1389 1833 1456 1866 Non
1483 1834 1684 1868 obstantibus
1709 1835 1906 1878 praemissis,
1934 1846 1971 1870 ao
1999 1843 2183 1892 ϋῑῆυειιῐιοᾱΰῳ

1233 1886 1516 1920 constitutionibus
1533 1892 1560 1920 et
1572 1887 1830 1922 ordinationibus
1844 1893 1972 1933 aposto·
1985 1872 2096 1924 iffiffi'f‘
2122 1875 2144 1892 ⁶
2170 1891 2174 1894 ”

1234 1940 1313 1982 licis,
1334 1950 1460 1974 necnon
1479 1941 1683 1974 facultatibus
1703 1940 1856 1976 Gamerae
1877 1952 1971 1986 prae-

1234 1993 1337 2028 dictae
1366 1994 1507 2037 generali
1534 1994 1674 2028 auditori
1707 1995 1887 2036 concessis,
1915 2005 1972 2029 seu

1234 2048 1369 2089 statutis,
1391 2048 1486 2081 etiam
1515 2049 1705 2090 iuramento,
1725 2048 1972 2083 confirmatione

1235 2101 1420 2145 apostolica,
1438 2101 1485 2134 vel
1499 2101 1611 2145 quavis
1628 2101 1779 2135 firmitate
1801 2102 1861 2136 alia
1882 2102 1975 2136 roho-

1235 2155 1322 2196 ratis,
1339 2166 1375 2188 ac-
1396 2154 1881 2199 consuetudinibus,privilegiis
1895 2166 1974 2199 quo-

1236 2220 1308 2253 que,
1326 2208 1456 2242 indultis
1468 2214 1498 2241 et
1508 2207 1622 2241 litteris
1636 2207 1830 2252 apostolicis,
1843 2208 1974 2252 quibus-

1236 2263 1282 2296 vis
1309 2262 1530 2307 superioribus
1560 2268 1589 2295 et
1619 2261 1786 2306 personis,
1810 2262 1869 2295 sub
1896 2262 1971 2306 qui-

1236 2316 1437 2359 buscumque
1459 2315 1623 2348 tenoribus
1640 2325 1676 2348 ae
1696 2314 1819 2355 formis,
1840 2325 1876 2348 ae
1901 2325 1973 2349 cum

1237 2369 1400 2414 quibusvis
1421 2368 1515 2403 etiam
1537 2368 1814 2411 derogatoriarum
1838 2369 1974 2411 deroga-

1239 2422 1346 2463 toriis,
1370 2422 1503 2466 aliisque
1526 2421 1758 2455 efficacioribus
1786 2427 1817 2454 et
1842 2421 1975 2455 insolitis

1239 2475 1399 2517 clausulis,
1421 2475 1685 2518 irritantibusque
1699 2480 1728 2508 et
1742 2474 1811 2508 aliis
1825 2474 1972 2514 decretis,

1240 2529 1270 2562 in
1289 2538 1406 2572 genere
1420 2529 1467 2561 vel
1490 2527 1520 2560 in
1534 2527 1651 2571 specie,
1675 2527 1770 2560 etiam
1794 2532 1880 2560 motu
1902 2537 1976 2571 pro-

1239 2582 1321 2627 prio,
1346 2587 1376 2616 et
1396 2592 1433 2615 ex
1450 2583 1537 2615 certa
1554 2580 1697 2622 scientia,
1721 2591 1756 2614 ac
1775 2581 1814 2614 de
1827 2580 1978 2624 apostoli-

1240 2647 1295 2670 cae
1307 2635 1473 2681 potestatis
1486 2634 1697 2679 plenitudine,
1714 2634 1809 2667 etiam
1823 2633 1977 2667 consisto-

1981 702 1985 705 ·
2006 675 2155 706 Clausulaeb„
2168 671 2183 707 ’ἣ

1981 708 2012 723 ius
2022 707 2144 723 concessum)
2182 713 2183 717 =

1980 728 2160 755 praeservativum
2182 725 2183 735 ¹

2177 889 2179 896 -
2162 850 2184 871 3
2141 466 2184 835 jelm‘uff‘m
2181 520 2182 525 „
2151 421 2171 469 ‚tm
2150 367 2175 411 va*
