2227 3241
46 276 99 307 A'n.
112 277 140 304 c,
163 276 230 303 1605

71 549 191 574 exordium.

74 1191 122 1215 rius
133 1192 148 1214 v
163 1192 230 1214 edidit
244 1186 381 1214 tuemus.

48 1218 123 1242 bullam
142 1219 169 1241 de
187 1225 229 1242 non

49 1245 186 1268 mandandis.

92 1621 229 1644 Successores

52 1649 201 1670 confirmarunt.

66 2047 194 2070 Innocentius
203 2049 231 2070 lx

55 2079 99 2097 eam
108 2075 229 2098 declaravit.

888 271 1014 296 PXULUS
1033 272 1052 295 V
1071 273 1122 295 PP.

287 322 519 356 declarationis
550 322 736 356 Innocencii
760 321 809 354 IX
841 320 902 352 hac
931 325 1001 351 stc-¹

281 387 342 422 per
365 387 399 410 re
422 374 559 410 editae¹.
764 414 771 418 .

459 441 570 467 Paulus
591 439 765 474 Episcopus,

438 492 546 512 servus
565 491 717 512 servorum
735 483 794 512 Dei.

366 531 402 557 ad
421 533 598 564 perpetuam
617 529 661 556 rei
681 528 863 556 memoriam.

286 585 372 619 Inter
395 591 536 628 caeterag
560 594 642 628 quae
662 584 843 617 Romanum
868 582 980 616 Ponti-

242 637 335 673 ficem
357 648 417 682 pro
438 637 535 671 officii
560 637 608 670 sui
630 646 765 669 munere
783 636 875 669 decet
895 635 982 668 omni

241 693 348 727 studio
362 692 543 737 providere,
559 691 637 724 illud
652 691 757 724 locum
772 689 982 734 praecipuum

242 757 409 781 censemus
433 745 591 785 obtinere,
619 745 707 789 quod
732 744 772 777 ad
797 743 984 787 temporalis

241 808 370 834 sanctae
390 800 554 834 Romanae
574 798 733 832 Ecclesiae
759 798 890 831 ditionis
908 807 984 830 con-

241 854 454 889 servationem
486 853 633 897 pertinet.
667 854 770 896 Atque
796 851 869 885 ideo
902 862 981 890 nos,

242 919 324 954 quae
349 919 366 942 a
391 907 544 942 Romanis
564 906 775 940 Pontificibus
800 906 986 950 praedeces-

241 963 369 997 soribus
393 962 511 996 nostris
531 962 614 995 lianc
634 961 674 994 ob
696 971 825 994 causam
851 960 984 1004 provide

242 1018 365 1051 sancita
390 1017 538 1057 suerunt,
567 1016 695 1049 ea'non
719 1015 823 1048 solum
850 1014 909 1058 ipsi
936 1014 984 1046 in-

242 1071 360 1105 violate
385 1070 571 1104 curabimus
598 1069 863 1109 custodire‚.sed
888 1068 983 1101 etiam

243 1126 283 1159 ab
308 1125 378 1159 aliis
402 1130 559 1170 perpetuo
588 1122 750 1157 observari
781 1122 899 1156 debere
925 1128 986 1155 sta-

289 1234 353 1277 }l.
377 1234 503 1268 Dudum
529 1233 687 1277 siquidem
715 1243 732 1265 a
758 1232 858 1265 felicis
878 1242 987 1265 recor-

243 1288 382 1322 dationis
407 1288 463 1321 Pio
495 1288 580 1332 Papa
604 1287 628 1319 V
653 1287 902 1331 praedecessore
927 1296 985 1319 no-

242 1348 308 1376 stro
326 1341 431 1375 editae
449 1341 577 1375 fuerunt
596 1341 720 1374 litterae
738 1340 833 1373 huius
852 1340 982 1374 tenoris:

241 1395 315 1429 Pius
341 1395 512 1440 episcopus
535 1405 644 1428 servus
669 1405 834 1428 servorum
856 1394 922 1435 Dei,
947 1395 985 1427 ad

242 1455 432 1494 perpetuam
453 1450 498 1483 rei
521 1449 722 1482 memoriam.
747 1449 909 1482 Admonet
929 1459 986 1482 nos

242 1503 381 1547 suscepti
415 1513 490 1536 cura
522 1502 688 1545 regiminis
713 1502 903 1535 universalis
922 1503 983 1535 Ec<

244 1557 377 1598 clesiae,
406 1563 465 1590 etc.
496 1557 551 1601 (ut
575 1557 611 1589 in
638 1556 702 1589 loco
727 1557 824 1589 citato
849 1557 885 1589 in
911 1562 986 1590 vota

243 1610 287 1644 acl
310 1610 501 1656 rubricam).

289 1667 306 1708 ξ
331 1664 361 1698 2.
390 1665 476 1704 Quae
499 1665 629 1709 quidem
657 1664 863 1703 constitutio,
889 1664 985 1698 veluti

245 1719 377 1763 optima,
399 1724 429 1752 et
449 1719 487 1751 ad
508 1719 760 1752 conservandam
782 1718 811 1752 S.
829 1719 864 1752 P..
889 1719 921 1752 E.
946 1718 988 1750 in-

244 1772 466 1807 risdictionem
492 1778 523 1806 et
548 1772 735 1815 dignitatem
755 1774 849 1817 plane
869 1774 987 1806 saluta-

244 1826 298 1868 ris,
327 1827 526 1870 approbata,
556 1826 747 1860 confirmata
778 1833 808 1860 et
838 1827 986 1860 innovata

244 1880 303 1914 fuit
324 1880 363 1913 ab
384 1880 421 1913 iis
441 1880 495 1924 qui
529 1880 633 1913 eidem
652 1880 708 1913 Pio
726 1881 749 1913 V
765 1887 986 1914 successerunt

244 1935 437 1968 recolendae
474 1935 650 1968 memoriae
682 1936 987 1979 praedecessoribus

244 1988 362 2022 nostris
385 1988 542 2031 Gregorio
567 1988 656 2029 XIII,
684 1989 770 2023 Sixto
795 1989 836 2027 V,
860 1989 987 2033 Grego-

245 2041 294 2076 rio
318 2041 397 2083 XIV,
425 2042 611 2076 Innocentio
637 2042 694 2083 IX,

291 2097 306 2138 ξ
333 2094 362 2129 3.
391 2096 448 2135 Qui
483 2096 577 2129 etiam
610 2097 649 2129 de
686 2097 820 2130 fratrum
855 2108 986 2131 suornm

247 2155 323 2183 tunc
346 2157 475 2183 sanctae
505 2151 667 2184 Romanae
699 2151 858 2184 Ecclesiae
884 2152 987 2184 cardi-

247 2203 367 2237 nalium
389 2204 523 2237 consilio
545 2210 575 2237 et
595 2215 724 2237 assensu
748 2205 916 2238 declararit
939 2207 989 2238 ca-

248 2257 321 2291 dem
351 2257 579 2291 constitutione
611 2258 806 2301 prohibitam
838 2258 933 2292 fuisse
960 2265 989 2292 et

247 2311 560 2355 prohiheriomnem
583 2318 613 2346 et
631 2323 870 2357 quamcumque
893 2313 990 2346 inscu-

249 2365 408 2399 dationem
428 2377 464 2399 ac
485 2366 711 2400 alienationem
731 2366 906 2405 civitatum,
929 2373 990 2400 ter-

249 2429 369 2460 rarum,
392 2420 584 2464 oppidorum
604 2425 633 2453 et
651 2420 797 2453 locorum
817 2420 888 2453 Sedi
908 2422 990 2464 Apo-

249 2472 378 2507 stolicae
410 2480 472 2507 tam
507 2474 648 2507 mediate
674 2484 770 2518 quam
806 2474 990 2508 immediate

285 2564 296 2589 1
321 2562 359 2590 Pii
376 2563 392 2589 V
414 2564 574 2591 Constitutio
594 2568 635 2591 est
654 2572 729 2591 num.
746 2570 789 2590 Lin
803 2587 810 2598 ‚
836 2564 990 2595 Admonet,

251 2609 316 2633 tom.
333 2613 369 2634 vn
386 2616 446 2643 pag.
463 2609 530 2642 5003
548 2611 574 2635 et
590 2608 680 2635 lnnoc.
700 2608 731 2634 lx
748 2612 789 2635 est
804 2616 867 2634 uum
884 2616 891 2634 1
914 2609 992 2640 Quae

252 2653 317 2678 tom.
333 2659 357 2678 ix
374 2660 435 2688 pag.
453 2653 515 2681 505.
533 2653 653 2681 Videnda
678 2661 786 2689 quoque
802 2657 841 2680 est
856 2652 993 2679 Constitu-

252 2693 288 2722 tio
305 2703 323 2722 η
340 2695 421 2724 Clem.
439 2696 493 2724 Vlll
511 2697 555 2724 Aa
577 2698 711 2732 Romani,
734 2698 769 2724 ib.
793 2706 851 2733 pag.
870 2698 929 2724 0¹31).

1667 257 1731 292 ό267
1779 267 1874 294 Aac.
1898 267 1966 294 1605

1017 319 1253 358 subiectorum;
1282 329 1347 351 non
1372 318 1476 352 solum
1510 328 1549 350 ne
1582 317 1656 356 fiat,
1685 327 1764 350 neve

1018 379 1191 405 attentetur
1208 378 1279 415 post
1299 383 1412 405 eorum
1432 371 1685 410 demlufionem,
1706 370 1762 403 sed

1018 426 1114 458 etiam
1141 432 1313 469 antequam
1341 427 1444 459 dictae
1469 426 1622 464 civitates,
1647 430 1765 465 terrae,

1018 479 1138 522 oppida
1163 485 1193 512 et
1220 480 1288 512 loca
1312 480 1456 523 praefata
1481 479 1703 522 devolvantur,
1725 488 1762 510 ac

1018 531 1166 566 omnem¹
1192 539 1221 566 et
1246 545 1486 577 quamcumque
1512 534 1541 566 in
1569 539 1762 576 perpetuum

1017 586 1065 619 vel
1091 587 1130 620 ad
1158 592 1283 630 tempus
1309 587 1572 630 prorogationem
1599 597 1636 619 ac
1658 593 1764 619 exten—

1017 639 1152 679 sionem,
1181 640 1435 673 infeudationem
1450 640 1712 673 investiturarum
1734 644 1766 673 et

1018 694 1264 728 concessionum
1291 695 1329 728 de
1357 694 1448 728 dictis
1474 694 1666 734 civitatibus,
1696 700 1766 726 ter-

1020 748 1072 790 ris,
1101 749 1228 792 oppidis
1253 753 1284 781 et
1308 749 1386 782 locis
1412 749 1556 781 nondum
1575 748 1764 788 finitarum·,

1018 802 1244 846 quorumque‘J
1265 803 1561 846 incorporationem
1582 802 1703 846 (quoad
1721 801 1765 835 ef-

1019 857 1135 891 fectum
1163 857 1388 901 impediendae
1414 856 1658 895 infeudationis‚
1687 856 1765 889 alie-

1018 911 1168 949 nationis,
1190 911 1428 955 prorogationis
1447 917 1477 944 et
1494 910 1689 944 extensionis
1710 910 1767 943 liu·

1020 965 1173 1008 iusmodi)
1195 976 1259 998 non
1285 976 1302 998 a
1328 965 1378 998 die
1400 975 1511 998 eorum
1540 964 1764 1005 devoluffionis,

1019 1019 1074 1053 sed
1095 1030 1112 1052 a
1128 1019 1178 1052 die
1197 1019 1296 1063 ipsius
1317 1018 1572 1058 constatuimus,
1597 1018 1693 1051 etiam
1714 1029 1767 1051 an-

1022 1080 1152 1118 tequam
1178 1074 1231 1106 illa
1257 1074 1478 1114 devolvantur,
1503 1073 1571 1116 ipso
1598 1073 1667 1106 iure
1692 1083 1764 1106 cum

1021 1128 1171 1161 omnibus
1197 1128 1347 1161 clausulis
1369 1134 1399 1160 et
1419 1127 1558 1160 decretis
1580 1126 1612 1159 in
1637 1126 1766 1170 praedi-

1021 1185 1071 1215 cta
1096 1183 1330 1216 Constitutione
1357 1182 1533 1222 contentis,
1563 1181 1715 1215 Gamerae
1735 1186 1766 1214 et

1021 1236 1093 1269 Sedi
1112 1236 1314 1279 Apostolicae
1331 1236 1445 1269 factam
1468 1235 1611 1275 censeri3
1639 1234 1765 1267 adiecto

1022 1290 1117 1322 etiam
1144 1290 1275 1323 decreto
1301 1296 1331 1323 et
1357 1290 1596 1329 declaratione,
1625 1295 1659 1322 ut
1684 1299 1762 1332 pro-

1023 1344 1131 1377 missio
1143 1349 1173 1377 et
1187 1344 1402 1377 iuramentum
1415 1344 1621 1387 (praestitum
1636 1349 1665 1376 et
1679 1353 1766 1387 prae*

1021 1398 1183 1438 standum⁷
1201 1398 1239 1431 de
1253 1398 1408 1431 servanda
1430 1397 1594 1430 eiusdem⁴
1613 1396 1658 1429 Pii
1673 1407 1766 1440 prae-

1022 1451 1198 1484 decessoris
1236 1451 1371 1495 praesati
1411 1450 1642 1484 constitutione
1662 1478 1669 1491 ‚
1708 1460 1767 1493 per

1021 1505 1125 1549 ipsum
1151 1504 1375 1538 Innocentium
1407 1510 1437 1537 et
1466 1514 1666 1537 successores
1691 1514 1767 1538 suos

1022 1558 1181 1591 Romanos
1193 1558 1365 1591 Pontifices
1379 1569 1415 1591 ac
1433 1558 1616 1601 praedictos
1629 1558 1658 1591 S.
1676 1558 1712 1590 R.
1729 1558 1762 1591 E.

1020 1612 1227 1655 cardinales)
1263 1611 1463 1654 intelligatur
1495 1612 1533 1645 de
1566 1612 1634 1655 ipsa
1666 1611 1711 1644 Pii
1744 1610 1767 1644 V

1020 1666 1279 1710 praedecessoris
1297 1666 1529 1699 constitutione
1550 1677 1608 1709 per
1625 1676 1711 1705 eum,
1731 1670 1766 1698 ut

1019 1732 1126 1764 supra,
1145 1721 1318 1761 declarata,
1336 1726 1364 1753 et
1380 1721 1558 1753 secundum
1579 1719 1766 1753 huiusmodi

1019 1775 1271 1808 declarationem
1287 1775 1435 1807 eamdem
1448 1773 1713 1807 constitutionem
1728 1773 1768 1806 ad

1020 1840 1160 1871 unguem
1181 1835 1211 1862 et
1232 1828 1462 1862 inviolabiliter
1483 1828 1647 1861 observari
1669 1838 1766 1871 opor-

1023 1889 1087 1916 tere
1113 1894 1148 1916 ac
1170 1883 1299 1923 debere,
1325 1882 1417 1915 sicuti
1444 1882 1539 1916 etiam
1566 1893 1599 1915 se
1624 1887 1769 1915 servatu-

1021 1947 1091 1969 rum
1119 1947 1186 1969 csse
1210 1936 1369 1980 promisit,
1394 1947 1431 1969 ac
1452 1942 1559 1969 sancte
1581 1942 1611 1969 et
1631 1936 1767 1969 solemni

1023 2000 1112 2023 more
1138 1990 1275 2030 iuravit,
1309 1995 1406 2034 prout
1438 1989 1468 2022 iu
1496 1989 1639 2023 eiusdem
1666 1989 1764 2023 Inno-

1021 2044 1116 2077 centii
1143 2044 1414 2088 praedecessoris,
1442 2044 1500 2077 sub
1526 2044 1635 2077 datum
1662 2043 1766 2087 pridie

1022 2098 1114 2131 nonis
1135 2098 1330 2137 novembris,
1354 2097 1561 2140 pontificatus
1579 2097 1627 2129 sui
1648 2106 1767 2137 annot,

1023 2150 1177 2194 expeditis
1202 2151 1316 2184 litteris
1339 2151 1434 2184 latins
1460 2151 1656 2190 continetur-3

1067 2205 1127 2247 gli.
1145 2206 1182 2238 Et
1201 2205 1372 2238 novissime
1387 2215 1403 2237 a
1421 2205 1581 2238 Clemente
1600 2204 1663 2237 VIII
1681 2203 1766 2236 iuxta

1023 2259 1169 2292 camdem
1208 2259 1387 2292 Innocentii
1431 2258 1471 2291 IX
1513 2257 1765 2291 declarationem

1023 2312 1225 2353 confirmata,
1254 2313 1433 2357 approbata
1458 2318 1488 2346 ct
1510 2312 1658 2345 innovata
1683 2311 1750 2344 suit.

1068 2368 1083 2408 ξ
1103 2365 1132 2399 5.
1157 2365 1261 2406 Quare
1283 2378 1351 2407 nos,
1377 2378 1448 2400 cum
1471 2367 1613 2410 primum
1635 2365 1672 2398 ad
1694 2375 1766 2408 apo-

1023 2420 1155 2453 stolicae
1181 2421 1345 2463 dignitatis
1371 2421 1506 2463 gradum
1529 2419 1635 2453 divina
1661 2418 1766 2462 provi-

1025 2473 1131 2506 dentia
1158 2474 1258 2507 vocati
1286 2485 1413 2514 sumus,
1443 2474 1474 2506 id
1501 2473 1604 2517 ipsum
1632 2473 1670 2505 ad
1697 2482 1767 2505 exe-

1809 2114 1903 2135 clemens
1920 2114 1965 2136 vnt

1781 2141 1914 2167 approbavit.

1816 2273 1854 2294 Hit*
1870 2275 1965 2295 Potum-x

1781 2302 1865 2321 easdem
1890 2303 1966 2322 bullam

1781 2329 1894 2354 appi-obal,
1911 2329 1966 2350 iunii

1781 2358 1801 2376 ct
1818 2358 1886 2376 votet.

1059 2564 1071 2589 i
1097 2563 1166 2590 Edit.
1189 2562 1268 2589 Maia.
1290 2563 1354 2598 legit
1368 2571 1479 2595 omnes;
1501 2570 1548 2589 nos
1565 2560 1768 2588 emendavimus

1026 2616 1056 2634 cx
1069 2607 1133 2634 edit.
1147 2607 1265 2634 Cherub.
1278 2608 1356 2641 (uxr).

1061 2652 1077 2678 2
1094 2651 1160 2678 Vide
1174 2660 1207 2678 an
1224 2660 1276 2679 uon
1291 2652 1326 2678 sit
1341 2651 1485 2686 legendum
1500 2658 1657 2685 eorumque
1670 2651 1707 2686 (n.
1719 2653 1766 2684 T.).

1063 2696 1077 2720 5:
1099 2696 1156 2722 Err.
1177 2696 1241 2722 edit.
1261 2696 1342 2722 Main.
1360 2695 1439 2722 liabct
1456 2696 1546 2722 eidem
1565 2696 1600 2721 (n.
1620 2695 1668 2722 rt.
