2227 3241
251 276 306 304 An.
319 276 346 304 c.
369 277 437 305 1606
482 267 545 302 366

279 338 383 360 Graviora
405 342 435 360 ta·

250 366 436 418 gimffississ‘imsfe'
452 379 491 413 ad
503 389 629 412 morum
649 379 882 412 correctionem
895 379 1069 423 pertinent,
1086 379 1188 414 dictus

249 418 365 440 reserenda.

262 654 375 686 Derugatio
386 662 434 678 con-

249 685 368 704 (rariorum.

496 325 555 368 §3-
572 325 724 358 Volumus
738 329 844 358 antem
856 330 901 367 ut,
914 330 1043 369 praeter
1054 336 1090 360 ea
1107 337 1189 371 quae

450 432 595 466 visitator
614 432 736 476 aliquid
757 432 919 475 corrigere
939 433 988 466 vel
1015 434 1188 467 emendare

449 495 514 519 non
532 485 643 530 possit,
667 496 704 519 ac
724 485 763 519 de
783 485 996 529 gravioribus,
1019 497 1102 531 quae
1122 488 1187 522 for—

449 549 505 573 san
531 539 563 572 in
591 539 777 573 huiusmodi
801 539 982 574 visitatione
1007 541 1184 586 repererit,

449 601 508 626 nos
528 592 681 626 certiores
698 592 803 626 facere
822 598 975 627 teneatur.

494 646 510 687 ς
527 644 557 678 4.
579 645 648 679 Non
666 645 868 690 obstantibus
882 646 1046 690 quibusvis
1058 651 1187 691 aposto-

449 697 529 740 licis,
546 708 583 732 ac
603 699 635 732 in
662 699 914 741 universalibus,
937 699 1188 744 provincialibus

448 757 479 785 et
490 752 698 797 synodalibus
711 753 854 787 conciliis
867 754 972 795 editis,
985 754 1188 797 generalibus

446 806 495 840 vel
514 806 719 851 specialibus,
741 807 1021 842 constitutionibus
1042 813 1073 842 et
1093 808 1183 842 ordi-

445 860 648 902 nationibus,
671 861 839 906 hospitalis
866 867 897 895 et
928 861 1012 895 illius
1036 861 1182 904 Ordinis,

447 913 542 948 etiam
564 915 758 956 iuramento,
782 914 1028 949 confirmatione
1052 922 1183 960 aposto-

446 966 517 1010 lica,
538 968 586 1001 vel
607 968 717 1013 quavis
743 968 895 1002 firmitate
920 969 982 1002 alia
1006 969 1182 1011 roboratis,

446 1022 571 1057 statutis
607 1029 638 1056 et
673 1023 959 1057 consuetudinibus
974 1051 981 1065 ,
1010 1024 1186 1068 privilegiis

446 1085 588 1120 quoque,
603 1076 744 1118 indultis,
758 1076 1015 1121 exemptionibus
1029 1083 1059 1110 et
1072 1077 1185 1111 litteris

445 1129 640 1173 apostolicis,
655 1129 717 1164 illis
730 1140 909 1174 eorumque
922 1131 1143 1175 superioribus
1155 1138 1186 1165 et

443 1183 613 1227 personis,
641 1183 699 1217 sub
720 1183 980 1228 quibuscumque
1010 1185 1183 1218 verborum

444 1235 555 1270 formis
586 1242 617 1270 et
646 1237 832 1279 tenoribus,
861 1244 892 1271 et
917 1248 989 1271 cum
1021 1237 1185 1282 quibusvis

444 1290 541 1324 etiam
558 1291 836 1334 derogatoriarum
859 1291 1080 1334 derogatoriis,
1105 1291 1186 1325 aliis-

444 1354 506 1388 que
527 1344 761 1378 esficacioribus
787 1350 817 1378 et
847 1344 984 1378 insolitis
1010 1345 1181 1386 clausulis,

444 1407 480 1430 ac
500 1397 701 1432 irritantibus
721 1404 751 1432 et
763 1398 834 1432 aliis
847 1398 994 1440 decretis,
1012 1399 1044 1432 in
1058 1404 1186 1433 contra-

445 1451 529 1484 rium
550 1452 803 1496 praemissorum
829 1452 1075 1496 quomodolibet
1102 1463 1182 1487 con-

445 1505 551 1547 cessis,
576 1505 775 1539 confirmatis
795 1512 826 1540 et
845 1506 1046 1551 approbatis:
1068 1507 1185 1551 quibus

445 1558 595 1593 omnibus
615 1565 646 1593 et
664 1559 808 1602 singulis,
828 1560 952 1594 etiamsi
974 1570 1033 1604 pro
1054 1560 1183 1594 illorum

444 1605 615 1646 sufficienti
633 1613 852 1656 derogatione,
876 1614 915 1647 de
933 1613 994 1647 illis
1008 1624 1184 1659 eorumque

445 1665 518 1698 totis
539 1665 706 1700 tenoribus
726 1666 885 1710 specialis,
909 1667 1060 1711 specifica
1080 1673 1111 1702 et
1131 1679 1183 1701 ex-

443 1729 552 1762 pressa
569 1729 605 1753 ac
625 1719 800 1763 individua,
814 1730 879 1754 non
893 1726 1000 1754 autem
1020 1731 1078 1765 per
1099 1721 1184 1755 clau-

442 1772 528 1806 sulas
542 1773 708 1815 generales
722 1773 807 1807 idem
826 1773 1038 1818 importantes
1052 1775 1184 1817 mentio,

442 1835 499 1859 seu
516 1826 645 1870 quaevis
665 1827 746 1861 aliae
762 1828 905 1872 xpressio
923 1828 1071 1862 habenda
1092 1829 1184 1870 soret,

443 1878 573 1913 illorum
595 1885 722 1914 tenores
739 1881 962 1925 praesentibus
979 1892 1039 1926 pro
1057 1892 1184 1926 expres-

443 1932 485 1965 sis
505 1938 535 1966 et
555 1933 595 1967 ad
615 1934 748 1967 verbum
774 1934 900 1968 insertis
927 1935 1101 1977 hahentes,
1125 1936 1184 1969 hac

444 1986 510 2020 vice
531 1986 697 2021 dumtaxat
716 1988 898 2032 specialiter
915 1995 944 2022 et
962 2000 1110 2033 expresse
1128 1990 1183 2023 de-

443 2050 606 2084 rogamus,
630 2042 827 2087 caeterisque
853 2042 1021 2077 contrariis
1046 2043 1180 2087 quibus-

443 2104 593 2139 cumque.

486 2147 598 2181 Datum
620 2148 741 2182 Romae
755 2149 840 2193 apud
860 2155 1006 2184 sanctum
1028 2151 1180 2191 Marcum,

442 2199 501 2234 sub
522 2201 642 2235 annulo
660 2202 841 2243 piscatoris,
866 2204 917 2237 die
942 2214 1019 2238 xv111
1044 2209 1182 2248 septem-

443 2253 508 2288 bris
529 2265 637 2297 Mncv1,
657 2256 865 2299 pontificatus
882 2257 982 2291 nostri
1003 2268 1088 2291 anno
1108 2268 1142 2292 11.

479 2316 540 2344 Dat.
556 2316 599 2344 die
616 2317 649 2344 18
664 2317 825 2354 septembris
839 2319 920 2353 1606,
936 2319 1034 2355 pontif.
1055 2327 1098 2347 an.
1115 2326 1146 2346 11.

768 2479 853 2513 LVlI.

443 2575 569 2611 Receori
584 2581 612 2609 et
632 2576 856 2621 collegialibus
875 2576 1003 2621 colleyii
1024 2577 1182 2623 theoloqu-

488 2639 564 2662 rum
589 2629 751 2664 Sorbonae
774 2630 975 2664 Parisiensis
999 2631 1183 2666 conceditur

490 2682 656 2718 indultum
676 2684 791 2719 utendi
805 2684 945 2719 rochetto
970 2689 997 2718 et
1017 2685 1181 2731 superpel-

1033 277 1216 303 BULLARIUM
1235 278 1388 304 ROMANUM

1974 275 2065 304 Δια
2087 276 2097 305 t
2195 287 2198 299 ³

1267 327 1344 360 liceo
1364 325 1407 359 ad
1427 325 1532 359 instar
1555 326 1786 360 canonicorum
1810 325 1956 360 ecclesia-

1265 390 1337 414 rum
1360 379 1632 413 cathedmstum'.

2149 540 2186 605 aff}

2148 607 2163 625 Γ
2175 606 2193 639 ³¹

1265 648 1428 682 Romanus
1451 647 1594 681 Pontifex
1624 647 1734 681 fideles
1758 657 1795 681 ac
1825 646 1958 681 devotos
1999 657 2119 680 exordium.
2140 614 2190 666 *k*

1220 711 1294 735 suos
1315 702 1384 745 (eos
1403 701 1591 745 praesertim
1613 701 1666 745 qui
1691 711 1855 734 sacrarum
1872 699 1958 735 litte·

1220 765 1329 788 rarum
1347 755 1479 789 scientia
1500 748 1538 788 ad
1557 754 1632 788 fidei
1653 753 1829 788 catholicae
1841 763 1959 799 propa-

1221 808 1404 851 gationem,
1436 808 1571 852 aliisque
1600 807 1752 841 virtutum
1779 807 1893 848 donis,
1921 817 1959 841 ac

1220 861 1375 905 singulari
1401 872 1476 905 erga
1504 861 1719 906 Apostolicam
1752 861 1866 895 Sedem
1895 860 1959 894 fide

1220 926 1257 949 ac
1277 916 1447 950 devotione
1468 927 1504 950 ac
1525 915 1647 949 meritis
1667 921 1742 949 sunt
1766 914 1884 959 ornati)
1901 913 1959 949 ho-

1219 970 1352 1004 noribus
1370 970 1507 1004 libenter
1527 975 1669 1010 exornat,
1693 979 1729 1003 ac
1749 968 1912 1003 favoribus
1928 973 1960 1001 et

1219 1023 1329 1065 gratiis
1348 1023 1555 1068 prosequitur
1579 1022 1781 1068 opportunis,
1808 1026 1905 1067 prout
1925 1021 1958 1054 in

1218 1076 1355 1110 Domino
1375 1077 1546 1110 salubriter
1571 1076 1728 1121 conspicit
1747 1075 1910 1120 expedire.

1264 1131 1280 1173 g
1301 1130 1331 1164 1.
1355 1130 1494 1164 Proinde
1519 1141 1577 1164 nos
1601 1130 1790 1164 dilectorum
1816 1129 1957 1163 filiorum
2009 1151 2112 1174 mmm

1220 1189 1382 1217 rectorum
1403 1189 1434 1217 et
1454 1183 1670 1226 collegialium
1689 1182 1815 1226 collegii
1835 1182 1959 1216 theolo-
1973 1184 2015 1206 ‘³¹¹⁰
2032 1179 2052 1200 ³¹¹
2179 1202 2182 1210 .

1219 1247 1332 1280 gorum
1354 1238 1520 1272 Sorbonae
1533 1237 1720 1271 Parisiensis
1737 1236 1884 1270 eximiam
1900 1237 1958 1270 do·
2136 1240 2139 1242 '
2180 1236 2181 1244 ¹

1219 1291 1356 1325 ctrinam
1376 1297 1408 1326 et
1425 1292 1456 1325 in
1477 1291 1539 1325 side
1557 1291 1713 1326 catholica
1737 1290 1959 1332 constantiam,

1219 1356 1254 1379 ac
1274 1336 1533 1388 sinceram‘erga
1557 1355 1615 1379 nos
1645 1351 1675 1379 et
1700 1345 1816 1378 dictam
1843 1344 1958 1379 Sedem

1219 1399 1316 1433 fidem
1338 1404 1368 1433 et
1382 1399 1598 1442 devotionem,
1623 1399 1749 1443 aliaque
1769 1397 1960 1442 multiplicia

1218 1453 1250 1486 in
1263 1463 1322 1487 nos
1335 1458 1366 1487 et
1382 1453 1578 1498 praedictam
1593 1453 1708 1487 Sedem
1721 1452 1836 1486 merita
1850 1451 1958 1485 animo

1219 1507 1407 1549 recolentes,
1436 1507 1507 1541 illos
1536 1507 1650 1550 dignos
1681 1516 1850 1540 censemus
1878 1516 1958 1550 quos

1217 1560 1348 1605 speciali
1368 1560 1502 1594 honoris
1527 1565 1557 1594 et
1582 1559 1704 1603 gratiae
1734 1559 1958 1604 praerogativa

1219 1624 1420 1648 exornemus.
1441 1614 1527 1648 Motu
1548 1613 1644 1656 igitur
1663 1613 1809 1658 proprio,
1831 1622 1897 1646 non
1917 1612 1958 1646 ad

1219 1668 1406 1702 eorumdem
1441 1667 1574 1701 rectoris
1603 1673 1634 1701 et
1662 1666 1879 1710 collegialium
1910 1665 1955 1700 vel

1218 1722 1353 1756 alicuius
1373 1732 1497 1763 eorum,
1519 1721 1567 1754 vel
1588 1721 1726 1754 aliorum
1745 1730 1806 1765 pro
1826 1719 1884 1761 eis,
1898 1729 1957 1754 no-

1218 1776 1266 1809 bis
1287 1786 1385 1820 super
1409 1775 1470 1809 hoc
1497 1775 1623 1809 oblatae
1649 1774 1815 1819 petitionis
1835 1773 1956 1808 instan-

1219 1828 1313 1870 tiam,
1341 1829 1397 1862 sed
1422 1840 1458 1862 ex
1484 1830 1570 1863 certa
1602 1829 1712 1862 nostra
1738 1827 1892 1868 scientia,
1921 1836 1958 1861 ac

1219 1885 1345 1916 matura
1365 1883 1609 1924 deliberatione,
1633 1882 1738 1926 deque
1762 1880 1958 1926 apostolicae

1217 1937 1383 1981 potestatis
1403 1937 1615 1981 plenitudine,
1637 1936 1757 1969 eisdem
1783 1934 1902 1969 rectori
1926 1940 1958 1968 et

1218 1990 1439 2034 collegialibus
1459 1995 1494 2024 ut
1507 1990 1539 2024 in
1554 1989 1686 2024 ecclesia
1704 1999 1816 2023 eorum
1829 1987 1955 2032 collegii

1218 2043 1366 2078 rochetto
1380 2049 1410 2078 et
1427 2043 1662 2088 superpelliceo
1680 2043 1720 2077 ad
1740 2042 1840 2076 instar
1860 2052 1956 2076 cano-

1218 2097 1365 2131 nicorum
1402 2108 1511 2131 earum
1543 2097 1751 2131 ecclesiarum
1783 2095 1952 2130 cathedra-

1217 2151 1309 2193 lium,
1327 2152 1381 2196 qui
1394 2151 1579 2186 huiusmodi
1594 2151 1740 2185 rochetto
1754 2156 1784 2184 et
1797 2149 1958 2194 superpel-

1217 2205 1299 2239 liceo
1311 2205 1356 2239 uti
1374 2207 1489 2248 solent,
1505 2206 1552 2240 uti
1569 2206 1671 2240 libere
1684 2211 1715 2239 et
1734 2205 1821 2239 licite
1834 2203 1957 2249 possint

1217 2264 1248 2293 et
1264 2260 1399 2300 valeant,
1423 2260 1613 2293 auctoritate
1630 2258 1816 2304 apostolica,
1843 2263 1956 2291 tenore

1216 2313 1444 2357 praesentium,
1465 2313 1672 2347 concedimus
1690 2318 1720 2346 et
1736 2312 1950 2355 indulgemus.
2115 2328 2147 2364 5<

1262 2368 1279 2409 ς
1300 2366 1330 2400 2.
1353 2367 1423 2400 Non
1444 2366 1643 2400 obstantibus
1656 2364 1819 2410 quibusvis
1836 2364 1954 2398 consti·
2018 2359 2144 2409 omma
2166 2373 2168 2384 ’

1217 2418 1394 2453 tutionibus
1414 2425 1446 2453 et
1465 2419 1722 2453 ordinationibus
1741 2416 1928 2462 apostolicis
1942 2443 1950 2458 ,
1968 2413 2084 2441 d⁸'⁰⁸²'²⁰·
2123 2412 2138 2444 *ἠ
2165 2399 2175 2443 3

1217 2472 1414 2517 caeterisque
1435 2472 1603 2507 contrariis
1621 2471 1890 2517 quibuscumque.
2163 2452 2172 2520 l
2188 2468 2191 2493 ἶ

1259 2526 1373 2560 Datum
1394 2527 1515 2560 Romae
1533 2526 1618 2571 apud
1643 2530 1789 2560 sanctum
1812 2525 1952 2558 Marcum
2116 2522 2120 2528 '

1215 2579 1275 2613 sub
1288 2580 1407 2613 annulo
1416 2580 1585 2614 Piscator-is
1595 2579 1646 2614 dic
1655 2588 1755 2614 xxviu
1762 2578 1954 2623 septembris

1215 2642 1324 2675 MDCVI,
1347 2633 1552 2678 pontificatus
1569 2633 1670 2667 nostri
1691 2643 1775 2667 anno
1793 2643 1826 2667 11.

1251 2694 1309 2723 Dat.
1327 2695 1370 2724 die
1389 2695 1423 2723 28
1443 2695 1605 2732 septembris
1626 2695 1704 2730 1606,
1726 2695 1818 2732 pontis.
1841 2703 1884 2724 an.
1905 2701 1934 2723 11.

1456 497 1568 525 Paulus
1590 497 1669 532 Papa
1691 497 1724 529 V,

1345 549 1382 577 ad
1401 552 1575 584 perpetuam
1594 549 1639 578 rei
1658 548 1837 578 memoriam.

2191 551 2194 582 l

2217 1413 2227 1508 num-n
2218 1220 2227 1402 ren-snt,-
