2227 3241
85 237 267 266 An.c.1611

105 689 156 710 Cum
167 689 270 710 facultati-

84 715 123 736 bus
135 716 269 736 necessariis.

926 241 1046 266 PAULUS
1067 241 1086 264 V
1106 241 1156 266 1³1⁵.

285 286 442 330 cupimus,
460 287 656 331 imponatur;
677 299 712 321 ac
728 288 766 322 de
784 290 837 322 tua
858 288 932 329 fide,
949 299 1024 332 pru-

285 339 416 381 dentia,
443 340 625 384 integritate
656 352 691 374 ac
723 342 869 375 doctrina
895 343 926 375 in
955 342 1025 376 aliis

284 393 435 435 gravibus
459 393 601 436 negociis
626 394 719 427 nobis
750 395 894 438 probatis
919 396 1022 439 pluri-

285 456 374 479 mum
395 445 427 478 in
447 446 584 480 Domino
610 447 738 487 confisi,
767 453 856 480 motu
877 448 1022 492 proprio,

284 510 321 532 ac
346 510 382 532 ex
407 502 492 533 certa
513 500 644 533 scientia
666 506 695 533 et
717 503 840 534 matura
863 500 1023 534 delibera-

286 552 371 585 tione
392 553 520 593 nostris,
549 559 579 587 te
605 554 644 587 ad
664 554 725 587 hoc
746 555 910 597 negotium
938 565 1026 587 com-

285 606 466 639 missarium
489 612 636 640 nostrum
655 607 867 651 apostolicum
891 608 1026 651 deputa-

286 671 367 699 mus,
391 659 524 704 tibique,
553 666 587 693 ut
611 661 649 694 ad
677 661 746 694 loca
773 643 1045 694 differentiarum¹

285 718 315 745 te
348 713 562 756 personaliter
597 714 760 754 conferas,
796 714 1027 747 committimus

285 772 316 799 et
341 766 599 807 mandamus,.et
626 777 846 811 quascumque
872 767 1024 800 differen-

287 819 354 859 tias,
375 819 446 852 lites
464 830 500 852 ac
518 819 750 853 controversias
764 825 827 853 tam
850 820 1026 854 confinium

285 881 389 916 quam'
408 871 527 905 iurium
551 872 705 916 pascendi
731 873 972 917 praedictorum
999 879 1029 908 et

284 925 361 959 alias
390 935 610 970 quascumque
641 926 725 960 inter
754 932 927 971 utrumque
953 928 1024 961 Sta-

285 984 350 1011 tum
365 989 401 1011 ac
415 978 570 1012 ditionem
588 980 799 1023 temporalem
818 980 1028 1025 subditosque

282 1030 465 1074 praedictos
485 1038 718 1077 concernentes
736 1033 860 1074 audire:
881 1044 941 1067 nec
962 1044 1026 1067 non

284 1094 357 1116 cum
377 1083 538 1128 deputatis
563 1095 581 1118 a
607 1085 724 1119 dilecto
751 1085 818 1119 filio
838 1086 938 1120 nobili
959 1087 1027 1120 viro

283 1137 377 1170 Petro
398 1137 438 1170 de
462 1137 570 1171 Castro
597 1138 714 1172 comite
739 1139 778 1173 de
805 1140 919 1173 Lemos
945 1131 1045 1173 eius-⁴¹

284 1190 356 1223 dem
374 1190 465 1233 regni
478 1191 679 1235 Neapolitani
691 1202 828 1237 prorege
842 1193 1024 1234 convenire;
1044 1190 1045 1204 ¹

283 1249 406 1287 etcum
433 1244 552 1278 eisdem
579 1245 618 1278 de
647 1245 696 1278 his
723 1256 945 1291 quaecumque
970 1257 1045 1284 nen

284 1297 422 1331 cessaria
451 1304 481 1332 et
509 1305 692 1344 opportuna
721 1300 778 1333 tibi
813 1300 877 1334 visa
909 1301 1044 1341 suerint,

285 1357 421 1386 tractare
439 1363 476 1386 ae
493 1353 678 1393 terminar03
700 1365 758 1387 nec
780 1365 843 1387 non
861 1360 1023 1396 tractatus,
1042 1348 1044 1390 Ῐ

284 1405 528 1440 terminationes
549 1413 579 1440 et
607 1407 834 1441 conventiones
864 1409 903 1441 ad
931 1406 1044 1447 com-t

284 1470 415 1494 munem
439 1460 598 1494 dictorum
627 1462 823 1506 populorum
856 1450 1044 1502 utilitatem}

284 1525 357 1548 cum
383 1514 502 1548 eisdem
525 1515 685 1559 deputatis
704 1515 736 1548 in
762 1516 952 1560 scripturam
975 1528 1043 1553 re-¹

283 1568 404 1612 digere,
428 1574 459 1602 et
484 1574 668 1603 contractus
687 1580 785 1614 super
809 1570 927 1604 eisdem
949 1555 1044 1604 cele-i

282 1622 389 1663 brare3
410 1633 630 1667 quascumque
651 1623 898 1657 communitates
919 1630 949 1657 et
970 1625 1027 1658 lio-

284 1675 387 1710 mines
401 1676 575 1718 civitatum,
592 1682 750 1710 terrarum
767 1683 794 1711 et
813 1678 958 1711 locorum
974 1689 1027 1711 no—

282 1728 332 1763 bis
356 1735 388 1763 et
407 1730 611 1773 Apostolicae
636 1730 708 1764 Sedi
734 1730 951 1771 subditorum,
968 1741 1026 1775 pro

283 1783 487 1816 observantia
504 1783 649 1816 omnium
671 1789 701 1817 et
721 1783 923 1827 singulorum
945 1795 1026 1829 quae

285 1836 507 1871 terminaveris
519 1837 747 1871 etstabiliveris
768 1838 961 1880 obligando,
982 1844 1023 1879 et,

284 1901 343 1935 pro
369 1890 585 1934 exequutione
606 1890 751 1924 omnium
770 1897 798 1924 et
825 1891 1026 1933 singulorum

285 1943 550 1988 praemissorum,
564 1943 826 1977 universitatibus
845 1950 876 1977 et
900 1945 1028 1988 quibus-

286 2009 426 2042 cumque
446 1997 592 2042 personis
613 1997 748 2031 subditis
768 1998 886 2031 nostris
900 1999 1027 2042 praedi-

286 2052 354 2093 ctis,
378 2051 517 2085 cuiusvis
541 2056 651 2093 status,
668 2052 797 2094 gradus,
819 2052 1024 2094 conditionis,

286 2112 318 2139 et
338 2105 512 2150 qualitatis,
541 2105 635 2138 etiam
662 2105 867 2149 quantumvis
892 2105 1025 2149 privile-

286 2159 379 2202 giatis
393 2164 423 2192 et
437 2158 603 2202 exemptis,
616 2164 678 2191 tam
694 2158 918 2192 ecclesiasticis
932 2158 1027 2192 etiam

287 2211 490 2256 regularibus
516 2212 655 2245 cuiusvis
680 2212 802 2245 ordinis
824 2212 1028 2255 quantumvis

287 2265 437 2310 exempti,
458 2276 553 2309 quam
574 2265 662 2299 laicis
677 2271 707 2299 et
721 2265 906 2306 baronibus,
931 2266 1028 2299 comi-

288 2319 370 2352 tibus
385 2325 415 2352 et
429 2318 667 2352 marchionibus
682 2325 709 2351 et
732 2319 800 2352 aliis
822 2319 1029 2363 quibuscum-

287 2384 361 2418 que,
390 2372 622 2417 cuiuscumque
649 2372 811 2415 dignitatis
849 2378 875 2405 et
914 2383 1045 2416 praec-3

288 2426 474 2462 minentiae.
493 2426 681 2459 auctoritate
709 2429 817 2459 nostrat
843 2417 1045 2470 pmcn-ipere]

288 2486 319 2514 et
347 2481 519 2521 mandare,
550 2471 617 2513 nee
638 2490 701 2513 non
730 2480 824 2513 etiam
852 2490 951 2513 unum
980 2480 1027 2513 vel

288 2535 397 2579 plures
418 2534 656 2568 commissarios
678 2545 749 2567 cum
768 2534 863 2567 simili
883 2534 927 2566 vel
947 2533 1025 2566 limi-

289 2591 350 2622 tata
373 2589 521 2622 facultate
542 2589 708 2632 deputare,
726 2593 754 2621 et
769 2587 846 2620 :ilius
861 2598 1028 2631 quascum-

289 2652 351 2686 que
370 2643 580 2686 provisiones,
609 2653 690 2686 quae
712 2642 766 2675 tibi
794 2642 894 2685 magis
916 2652 1026 2676 neees-

337 2707 414 2733 Bult.
433 2707 512 2734 Itoni.
534 2706 591 2732 Vol.
610 2707 657 2733 XI.
874 2705 907 2729 ⁸5»

1058 287 1160 322 sat-iae
1174 287 1367 321 videbuntur
1389 289 1504 329 facere,
1521 299 1579 322 nec
1597 299 1660 322 non
1686 289 1726 322 ad
1747 301 1801 333 pe-

1059 341 1218 375 cuniarias
1237 348 1290 375 tuo
1311 341 1442 375 arbitrio
1464 341 1671 386 applicandas
1692 347 1723 375 et
1737 352 1802 375 cor-

1060 395 1186 438 porales
1200 405 1330 438 poenas,
1346 395 1397 428 ob¹
1416 406 1525 428 earum
1542 394 1801 439 exequutionem,

1061 454 1173 481 contra
1194 448 1429 490 inobedientes,
1450 455 1700 491 transgressores
1721 448 1803 482 ordi-

1061 500 1227 534 nationum
1253 507 1390 542 tuarum‚
1408 507 1437 535 et
1451 502 1599 535 similiter
1612 507 1724 534 contra
1738 512 1802 544 eos,

1061 564 1142 596 quos
1156 564 1191 586 ex
1205 554 1341 587 subditis
1356 555 1470 588 nostris
1491 554 1613 599 aliquid
1635 554 1802 588 innovasse

1061 613 1115 640 aut
1141 608 1377 642 contravenisse
1410 608 1588 642 constiterit
1620 609 1803 642 concordiis

1061 660 1372 693 ettransactionilms
1390 661 1540 704 peractis,
1562 661 1749 705 procedere;
1773 669 1803 695 et

1061 722 1125 758 non
1138 713 1241 745 solum
1259 713 1412 747 terminos
1426 714 1539 747 finium
1551 714 1697 748 locorum
1711 725 1804 758 prae-

1062 764 1223 798 dictorum
1240 772 1269 798 et
1295 766 1422 799 illorum
1442 767 1628 801 situationes
1648 778 1804 811 recogno-

1062 829 1151 852 scere
1164 825 1195 852 et
1208 820 1383 861 declarare,
1405 821 1459 854 sed
1481 820 1576 853 etiam
1591 821 1623 854 in
1641 820 1702 854 illis
1714 821 1802 863 locis,

1062 871 1094 904 in
1120 871 1237 916 quibus
1260 872 1471 906 terminorum
1500 873 1630 917 vestigia
1657 884 1723 907 non
1748 884 1804 918 ap-

1063 925 1239 969 parebunt,
1263 936 1362 960 novos
1395 926 1550 960 terminos
1580 937 1745 970 apponere
1773 933 1804 960 et

1062 978 1269 1015 constituere
1294 984 1322 1012 et
1344 988 1463 1023 poenas
1485 978 1580 1012 etiam
1602 979 1804 1022 gravissimas

1063 1036 1174 1063 eontra
1200 1037 1385 1065 amoventes
1413 1032 1460 1065 vel
1481 1032 1680 1065 occultantes
1701 1032 1802 1067 dictos

1062 1083 1216 1117 terminos
1229 1084 1323 1117 etiam
1336 1094 1395 1128 pro
1409 1090 1464 1118 tuo
1473 1084 1607 1118 arbitrio
1620 1083 1799 1128 imponere,

1062 1142 1158 1181 atque
1186 1137 1217 1170 in
1239 1137 1389 1171 omnibus
1416 1143 1445 1171 et
1472 1137 1604 1180 singulis
1631 1138 1802 1182 praedictis

1061 1191 1248 1230 summarie,
1269 1190 1458 1234 simpliciter
1479 1196 1508 1224 et
1537 1191 1575 1224 de
1598 1191 1707 1235 plano,
1735 1192 1803 1226 sola

1064 1245 1137 1278 sacti
1163 1245 1295 1278 veritate
1316 1245 1471 1288 inspecta,
1501 1255 1537 1277 ac
1558 1244 1645 1278 omni
1668 1250 1698 1278 et
1723 1256 1802 1289 qua-

1062 1309 1200 1343 cumque
1218 1298 1434 1342 appellatione
1452 1300 1587 1337 remota,
1611 1299 1706 1331 etiam
1725 1310 1802 1343 pro-

1061 1353 1196 1391 cederej,
1229 1362 1451 1396 quoscumque
1473 1351 1582 1395 quavis
1614 1351 1803 1385 auctoritate

1061 1412 1092 1440 et
1105 1413 1260 1451 potestate
1280 1407 1447 1449 fungentes
1458 1406 1479 1447 ⁹,
1496 1407 1594 1440 etsub
1613 1406 1755 1440 censuris
1773 1412 1803 1440 et

1062 1462 1172 1506 poenis
1195 1461 1328 1495 arbitrio
1352 1467 1405 1495 tuo
1427 1461 1575 1495 similiter
1597 1460 1803 1494 moderandis

1061 1522 1091 1549 et
1116 1516 1315 1560 applicandis
1341 1515 1503 1551 inhiberez
1532 1515 1626 1549 etiam
1653 1526 1710 1560 per
1735 1515 1802 1549 edi-

1061 1575 1146 1602 ctum
1168 1569 1357 1613 publicum,
1383 1569 1519 1602 eonstito
1547 1569 1621 1610 tibi,
1645 1575 1801 1613 quantum

1061 1623 1207 1656 sufficere
1230 1623 1399 1663 videbitur,
1425 1623 1464 1656 de
1483 1633 1546 1656 non
1571 1628 1637 1656 tuto
1658 1633 1799 1663 accessu,

1062 1676 1183 1715 citare;
1215 1682 1379 1717 attentata,
1409 1676 1559 1709 innovata
1580 1687 1803 1720 quaecumque

1062 1740 1222 1770 revocare,
1233 1736 1261 1763 et
1275 1730 1305 1762 in
1320 1730 1490 1774 pristinum
1507 1730 1687 1768 restituere3
1702 1735 1732 1763 et
1745 1730 1804 1763 sin-

1061 1784 1142 1827 gulis
1164 1784 1276 1818 diebus
1290 1790 1319 1816 et
1334 1784 1432 1824 boris,
1454 1783 1549 1816 etiam
1568 1783 1688 1816 seriatis
1702 1783 1733 1816 in
1748 1784 1804 1817 lio-

1061 1848 1172 1871 norem
1195 1837 1374 1873 hominum,
1401 1837 1589 1880 procedere3
1614 1842 1643 1870 et
1672 1837 1802 1871 demum

1063 1897 1186 1924 caetera
1208 1891 1317 1924 omnia
1338 1897 1368 1923 et
1392 1890 1528 1931 singula,
1558 1901 1640 1934 quae
1659 1890 1691 1923 in
1708 1901 1802 1935 prae-

1063 1944 1167 1977 missis
1187 1950 1217 1977 et
1238 1945 1322 1977 circa
1343 1955 1379 1977 ea
1404 1943 1583 1977 necessaria
1601 1945 1804 1987 quomodoli-

1061 1998 1115 2031 bet
1136 1998 1252 2031 tuerint
1274 2009 1329 2031 seu
1351 1995 1532 2041 opportuna
1557 1997 1698 2041 (etiamsi
1730 1997 1803 2031 talia

1044 2051 1134 2094 sint,
1159 2051 1245 2094 quod
1270 2051 1400 2094 speciali
1431 2056 1505 2084 nota
1530 2050 1627 2093 digna
1646 2057 1749 2084 essent
1774 2057 1804 2084 et

1044 2099 1045 2127 i
1061 2104 1230 2148 specialem
1249 2105 1449 2148 requirerent
1462 2105 1672 2147 u‘icntionem)
1687 2106 1803 2146 facere,

1063 2158 1179 2199 dicere,
1204 2168 1316 2201 gerere
1344 2164 1373 2191 et
1396 2157 1509 2201 exequi
1531 2157 1630 2191 libere
1661 2163 1691 2190 et
1718 2158 1803 2191 licite

1062 2211 1163 2255 possis
1181 2217 1210 2244 ct
1229 2212 1343 2252 valeas,
1367 2211 1508 2255 plenam,
1533 2211 1668 2244 liberam
1690 2217 1721 2245 ct
1747 2212 1801 2244 ab·

1062 2265 1197 2299 solutam
1226 2265 1406 2298 facultatem
1429 2271 1457 2298 et
1480 2264 1704 2298 auctoritatem
1724 2276 1800 2298 con-

1062 2319 1206 2353 cedimus
1227 2325 1257 2352 et
1275 2319 1486 2363 impertimur.

1107 2375 1123 2415 g
1142 2372 1171 2405 2.
1190 2373 1257 2406 Non
1273 2372 1473 2406 obstantibus
1487 2372 1585 2406 felicis
1605 2372 1838 2413 recordatio-1n

1062 2426 1110 2459 nis
1137 2425 1288 2459 ltonisacii
1321 2426 1424 2469 Papae
1456 2426 1519 2459 t'ltt
1546 2426 1800 2469 praedecessoris

1044 2506 1046 2517 ‚
1062 2479 1162 2513 nostri
1181 2480 1220 2513 de
1234 2481 1295 2512 unii
1314 2485 1344 2512 et
1360 2479 1389 2512 in
1408 2479 1544 2512 concilio
1558 2479 1700 2521 generali
1717 2479 1800 2513 edita

1101 2562 1108 2585 l
1134 2559 1227 2594 l'raep.
1245 2559 1277 2585 ob
1294 2558 1384 2585 censui
1400 2559 1496 2586 saltem
1511 2558 1663 2585 addendam
1681 2560 1716 2593 (n.
1733 2561 1782 2593 T.).

1096 2605 1112 2631 2
1132 2603 1195 2631 lleic
1211 2603 1275 2631 edit.
1296 2603 1374 2631 Main.
1393 2603 1474 2631 habet
1496 2604 1597 2638 cilan„
1622 2604 1670 2631 sed
1695 2607 1801 2639 praeter

1061 2658 1115 2679 rem
1127 2653 1154 2677 et
1169 2657 1292 2681 erronee}
1305 2656 1365 2676 uam
1376 2652 1468 2684 postea
1483 2648 1604 2684 sequitur
1620 2649 1711 2677 citare
1720 2649 1800 2684 (rm).

1702 231 1766 266 673
1813 241 1862 268 An.
1885 241 1912 268 c.
1932 242 1994 270 1611

1844 2365 1953 2386 (abstantia
1966 2365 2002 2384 tot-
