2227 3241
238 270 286 296 An.
309 270 339 297 c.
360 269 426 297 1608
472 259 536 292 482

266 601 372 622 Beneficia
391 607 397 619 i
418 610 425 614 -

240 633 309 650 sainna
326 627 410 647 «liiiiissa
421 642 425 648 .

241 657 272 677 ivl
318 656 425 678 resignata

240 680 370 703 rorifer-*ndu

1021 264 1204 289 BULLARWM
1221 263 1375 289 ROMANUM

438 327 520 350 noxo
532 316 613 348 inter
624 326 657 348 sc
675 313 927 354 contrahere‚et,
942 319 974 346 ut
986 314 1177 356 praefertur,
1195 320 1198 371 Ι
1215 312 1396 354 tinguendi,
1419 313 1566 353 uniones,
1585 313 1779 346 annexiones
1796 319 1826 346 et
1843 313 1950 346 incor-

441 368 661 408 solemnizare,
686 377 722 400 ae
740 366 862 410 pariter
891 366 923 398 in
952 375 991 400 eo
1011 375 1180 399 remanere

440 423 539 455 libere
557 426 588 454 et
605 420 689 453 licite
713 420 847 456 valeant.
866 419 1082 463 dispensandi,
1098 429 1175 462 pro-

440 476 502 508 lem
529 474 643 507 exinde
671 478 851 517 susceptam
885 477 916 505 et
942 471 1179 516 suscipiendam

440 527 617 570 legitimam
644 525 838 560 decernendi
866 530 962 569 atque
990 525 1176 559 nunciandi:

484 582 501 623 ἓ
522 580 552 614 8.
577 580 624 614 Ad
644 579 732 621 haec,
754 577 1004 622 resignationes'
1024 588 1179 622 quorum-

440 644 579 678 cumque
615 632 848 666 heneficiorum
888 631 1180 665 ecclesiasticorum

441 697 514 721 cum
536 688 612 720 eura
637 692 667 719 et
691 686 759 719 sine
784 686 870 727 eura,
890 684 1104 718 'saecularium
1122 695 1182 718 nec

440 751 506 774 non
517 739 744 780 cluniacensis,
757 738 984 779 Cisterciensis,
1005 738 1181 771 Praemon-

441 793 628 835 stratensis,
652 791 953 827 Grandimontensis
977 798 1007 824 et
1032 790 1179 824 Fontise-

443 847 570 887 brandi‚
598 851 629 880 et
653 855 936 890 quorumcumque
956 844 1091 877 aliorum
1118 843 1178 877 Or-

443 901 554 934 dinum
586 899 805 942 regularium,
838 898 922 931 intra
960 896 1078 930 limites
1111 902 1183 929 tuae

443 952 613 997 legationis
633 951 877 986 consistentium
903 950 1048 994 (etiamsi
1074 947 1183 983 saecri-

442 1007 522 1041 laria
547 1006 739 1049 dignitates,
768 1005 998 1045 canonicatus,
1033 1009 1063 1037 et
1089 1014 1183 1048 prae-

442 1061 590 1100 bendae,
618 1064 829 1104 personatus,
864 1057 1180 1098 administrationes,

442 1114 490 1147 vel
512 1113 617 1147 officia
638 1113 669 1145 in
690 1111 928 1146 cathedralibus
949 1111 1045 1144 etiam
1064 1116 1184 1143 metro-

443 1166 606 1212 politanis,
631 1166 676 1199 vel
704 1164 881 1208 collegiatis
902 1164 1056 1205 ecclesiis,
1085 1170 1115 1197 et
1139 1163 1186 1196 di-

444 1220 582 1264 gnitates
596 1219 683 1264 ipsae
701 1218 733 1252 in
751 1218 990 1252 cathedralibus
1005 1218 1100 1251 etiam
1120 1227 1184 1250 me-

447 1275 647 1320 tropolitanis
664 1280 737 1318 post
753 1273 954 1318 pontificales
971 1273 1121 1312 maiores,
1138 1272 1184 1305 vel

445 1328 623 1371 collegiatis
648 1327 790 1361 ecclesiis
810 1326 998 1360 huiusmodi
1018 1325 1183 1370 principa-

445 1384 501 1424 les,
525 1388 580 1416 aut
603 1381 804 1426 parochiales
821 1381 986 1420 ecclesiae,
1009 1380 1057 1413 vel
1077 1390 1185 1413 earum

445 1441 620 1480 perpetuae
640 1434 796 1470 vicariae;
820 1433 981 1476 regularia
1000 1443 1074 1466 vero
1095 1433 1189 1467 bene-

447 1489 520 1524 ficia
537 1488 724 1522 huiusmodi
741 1487 914 1532 prioratus,
936 1487 1030 1520 etiam
1050 1497 1188 1520 conven-

448 1544 549 1578 tuales
570 1549 600 1576 et
620 1542 753 1583 electivi‚
778 1541 1033 1586 praepositurae,
1051 1551 1188 1584 praepo-

447 1597 576 1637 stratus,
611 1596 800 1638 dignitates,
835 1599 1045 1638 personatus,
1080 1593 1185 1626 admi-

447 1650 674 1690 nistrationes,
702 1654 733 1682 ct
752 1648 869 1689 officia,
899 1647 994 1681 etiam
1024 1652 1133 1680 curata
1159 1652 1189 1679 et

448 1704 601 1744 electiva,
629 1708 684 1736 aut
709 1703 747 1736 de
773 1702 841 1735 iure
872 1707 1061 1745 patronatus
1085 1701 1186 1734 laico-

448 1769 519 1792 rum
535 1786 542 1799 ,
580 1758 628 1791 vel
664 1766 776 1790 eorum
812 1754 865 1789 et²
897 1755 1188 1789 ecelesiasticorum

449 1811 594 1852 mixtim,
622 1815 652 1843 et
676 1809 753 1842 alias
778 1809 1057 1853 qualitercumque
1081 1807 1188 1851 quali--

448 1864 554 1904 ficata,
583 1873 620 1896 ac
640 1863 736 1896 etiam
761 1860 963 1906 dispositioni
995 1860 1191 1904 apostolicae

449 1917 632 1962 specialiter
659 1917 707 1949 vel
738 1915 932 1959 generaliter
955 1920 1116 1948 reservata
1144 1915 1191 1947 vel

449 1971 572 2013 affecta,
585 1975 615 2004 et
632 1970 865 2013 cuiuscumque
878 1969 977 2003 annui
990 1968 1109 2001 valoris
1123 1967 1193 2000 illo·

449 2035 521 2058 rum
544 2025 678 2064 fructus,
702 2023 848 2057 redditus
879 2028 910 2056 et
928 2027 1102 2066 proventus
1124 2021 1192 2054 sue—

449 2078 536 2121 rint)
558 2077 759 2122 simpliciter,
774 2076 823 2110 vel
849 2086 885 2110 ex
910 2077 1003 2109 causa
1029 2080 1194 2119 permuta-

452 2131 559 2172 tionis,
587 2142 623 2165 ac
644 2130 804 2164 cessiones
824 2130 1107 2169 commendatum,
1134 2139 1194 2163 nee

451 2195 516 2218 non
537 2184 612 2225 litis,
633 2190 663 2217 et
684 2194 798 2217 causae
815 2183 1060 2223 beneficiorum,
1080 2188 1142 2215 tam
1162 2181 1193 2214 in

451 2239 536 2273 dicta
560 2238 665 2279 Curia,
697 2247 792 2281 quam
825 2242 912 2270 extra
936 2247 1004 2270 eam
1032 2236 1190 2279 litigioso-

451 2303 520 2326 rum
537 2319 544 2333 ,
573 2302 609 2325 ac
638 2290 758 2324 iurium
789 2299 1082 2334 quorumcumque,
1106 2289 1192 2322 reci-

451 2345 560 2390 piendi
575 2350 606 2378 et
618 2343 820 2383 admittendi,
839 2353 949 2376 causas
963 2343 1101 2386 desuper
1116 2351 1194 2386 pen-

452 2398 586 2438 dentes,
620 2397 727 2441 quoad
758 2396 843 2439 ipsos
868 2395 1017 2428 cedentes
1042 2399 1190 2433 tantum,

452 2451 619 2492 avocandi,
640 2451 776 2494 litesque
795 2448 981 2482 huiusmodi
999 2448 1127 2492 penitus
1144 2457 1195 2481 ex-

453 2549 527 2576 quae
546 2540 579 2568 cle
598 2540 664 2568 inre
682 2539 796 2574 fuerint
817 2537 1001 2572 iniungendae
1024 2537 1195 2564 absolvendo

465 2591 491 2612 n.
508 2592 532 2611 τ,
551 2606 556 2611 .

452 2586 463 2620 (
488 2629 502 2655 ‘l
516 2584 694 2662 stibintellige
704 2626 866 2662 recipiendi
876 2628 900 2654 et
910 2625 1087 2654 admittendi
1097 2625 1135 2659 (a.
1146 2624 1194 2659 τ.).

490 2673 506 2700 2
525 2672 695 2701 Particulam
706 2674 732 2700 et
742 2670 944 2708 adiungendam
955 2669 1084 2697 duximus
1097 2671 1134 2703 (n.
1146 2669 1195 2705 T.).

1215 365 1409 409 perationes,
1430 376 1465 399 ex
1487 365 1589 399 causis
1607 376 1689 409 quae
1706 366 1762 398 tibi
1788 366 1888 399 iustae
1907 365 1951 398 vi·

1215 417 1387 458 debuntur‚
1403 418 1607 458 dissolvendi,
1621 418 1769 461 dictaque
1779 417 1948 458 beneficia,

1215 475 1278 503 tam
1304 470 1493 514 simpliciter
1517 480 1613 514 quam
1639 480 1675 503 ex
1701 470 1796 503 causa
1820 479 1951 513 permu-

1215 523 1344 557 tationis
1360 523 1532 567 resignata‚
1548 534 1606 568 per
1620 522 1881 566 resignationem,
1897 532 1953 556 seu

1215 577 1458 610 dissolutionem
1472 577 1669 617 huiusmodi,
1681 586 1718 610 ae
1730 581 1954 620 quaecumque

1216 630 1277 663 alia
1294 641 1352 674 per
1371 630 1506 671 obitum,
1530 636 1584 664 aut
1608 630 1685 663 alias
1705 628 1869 673 quibusvis
1886 638 1954 661 mo-

1216 683 1275 725 dis,
1299 689 1329 717 et
1350 694 1385 717 ex
1406 694 1687 728 quorumcumque
1705 682 1850 727 personis
1866 686 1955 715 extra

1217 736 1334 770 dietam
1357 737 1483 770 Curiam
1504 736 1586 769 intra
1612 736 1729 770 limites
1750 735 1854 769 dictae
1870 735 1955 777 lega-

1217 789 1324 831 tionis,
1349 790 1413 824 sive
1432 789 1628 834 provinciae,
1651 795 1681 823 et
1705 789 1851 822 locorum
1873 787 1956 820 eius-

1218 843 1313 883 dem,
1344 843 1383 876 ad
1415 853 1498 887 quae
1529 843 1636 876 eundo
1669 848 1699 876 et
1729 841 1896 876 redeundo
1924 846 1957 875 te

1217 895 1379 929 declinare
1396 896 1578 938 eontigerit,
1602 895 1745 928 vacantia
1765 894 1957 938 (dummodo

1219 948 1284 990 illa,
1306 959 1388 993 quae
1408 959 1466 993 per
1479 949 1602 982 obitum
1620 948 1814 990 vacaverint,
1832 947 1958 981 ratione

1218 1002 1443 1036 familiaritatis
1463 1002 1646 1043 continuae,
1675 1001 1958 1036 commensalitatis

1219 1061 1359 1096 nostrae,
1383 1066 1439 1089 seu
1463 1055 1598 1089 alicuius
1617 1055 1790 1089 cardinalis
1815 1054 1959 1096 viventis,

1220 1108 1403 1152 praedictae
1428 1109 1630 1153 dispositioni
1651 1114 1811 1142 reservata
1841 1109 1890 1142 vel
1906 1108 1955 1141 af-

1220 1163 1300 1196 fecta
1327 1172 1391 1196 non
1417 1163 1552 1206 fuerint)
1576 1162 1722 1206 personis
1754 1161 1898 1204 idoneis,
1921 1172 1960 1195 ac

1221 1216 1316 1249 ctiam
1343 1218 1424 1260 (pro
1450 1216 1655 1250 ecclesiarum
1678 1222 1708 1250 et
1731 1216 1876 1249 locorum
1897 1226 1956 1248 ne-

1221 1271 1366 1305 cessitate
1400 1277 1429 1305 et
1463 1271 1599 1305 utilitate
1635 1272 1961 1316 presbyterorumque

1221 1326 1434 1359 saecularium
1460 1326 1638 1369 proborum
1657 1332 1688 1359 et
1708 1326 1885 1370 peritorum
1906 1337 1961 1370 pe-

1222 1381 1335 1422 nuria)
1361 1380 1561 1424 parochiales
1591 1380 1740 1414 ecelesias
1771 1381 1818 1413 vel
1851 1390 1960 1413 earum

1223 1439 1396 1477 perpetuas
1435 1433 1569 1467 vicarias
1604 1433 1769 1477 quibusvis
1809 1433 1963 1467 fratribus

1223 1487 1470 1520 Mendicantium
1492 1486 1648 1521 Ordinum
1668 1486 1902 1530 professoribus
1922 1486 1962 1519 ad

1225 1541 1447 1574 instruendum
1479 1540 1589 1584 plebes
1614 1546 1644 1574 et
1669 1539 1854 1573 huiusmodi
1886 1549 1981 1580 mu·-

1224 1604 1301 1626 nera
1322 1593 1446 1627 idoneis
1463 1593 1660 1636 conferendi,
1679 1598 1710 1626 et
1730 1593 1769 1627 de
1787 1593 1849 1626 illis
1866 1592 1962 1626 etiam

1224 1646 1435 1690 providendi;
1469 1657 1506 1680 ac
1530 1657 1602 1680 eum
1629 1646 1748 1680 eisdem
1774 1646 1964 1690 professori-

1225 1699 1283 1732 bus
1298 1726 1305 1739 ,
1329 1705 1364 1733 ut
1385 1699 1485 1733 dictas
1506 1699 1709 1743 parochiales
1734 1698 1884 1732 eeclesias
1907 1709 1964 1732 seu

1225 1751 1358 1784 vicarias
1396 1750 1541 1794 recipere
1576 1756 1607 1783 et
1643 1750 1783 1783 retinere
1815 1749 1962 1794 possint,

1226 1803 1454 1848 dispensandi3
1488 1803 1692 1838 monasteriis
1718 1809 1780 1836 tam
1806 1796 1962 1843 virorum,

1226 1867 1322 1901 quam
1352 1857 1524 1890 mulierum
1552 1857 1707 1891 Ordinum
1733 1866 1965 1901 quorumcum-

1227 1921 1290 1954 que
1307 1911 1474 1955 legationis
1491 1911 1675 1955 praedictae
1689 1911 1841 1954 (quorum
1859 1915 1966 1943 tamen

1227 1963 1389 1998 virorum¹
1412 1965 1545 2006 fruetus,
1567 1963 1724 2004 redditus,
1745 1968 1775 1997 et
1792 1967 1967 2007 proventus

1228 2019 1441 2052 ducentorum
1459 2018 1659 2052 florenorum
1674 2016 1743 2051 auri
1761 2017 1801 2051 de
1820 2016 1964 2058 Camers,

1227 2072 1406 2106 secundum
1443 2081 1649 2105 communem
1685 2070 1963 2111 aestimationem,

1228 2127 1368 2159 valorem
1389 2135 1532 2159 annuum
1552 2135 1618 2158 non
1639 2124 1805 2167 excedant)
1824 2133 1911 2157 nune
1938 2128 1969 2157 et

1228 2190 1287 2224 pro
1314 2185 1460 2223 tempore
1491 2178 1697 2219 vacantibus,
1722 2178 1761 2211 de
1785 2177 1965 2218 abbatibus,

1230 2239 1259 2266 et
1287 2232 1466 2273 abbatissis,
1493 2243 1550 2266 seu
1581 2231 1732 2276 praelatis
1756 2230 1966 2275 providendi;

1229 2296 1285 2320 sen
1312 2286 1519 2326 monasteria,
1547 2291 1577 2318 et
1602 2285 1663 2318 alia
1687 2284 1847 2327 regularia
1872 2283 1971 2317 bene-

1231 2340 1303 2374 ficia
1329 2339 1515 2373 huiusmodi
1540 2337 1763 2372 commendari
1789 2337 1894 2377 solita,
1920 2337 1968 2370 vel

1229 2395 1340 2427 saltem
1362 2392 1563 2427 commendis
1587 2392 1626 2425 de
1651 2391 1713 2425 illis
1740 2395 1834 2424 antea
1858 2391 1898 2424 ad
1917 2390 1966 2423 vi-

1231 2453 1294 2480 tam
1312 2447 1402 2480 factis
1419 2451 1495 2479 tunc
1515 2444 1713 2479 cessantibus
1726 2443 1881 2484 vacantia,
1901 2453 1970 2487 per-

1230 2500 1317 2533 sonis
1326 2498 1546 2533 saecularibus
1555 2508 1614 2542 per
1627 2507 1690 2538 eas,
1707 2496 1815 2541 quoad
1826 2495 1971 2536 vixerint,

1231 2553 1278 2586 vel
1298 2553 1338 2587 ad
1360 2558 1497 2597 tempus,
1521 2551 1670 2592 tenenda,
1693 2549 1834 2593 regenda
1858 2555 1890 2584 et
1912 2559 1970 2593 gu-

1267 2625 1276 2651 1
1294 2624 1477 2651 Vehementer
1490 2622 1617 2658 suspicor
1630 2629 1686 2649 non
1696 2629 1757 2648 esse
1766 2620 1915 2655 legendum
1928 2619 1971 2648 vi-

1229 2676 1340 2704 rorum,
1356 2668 1415 2704 sed,
1436 2667 1502 2703 quid
1521 2666 1697 2701 substituam,
1717 2665 1810 2693 nescio
1824 2664 1865 2701 (R.
1881 2664 1931 2699 T.).

1963 264 2013 291 An.
2034 264 2063 291 c.
2080 264 2149 292 1608
2177 240 2189 261 ⁷
