2227 3241
56 254 61 259 .
106 230 155 257 An.
172 230 201 256 C.
220 229 286 256 1607

944 229 1065 254 PAULUS
1086 230 1104 253 V
1125 231 1175 254 Pr.

305 277 466 320 gnationis
486 283 613 311 nostrae
631 286 757 311 necnon
778 277 866 310 mille
882 282 1046 311 scutorum

306 331 412 375 quoad
430 331 623 373 saeculares,
643 342 707 375 quo
730 341 804 365 vero
822 331 861 365 ad
885 331 1048 374 regulares

305 396 459 428 personas
483 385 668 419 huiusmodi
694 395 976 429 quorumcumque
994 385 1045 418 os-

304 437 452 472 ficiorum
465 450 500 472 ac
511 439 716 481 dignitatum,
730 439 825 472 etiam
837 438 1048 481 generalium,

304 503 386 535 quae
411 492 568 533 obtinent,
592 491 780 536 privationis
798 503 834 525 ac
854 492 1048 535 incapacita-

305 544 344 578 tis
368 544 409 578 ad
430 545 484 578 illa
509 551 539 578 et
564 545 626 578 alia
655 545 772 577 similia
802 545 849 577 vel
880 545 1047 578 dissimilia

304 597 516 642 imposterum
550 598 747 639 obtinenda,
772 610 836 642 quo
871 605 979 632 autem
1008 600 1046 632 ad

302 651 416 685 fratres
436 651 604 695 hospitalis
621 652 722 685 sancti
743 652 871 685 Ioannis
891 652 1046 685 Hieroso-

302 704 447 748 lyinitani
468 705 664 746 huiusmodi,
678 706 815 739 aliorum
835 705 923 739 mille
944 712 1049 740 scuto-

302 768 387 800 rum,
411 764 442 792 et
459 759 491 792 in
511 759 691 793 subsidium
710 760 817 804 quoad
836 770 891 793 eos
907 760 962 804 qui
983 771 1047 793 non

303 811 468 846 habentia
485 823 569 854 aere,
591 813 675 846 exilii
690 823 707 846 a
727 819 792 847 toto
807 824 907 856 regno
921 813 1047 848 Siciliae

303 866 388 899 ultra
408 866 549 900 Pharum
571 867 739 910 praedicto
759 867 872 911 poenis
897 878 955 911 per
972 878 1048 901 con-

304 920 520 953 travenientes
541 920 747 954 incurrendis
773 921 916 954 districte
936 921 1047 965 prohi-

302 973 432 1007 buimus
451 980 479 1007 et
502 973 715 1012 inhibuimus,
728 985 768 1007 ne
786 974 844 1018 ipsi
867 980 1044 1008 auteorum

302 1026 402 1070 aliqui
424 1027 463 1060 de
484 1033 611 1061 caetero
626 1027 738 1071 quovis
756 1028 901 1073 quaesito
923 1029 1043 1069 colore,

302 1086 469 1124 praetextu
491 1081 537 1114 vel
559 1081 689 1124 ingenio
718 1081 834 1122 boves,
859 1092 980 1122 vaccas,
1003 1082 1047 1115 vi-

304 1134 387 1168 tulos
413 1140 469 1168 aut
498 1135 649 1168 animalia
681 1135 868 1169 huiusmodi
894 1146 1045 1179 agrorum

303 1188 448 1222 culturae
462 1188 667 1222 inservientia
684 1195 825 1222 mactare
839 1200 895 1223 seu
914 1190 1046 1223 mactari

303 1241 419 1283 tacere,
440 1242 488 1275 vel
502 1242 580 1276 alias
596 1242 810 1276 mactantibus
830 1243 983 1276 auxilium
998 1243 1044 1277 vel

304 1295 445 1329 savorem
473 1297 597 1330 occulte
619 1297 666 1330 vel
692 1297 832 1341 publice,
857 1297 978 1330 directe
1000 1297 1046 1330 vel

303 1349 469 1390 indirecte,
499 1351 574 1383 dare
600 1351 757 1384 auderent
773 1361 828 1384 seu
855 1361 1042 1395 praesume-

304 1409 386 1444 rent,
410 1414 446 1436 ac
468 1404 704 1438 venerabilibus
722 1404 871 1437 fratribus
889 1404 1046 1447 archiepi-

301 1457 407 1500 scopis
427 1457 657 1491 Panormitano
679 1464 709 1491 et
736 1459 927 1492 lllessanensi
958 1469 1047 1491 man-

301 1509 457 1551 davimus,
479 1517 513 1544 ut
529 1511 600 1555 ipsi,
622 1512 667 1545 vel
688 1511 824 1555 quilibet
845 1521 968 1552 corun-i,
989 1523 1047 1555 per

300 1574 345 1604 se,
370 1564 415 1597 vel
434 1564 545 1606 alium,
565 1575 620 1598 seu
634 1565 714 1598 alios
729 1565 927 1606 indignitate
945 1565 1046 1598 eecle-

300 1617 425 1650 siastira
447 1618 637 1652 constitutos
663 1618 791 1651 easdem
815 1618 937 1651 litteras
957 1625 988 1651 et
1014 1618 1043 1651 in

301 1670 347 1703 eis
361 1676 513 1704 contenta
526 1682 751 1715 quaecumque
770 1671 927 1715 publicari
942 1677 970 1704 et
984 1671 1043 1705 sub

301 1724 475 1768 praedictis
501 1732 532 1758 et
557 1725 626 1758 aliis
658 1725 717 1758 sibi
749 1724 906 1758 benevisis
933 1725 1046 1769 poenis

300 1789 359 1822 per
375 1789 597 1823 quoscumque
611 1779 778 1821 antistites,
795 1780 967 1823 praelato&
980 1785 1043 1812 tam

300 1833 482 1866 saeculares
499 1843 595 1877 quam
613 1833 787 1876 regulares,
812 1833 962 1877 capitula,
983 1833 1046 1867 cle-

300 1886 397 1928 ricos,
422 1887 546 1928 fratres,
571 1887 689 1920 milites
707 1893 738 1920 et
758 1897 911 1931 personas
931 1887 1046 1930 quasli-

301 1939 365 1981 bet,
386 1940 592 1984 quantumvis
605 1946 781 1985 exemptas,
798 1941 949 1974 omnibus
967 1941 1045 1973 iuris

301 1998 332 2026 et
352 1993 423 2027 sacti
445 1994 607 2035 remediis,
631 1994 776 2028 invocato
796 1994 890 2027 ctiam
913 1994 1045 2027 brachio

300 2048 468 2089 saeculari,
492 2049 581 2081 omni
604 2051 705 2089 mora,
728 2048 881 2081 dilatione
901 2054 931 2081 ct
951 2059 1044 2081 exec-

300 2101 411 2144 ptione
433 2101 577 2142 remotis,
595 2102 747 2142 facerent,
768 2102 993 2145 praeciperent
1014 2108 1045 2134 et

301 2155 492 2188 mandarent
513 2155 741 2189 inviolabiliter
761 2155 940 2188 observari:
966 2162 1044 2189 con-

302 2208 490 2242 tradictores
508 2209 668 2251 quoslibet
683 2214 713 2242 et
728 2209 864 2241 rebelles
883 2219 939 2252 per
953 2220 1044 2252 prae-

301 2260 412 2302 dictas,
429 2272 484 2295 seu
503 2262 581 2295 alias
602 2262 646 2295 cis
664 2262 841 2302 bencvisas,
858 2262 953 2294 ctiam
973 2272 1043 2295 cor-

301 2315 388 2358 poris
413 2315 589 2355 asllictivas,
618 2315 697 2348 citra
723 2322 829 2348 tamen
855 2316 1040 2357 sanguinis,

302 2378 422 2412 poenas
440 2379 476 2402 ac
497 2379 650 2402 censuras
668 2369 910 2409 ecclesiasticas,
934 2374 1044 2403 aucto-

303 2422 398 2456 ritate
427 2424 558 2463 nostra,
595 2422 810 2467 appellatione
843 2423 1040 2466 postposita,

303 2477 550 2520 compescendo,
571 2482 668 2520 prout
685 2476 716 2508 in
738 2476 910 2519 praedictis
932 2476 1043 2509 litteris

303 2529 454 2573 <quacum
482 2536 625 2563 tenorem
652 2530 876 2573 praesentibus
901 2541 959 2574 pro
985 2541 1040 2563 cx-

303 2593 413 2626 presso
442 2583 553 2617 haberi
587 2584 753 2625 volumus)
778 2583 904 2626 plenius
936 2585 1040 2617 renti-

304 2641 410 2669 netur.

1127 280 1143 320 g
1165 278 1194 311 2.
1216 278 1299 318 Quas
1320 278 1451 323 quidem
1477 278 1601 313 litteras
1625 284 1751 313 nostras
1778 279 1825 312 in-

1084 331 1286 372 violabiliter,
1308 338 1341 365 ut
1362 343 1420 376 par
1438 338 1493 374 est,
1514 333 1676 366 observari
1698 333 1827 377 cupien-

1084 390 1140 425 tes,
1165 385 1284 418 eisdem
1311 386 1353 418 ibi
1380 387 1537 431 expressis
1557 387 1660 421 causis
1681 387 1823 428 adducti,

1083 448 1119 470 ac
1136 439 1426 482 supplicationibus
1448 441 1591 474 eiusdem
1612 441 1751 485 Philippi
1779 451 1827 474 re-

1083 490 1130 532 gis
1151 492 1281 525 nonime
1304 493 1419 526 iteruin
1441 494 1534 527 nobis
1559 505 1656 538 super
1680 494 1742 527 hoe.
1767 494 1827 527 hu-

1084 544 1204 578 militer
1234 547 1391 589 porrectis
1423 547 1590 589 inclinati,
1619 548 1771 581 omnibus
1797 554 1827 581 et

1083 597 1217 640 singulis
1248 600 1394 642 personis
1420 601 1645 634 ecclesiasticis
1678 601 1708 634 in
1741 601 1826 634 dicto

1084 662 1183 693 regno
1201 652 1326 686 Siciliae
1348 654 1430 687 ultra
1451 654 1590 687 Pharum
1613 654 1827 688 existentibus

1083 705 1298 748 (patriarchis,
1324 707 1576 752 archiepiscopis
1605 714 1636 741 et
1664 708 1824 752 episcopis

1083 759 1235 803 exceptis)
1254 760 1364 800 boum,
1387 772 1569 801 vaccarum,
1597 762 1771 795 vitulorum
1794 767 1826 795 et

1082 812 1218 846 aliorum
1234 814 1420 846 animalium
1435 815 1694 858 supradictorum
1711 821 1827 849 maeta-

1083 866 1203 900 tionem
1233 867 1293 900 sub
1326 868 1668 902 excommunicationis
1700 872 1822 913 poena;

1083 920 1272 964 patriarchis
1294 932 1367 954 vcro
1389 922 1640 966 archiepiscopis
1659 929 1685 956 et
1703 923 1825 967 episco⁴

1082 974 1129 1017 pis
1154 974 1213 1007 sub
1238 977 1341 1018 poenal
1369 975 1589 1019 suspensionis
1614 976 1653 1008 ab
1680 976 1824 1019 ingressu

1082 1028 1235 1061 ecclcsiae
1261 1029 1300 1061 ad
1319 1028 1558 1072 beneplacitum
1581 1035 1726 1062 nostrum
1756 1031 1824 1074 ipso

1082 1081 1163 1114 sacto
1185 1081 1388 1114 incurrendis
1415 1082 1513 1125 <ultra
1540 1082 1616 1116 alias
1644 1093 1765 1126 poenas
1793 1083 1823 1115 in

1081 1134 1174 1168 dictis
1200 1135 1317 1168 nostris
1350 1135 1464 1168 litteris
1494 1136 1682 1179 contentas>
1713 1142 1823 1170 tenore

1082 1189 1298 1231 praesentium
1319 1188 1540 1222 interdicimus
1554 1195 1585 1223 et
1598 1190 1819 1233 prohibemus.

1126 1243 1142 1283 g
1163 1241 1193 1275 3.
1218 1243 1286 1276 Non
1313 1243 1515 1277 obstantibus
1540 1244 1823 1278 constitutionibus

1081 1300 1111 1327 et
1131 1296 1390 1330 ordinationibus
1407 1297 1602 1340 apostolicis,
1620 1309 1656 1331 ac
1671 1298 1822 1331 omnibus

1082 1348 1153 1390 illis,
1177 1360 1259 1393 quac
1278 1349 1308 1382 in
1330 1350 1502 1394 praedictis
1528 1351 1642 1385 litteris
1663 1351 1823 1385 voluimus

1082 1412 1144 1434 non
1170 1402 1307 1445 obstare,
1327 1404 1526 1447 eaeterisque
1552 1404 1724 1438 contrariis
1750 1405 1821 1448 qui-

1082 1455 1292 1500 buscumque.

1124 1509 1237 1542 Datum
1253 1511 1372 1543 Romae
1391 1511 1476 1555 apud
1498 1517 1643 1545 sanctum
1666 1512 1818 1551 Marcum,

1080 1563 1138 1595 sub
1171 1564 1291 1596 tinnulo
1318 1564 1498 1605 l'iseatoris,
1530 1566 1581 1598 die
1613 1577 1664 1599 xxt
1695 1566 1820 1608 augusti

1081 1626 1189 1649 nnevtt
1208 1644 1213 1656 ,
1237 1617 1442 1660 pontificatus
1456 1619 1556 1651 nostri
1576 1629 1660 1652 anno
1683 1629 1729 1652 111.

1118 1679 1174 1705 bat.
1198 1679 1241 1705 die
1261 1680 1291 1705 21
1315 1681 1419 1715 augusti
1445 1681 1521 1715 1607,
1543 1681 1637 1716 pontis.
1660 1690 1702 1708 an.
1722 1688 1759 1708 111.

1376 1867 1519 1901 LXXXll.

1080 1991 1264 2024 Declaralio
1289 1996 1317 2024 e!
1342 1992 1546 2035 confirmatio
1568 1993 1740 2037 privilesyii
1760 1995 1823 2036 sori

1122 2056 1181 2089 pro
1200 2046 1416 2089 Regwlaribus
1438 2047 1525 2079 intra
1543 2047 1686 2080 claustra
1705 2048 1821 2091 ‹leyen-

1126 2099 1210 2131 Iib'us
1225 2099 1242 2131 “.

1316 2173 1427 2208 Paulus
1451 2182 1529 2215 Papa
1553 2182 1585 2213 V,

1227 2234 1263 2260 ad
1284 2234 1416 2261 futuram
1435 2235 1480 2262 rei
1500 2235 1680 2262 memoriam.

1124 2314 1356 2356 Religiosorutn
1377 2315 1435 2347 sub
1453 2315 1538 2347 suavi
1562 2315 1724 2357 religionis
1747 2315 1820 2358 iugo

1079 2367 1240 2401 Altissinio
1263 2368 1485 2401 l'anutlantiuin
1509 2368 1607 2412 quieti
1636 2369 1820 2412 prospicere

1079 2421 1255 2465 cupientes,
1276 2432 1358 2465 quac
1373 2422 1458 2454 illam
1481 2431 1612 2465 quoquo
1632 2422 1728 2454 inodo
1749 2432 1820 2465 per-

1116 2513 1124 2538 l
1150 2511 1186 2539 De
1207 2512 1388 2547 Regularibus
1408 2516 1480 2539 extra
1502 2512 1617 2539 claustra
1640 2511 1821 2547 delinquenti-

1079 2556 1128 2583 bus
1141 2557 1293 2592 puniendis,
1304 2557 1426 2584 Clemens
1438 2557 1494 2583 vttt
1507 2557 1591 2584 edidit
1602 2557 1714 2583 Constit.
1727 2564 1819 2590 cxvnt,

1078 2602 1207 2636 Susceptt
1231 2603 1362 2630 muneris
1385 2603 1461 2631 raclio
1477 2603 1521 2636 (in
1547 2603 1573 2629 h.
1599 2611 1624 2629 n.
1650 2602 1715 2629 edit.
1732 2609 1819 2636 cxxiv,

1079 2650 1142 2674 tom.
1160 2655 1173 2672 x
1190 2655 1251 2682 pag.
1267 2647 1340 2681 ⁹249).

1719 220 1784 255 435
1831 231 1881 258 An.
1904 230 2016 259 C.1607

1868 292 1949 312 Poenas
1965 292 2026 312 addit

1840 319 1962 344 spirituales
1977 324 2026 338 ‹ton-

1842 349 1873 366 tra
1897 347 2027 366 certesiasti—

1842 379 1885 394 (ηις,
1903 376 1945 393 etr..
1964 376 1985 393 nt
2007 380 2025 393 in

1842 401 1936 420 rnhriru,

1868 1255 1958 1280 Derupyit
1975 1262 2023 1275 ron>

1839 1284 1877 1303 {tau
1885 1288 1917 1302 ns.

1864 2326 1983 2347 lixas-huin.
