2227 3241
49 222 100 251 An.
116 222 144 250 C.
168 221 236 250 ¹⁶03

50 445 234 494 1111310011
385 484 391 490 .
442 484 448 489 .
627 494 635 501 ³
817 483 823 488 ,
915 484 921 489 ,

49 500 234 552 {¹:3¹¹²'⁸m‘³0⁶11⁵i{¹rii‡
250 484 513 519 contentionibus
537 494 628 528 supe1
667 483 767 516 modo
796 483 922 516 vivendi
953 494 991 517 ex

49 552 174 574 rosor-matis.

79 1139 103 1160 Et
119 1139 192 1166 111-0115
202 1143 234 1159 se-

68 1168 141 1195 nentes
164 1165 235 1187 condit

71 1195 225 1214 onsutuuones.

867 220 1015 245 CLEMENS
1032 221 1090 245 vni
1107 221 1158 245 PP.

248 269 368 304 nostris
381 269 565 304 Occidentis
577 269 765 312 regionibus
783 274 813 302 et
828 268 990 302 Ecclesiae

249 322 538 357 latinae-moribus
570 321 733 365 congruit)
759 327 987 366 contempera-

248 376 363 417 vimus,
392 376 579 410 reduximus
604 381 635 409 et
660 375 919 415 emendavi1nus;

294 432 310 473 ς
335 430 388 464 12.
416 431 452 464 Et
477 430 510 463 in
534 430 660 474 primis,
687 436 723 463 ut
747 430 876 463 tandem
897 430 990 464 dictis

248 538 434 583 supradicta
458 538 579 572 unione
604 537 741 571 0101115ί
767 536 865 570 11110111
887 537 990 581 impo-

248 603 374 634 namus,
403 592 488 626 dieta
508 592 573 625 duo
594 590 791 624 monasteria
810 590 912 624 saneti
932 591 991 624 Ba-

247 646 311 680 silii
337 645 438 680 eremi
457 645 509 679 del
533 645 680 685 Tardon‚
709 654 745 677 ac
766 644 863 678 etiam
887 645 989 678 saneti

247 699 379 733 Antonii
403 698 499 732 Vallis
524 698 562 731 de
587 697 800 740 Galliguillos,
829 708 846 730 a
869 708 987 742 supra-

247 753 333 786 dicto
357 752 518 786 Matthaeo
544 761 617 785 cum
645 750 699 784 tali
724 751 763 785 de
789 750 901 785 labore
921 762 990 784 ma·

247 816 347 839 nuum
380 805 543 847 instituto,
581 811 611 838 et
636 815 709 838 cum
735 804 860 845 multis,
889 804 990 838 immo

247 859 314 893 fere
339 858 490 892 omnibus
508 857 675 892 monacbis
693 857 792 895 laicis,
818 857 904 890 iuxta
924 857 990 901 pri-

248 923 395 946 maevum
409 911 509 946 sancti
524 911 630 946 Basilii
644 904 838 953 institutum,
848 911 989 954 fundata,

248 966 279 999 in
299 964 513 999 monasteria³
531 965 782 1007 reformationis,
795 970 825 998 et
838 975 942 1007 verae,
956 970 990 998 ut

248 1019 477 1063 praediximus,
504 1020 635 1062 regulae
669 1018 907 1052 observantiam
934 1019 990 1052 de-

249 1079 412 1117 putamus,
441 1072 666 1106 constituimus
687 1078 718 1106 et
742 1083 946 1117 separamus;

294 1128 310 1169 ξ
338 1125 389 1159 13.
425 1126 473 1159 Ad
504 1137 587 1170 quae
618 1136 651 1159 se
686 1126 844 1170 recipiant
879 1137 991 1160 omnes

251 1184 410 1223 quotquot
442 1179 475 1211 in
507 1179 592 1212 dicta
624 1178 790 1222 provincia
815 1179 990 1218 monachi,

251 1233 320 1266 zelo
343 1233 400 1266 Dei
425 1239 455 1266 et
479 1232 599 1277 Spiritu
624 1233 742 1267 Sancto
767 1233 877 1274 ducti,
912 1233 992 1266 tanti

251 1286 455 1330 patriarchae
489 1292 662 1330 praecepta
687 1293 717 1320 et
742 1286 885 1320 instituta
911 1287 993 1320 desi-

253 1341 367 1373 derant
391 1340 575 1374 observare.
603 1340 689 1380 Quae
716 1341 802 1374 iuxta
821 1347 993 1384 sequentes

251 1392 497 1426 constitutiones
511 1393 659 1426 iubemus
677 1392 708 1426 in
727 1393 878 1426 omnibus
892 1399 922 1427 et
934 1403 993 1437 per

250 1445 361 1479 omnia
383 1446 567 1490 practicari.

353 1552 597 1587 Constitutiones
622 1552 888 1595 Reformationis:

292 1660 494 1698 Sacrosancti
518 1660 650 1695 Concilii
674 1660 851 1695 Tridentini
874 1661 912 1694 de
933 1661 992 1694 Re-

249 1716 410 1760 gularium
435 1715 679 1749 Reformatione
703 1714 844 1757 vestigiis
874 1714 988 1748 inhae-

249 1775 368 1812 rentes,
392 1775 428 1803 ut
453 1768 604 1803 monaehi
629 1768 730 1802 saneti
750 1768 857 1802 Basilii
879 1769 918 1802 ad
939 1778 992 1802 re-

249 1825 370 1867 gulam,
397 1833 495 1867 quam
520 1822 654 1867 professi
678 1828 763 1863 sunt,
787 1822 884 1856 vitam
905 1822 993 1856 insti-

250 1883 341 1911 tuant
365 1883 395 1911 01
421 1883 637 1921 componant,
676 1882 772 1920 atque
798 1876 829 1909 in
855 1876 989 1920 primis,

249 1942 331 1975 quae
352 1931 392 1965 ad
411 1941 488 1964 suae
512 1930 722 1974 professionis
746 1930 988 1974 perfectionem,

249 1985 346 2018 veluti
372 1984 592 2024 obedientiae,
619 1983 818 2028 paupertatis
843 1989 873 2016 ct
898 1983 991 2016 casti-

251 2037 323 2070 tatis
354 2047 391 2071 ac
422 2037 483 2070 alia
514 2047 590 2070 suae
618 2036 794 2079 Religionis
814 2036 991 2080 peculiaria

249 2097 321 2124 vota
346 2096 376 2124 et
401 2096 589 2134 praecepta,
623 2100 749 2123 necnon
775 2090 814 2123 ad
840 2100 988 2123 commu-

250 2155 323 2178 nem
344 2144 454 2185 vitam,
481 2143 599 2176 victum
625 2149 656 2176 et
672 2143 832 2184 vestitum,
861 2154 992 2177 concer-

250 2199 359 2232 nentia
378 2197 516 2231 fideliter
534 2197 723 2238 observent,
753 2197 783 2230 in
802 2197 915 2242 primis
936 2199 991 2232 dc-

251 2252 411 2286 claramus
439 2251 503 2284 divi
530 2250 637 2284 Basilii
667 2250 848 2284 institutum
881 2262 992 2285 mona-

251 2304 342 2338 chale
367 2314 446 2345 esse,
476 2309 506 2337 et
530 2314 595 2337 non
627 2304 732 2337 solum
758 2315 829 2337 cum
857 2305 992 2339 caeteris

251 2358 283 2392 in
304 2357 406 2391 tribus
427 2357 691 2391 substantialibus
708 2357 789 2390 votis
807 2359 988 2400 convenire,

250 2412 305 2445 sed
331 2411 428 2445 etiam
446 2411 622 2456 peculiaria
641 2417 813 2455 praecepta
833 2422 923 2445 suam
945 2423 992 2446 es-

251 2466 385 2499 sentiam
411 2466 641 2499 concernentia
666 2466 824 2509 quaedam
852 2467 988 2505 liaberc;

251 2530 390 2564 quorum
415 2519 588 2564 praecipua
609 2520 673 2553 11110
691 2526 776 2557 sunt,
801 2520 936 2553 alterum
960 2520 990 2553 in

286 2591 299 2618 1
322 2590 393 2618 Edit.
411 2590 490 2618 Main.
508 2590 571 2618 hab.
588 2591 812 2626 0101103011).

286 2635 302 2662 2
321 2634 391 2662 Edit.
408 2634 487 2663 Main.
505 2643 560 2662 err.
578 2634 640 2661 hab.
658 2636 836 2663 monasterio
851 2640 888 2669 (11.
906 2636 954 2665 TA.

334 2689 414 2717 Bull.
435 2690 516 2718 Rom.
537 2705 570 2710 —
589 2689 648 2718 Vol.
670 2689 718 2717 XI.
899 2689 914 2715 (i

1025 268 1184 309 oratione,
1213 269 1350 302 alterum
1372 268 1404 301 in
1422 278 1578 302 manuum
1606 268 1771 302 laboribus

1025 321 1065 355 ad
1097 322 1280 355 necessaria
1316 322 1537 367 comparanda
1574 321 1771 362 exercitatio,

1025 375 1143 419 quibus
1168 375 1264 408 etiam
1290 375 1352 408 alia
1377 376 1537 409 accedunt
1562 375 1603 409 ad
1624 385 1794 409 commu--

1025 438 1099 461 nem
1124 428 1233 469 vitam⁷
1262 429 1382 462 victum
1408 435 1440 462 et
1465 429 1613 463 vestitum
1639 439 1772 463 concer-

1024 481 1148 515 nentia:
1174 482 1213 515 de
1239 492 1380 526 quorum
1406 482 1553 515 omnium
1575 489 1607 516 et
1625 482 1771 526 singulo·

1026 546 1097 569 rum
1123 536 1355 569 reformatione
1382 537 1544 579 agendum
1571 543 1627 571 est.

1330 643 1412 677 CAP.
1442 645 1463 677 l.

1224 724 1268 757 De
1299 726 1365 757 vica
1392 727 1567 758 communi.

1069 803 1229 842 Quoniam
1254 809 1361 837 autem
1394 803 1468 838 finis
1498 805 1662 849 praecepti
1690 806 1768 839 cha-

1026 856 1102 890 ritas
1127 862 1184 898 est‚
1207 857 1427 902 praecipimus
1441 864 1476 891 ut
1493 868 1606 892 omnes
1620 859 1771 893 monachi

1026 910 1057 943 in
1077 911 1239 955 praesenti
1267 911 1512 953 reformatione,
1537 912 1726 946 charitatem
1743 920 1770 947 et

1026 974 1233 998 communem
1255 964 1524 1009 consimilemque
1545 965 1641 999 vitam
1656 965 1689 999 in
1703 977 1773 1000 om-

1025 1017 1122 1051 nibus
1158 1018 1330 1051 observent
1355 1017 1442 1051 iuxta
1474 1019 1643 1061 regulam,
1674 1031 1771 1064 quam

1026 1071 1163 1116 professi
1172 1077 1255 1114 sunt,
1267 1078 1298 1106 et
1307 1071 1484 1106 monastica
1495 1073 1650 1114 instituta,
1665 1079 1729 1107 tam
1740 1074 1773 1108 in

1026 1125 1185 1167 oratione,
1203 1125 1305 1159 choro
1323 1131 1353 1159 et
1373 1125 1497 1167 labore,
1515 1136 1613 1170 quam
1632 1127 1664 1159 in
1678 1127 1769 1169 cibis,

1027 1179 1238 1220 vestimentis,
1250 1179 1486 1221 calceamentis,
1497 1185 1527 1213 01
1539 1180 1664 1224 reliqua
1678 1191 1773 1224 regu-

1027 1232 1104 1265 laris
1130 1232 1320 1277 disciplinae
1348 1233 1563 1267 observantia.
1592 1234 1772 1278 Unusquis-

1027 1296 1090 1329 que
1111 1291 1219 1319 tamen
1244 1286 1331 1319 iuxta
1351 1285 1494 1319 officium
1516 1292 1547 1320 et
1568 1287 1771 1322 vocationem

1026 1349 1130 1379 suam,
1155 1339 1187 1372 111
1213 1339 1362 1373 ordinem
1382 1339 1422 1373 ad
1442 1350 1541 1373 unam
1567 1341 1770 1375 consimilem

1026 1392 1360 1436 perfectissimamque
1375 1393 1642 1429 communitatem
1656 1401 1685 1428 et
1698 1395 1772 1428 clia-

1025 1451 1166 1478 ritatem.

1326 1526 1407 1559 CAP.
1434 1527 1469 1560 ll.

1159 1607 1205 1640 De
1230 1617 1366 1641 numero
1390 1608 1634 1642 monachorum.

1070 1714 1157 1754 Quae
1182 1713 1315 1758 quidem
1341 1714 1405 1748 vita
1422 1715 1606 1749 communis
1627 1721 1658 1749 et
1678 1727 1772 1759 regu-

1027 1767 1103 1801 laris
1135 1768 1340 1802 observantia
1370 1774 1405 1802 ut
1433 1769 1551 1802 rectius
1576 1775 1607 1803 et
1630 1769 1772 1804 strictius

1027 1822 1110 1856 inter
1135 1822 1255 1856 multos
1279 1823 1381 1867 possit
1406 1823 1587 1864 observari,
1621 1824 1772 1858 volumus

1026 1882 1062 1910 ut
1082 1869 1195 1910 omn‘es
1225 1882 1402 1910 conventus
1422 1887 1631 1911 numerosam
1657 1888 1771 1912 mona-

1027 1930 1162 1963 chorum
1181 1930 1423 1964 multitudinem
1443 1930 1564 1964 habere
1585 1938 1770 1975 procurent,

1026 1993 1086 2017 nee
1112 1984 1143 2016 in
1165 1994 1366 2028 unoquoque
1388 1984 1584 2018 monasterio
1602 1985 1708 2018 minor
1729 1986 1772 2018 vi-

1026 2037 1250 2081 gintiquatuor
1275 2037 1511 2071 monachorum
1536 2048 1692 2071 numerus
1717 2038 1772 2071 ba-

1026 2090 1094 2123 beri
1115 2090 1226 2134 possit.
1251 2090 1327 2125 Cum
1343 2097 1451 2124 autem
1472 2097 1619 2135 tempore
1634 2091 1697 2124 diri
1714 2092 1771 2125 Ba-

1026 2144 1089 2176 silii
1106 2144 1293 2189 paucissimi
1310 2144 1444 2178 fuissent
1456 2145 1652 2186 sacerdotes,
1670 2146 1771 2178 immo

1028 2199 1093 2231 sere
1114 2209 1228 2232 omnes
1253 2197 1325 2231 laici
1344 2198 1535 2239 exstiterint,
1556 2204 1689 2242 excepto
1710 2199 1769 2231 ab·

1026 2251 1101 2285 bate
1130 2251 1185 2295 qui
1214 2251 1310 2285 etiam
1338 2250 1514 2295 aliquando
1543 2250 1644 2284 laicus
1674 2250 1771 2284 fuisse

1026 2304 1200 2348 reperitur,
1222 2310 1252 2338 et
1269 2304 1313 2337 ita
1326 2314 1438 2337 omncs
1456 2303 1672 2337 communitor
1686 2304 1770 2347 psal-

1026 2358 1140 2399 lerent,
1161 2358 1248 2401 quod
1270 2357 1387 2391 nostris
1409 2356 1622 2401 temporibus,
1638 2362 1772 2400 propter

1027 2411 1185 2444 maiorem
1202 2411 1403 2454 intelligendi
1417 2421 1503 2443 nunc
1516 2410 1659 2450 latinam,
1672 2421 1769 2454 quam

1027 2472 1103 2498 tunc
1114 2475 1264 2507 graecam
1286 2465 1442 2507 linguam,
1456 2463 1690 2504 difficultatem,
1705 2474 1770 2496 ma-

1028 2519 1195 2562 ioremque
1222 2518 1320 2551 oflicii
1343 2517 1478 2551 llomani
1500 2517 1530 2549 in
1553 2517 1652 2549 clioro
1673 2518 1770 2561 proli-

1027 2572 1171 2613 xitatem,
1189 2572 1260 2605 ficri
1281 2582 1345 2605 non
1366 2577 1483 2615 potest,
1509 2571 1647 2604 mediam
1663 2577 1770 2605 ’01110-

1025 2626 1098 2660 stris
1125 2625 1327 2670 temporibus
1362 2624 1645 2668 congruentiorem
1672 2625 1766 2659 vitam

1693 211 1729 243 41
1781 222 1830 247 An.
1851 221 1880 247 c.
1905 220 1972 247 ¹603
