2227 3241
50 228 101 256 An.
117 226 146 254 C.
167 226 236 254 16¹0

111 663 231 683 Excomrnu-

47 690 129 711 nit-atos
163 689 232 709 absol-

17 719 31 722 ‘·
47 721 97 738 vere
147 721 232 742 praesu-

31 761 34 766 ,
47 744 128 791 ‘nentes
143 742 232 768 puniun-

58 775 88 790 ur.

61 1097 134 1125 Papae
149 1098 234 1119 absolu-

48 1125 78 1146 tiu
87 1131 127 1146 nnn
140 1130 234 1150 eompre-

49 1151 124 1174 ttondit
141 1157 182 1181 *eos
197 1151 234 1178 qui

49 1183 234 1205 apraemissisntn

51 1205 176 1229 destiterim,
190 1208 224 1225 etc.

125 2591 239 2617 Deruentio

887 226 1005 250 rAuLus

246 274 324 308 locis
343 274 415 319 piis,
432 284 559 308 necnon
579 273 679 315 laicis,
696 273 792 307 etiam
814 273 985 318 imperiali,

247 327 345 371 regali
364 333 395 362 et
411 327 474 361 alia
488 327 652 361 mundana
666 327 852 361 excellentia
866 327 989 371 fulgen-

249 381 344 423 tibus,
365 392 424 426 per
447 391 507 415 nos
531 386 562 415 et
586 381 704 415 dictam
730 381 858 421 Sedem,
881 391 918 414 ac
935 391 989 414 cu-

247 434 343 469 iusvis
357 434 486 468 concilii
501 434 642 475 decreta,
662 433 770 475 verbo,
792 433 915 475 litteris,
937 439 991 467 aut

248 488 310 521 alia
330 499 534 533 quacumque
559 486 736 532 scriptura,
759 487 791 520 in
817 497 935 530 genere
961 493 991 521 et

247 542 279 575 in
304 541 431 586 specie,
456 551 682 575 concessorum
708 546 738 575 et
764 541 988 574 innovatorum

249 605 285 629 ac
305 595 588 629 coneedendorum
607 600 638 628 et
658 594 928 628 innovandorum.

293 650 309 691 Ξ
331 647 383 682 023.
408 648 499 688 Quod
527 648 551 681 si
577 648 659 681 forte
683 647 783 692 aliqui
807 653 917 681 contra
944 653 990 681 te-

248 712 360 736 norem
374 701 591 746 praesentium
607 701 723 735 talibus
737 701 992 735 excommunica-

249 756 337 790 tione
353 760 385 789 et
402 755 606 789 anathemate
623 755 791 800 laqueatis,
811 755 859 788 vel
877 765 990 789 eorum

249 809 356 852 alicui,
374 809 586 844 absolutionis
599 809 793 843 beneficium
805 809 992 853 impendere

250 865 290 898 de
315 865 399 899 facto
423 863 711 908 praesumpserint,
735 873 789 897 eos
810 873 993 897 excommu-

249 918 418 952 nicationis
442 917 599 952 sententia
625 917 839 959 innodamus,
868 917 993 960 gravius

251 978 363 1007 contra
388 982 452 1013 eos,
472 971 683 1016 spiritualiter
704 977 734 1005 et
758 972 990 1016 temporaliter,

249 1032 345 1071 prout
370 1025 520 1070 expedire
545 1025 741 1066 noverimus,
765 1024 959 1069 processuri.

294 1081 310 1122 g
324 1079 376 1112 ⁶24.
393 1079 597 1113 Declarantes
612 1090 647 1112 ac
660 1084 873 1123 protestantes
886 1088 994 1122 quam—

250 1143 389 1178 cumque
414 1132 663 1174 absolutionem,
687 1132 782 1166 etiam
808 1131 994 1166 solemniter

249 1198 309 1232 per
332 1197 392 1220 nos
421 1186 624 1227 faciendam,
657 1185 840 1230 praedictos
865 1195 992 1218 excom-

250 1241 431 1274 municatos
455 1240 515 1274 sub
539 1240 763 1285 praesentibus
781 1239 992 1284 comprehen-

250 1305 301 1329 sos
328 1294 401 1338 (nisi
425 1295 516 1339 prius
540 1305 558 1328 a
582 1293 768 1339 praemissis
783 1322 790 1335 ,
811 1304 883 1327 cum
916 1303 992 1327 vero

249 1349 416 1394 proposito
444 1348 580 1382 ulterius
601 1347 718 1380 similia
750 1357 814 1380 non
845 1346 993 1380 commit-

251 1403 356 1444 tendi,
386 1402 588 1443 destiterint,
616 1412 673 1444 ae,
700 1401 806 1445 quoad
832 1411 908 1441 eos,
937 1400 991 1444 qui

250 1462 363 1491 contra
377 1455 624 1490 eeclesiasticam
640 1455 833 1495 libertatem,
850 1459 880 1488 ut
904 1464 994 1497 prae-

251 1511 400 1552 mittitur,
421 1515 538 1545 statuta
562 1509 705 1549 fecerint,
730 1508 788 1542 nisi
815 1508 904 1553 prius
929 1514 991 1541 sta-

250 1571 327 1606 tuta,
356 1563 598 1605 ordinationes,
627 1562 872 1596 constitutiones
896 1572 991 1606 prag-

250 1618 404 1659 maticas,
432 1622 463 1651 et
488 1617 616 1651 decreta
650 1616 836 1649 huiusmodi
864 1615 992 1660 publice

250 1671 496 1712 revocaverint,
530 1677 560 1704 et
593 1682 627 1704 ex
654 1670 825 1711 archiviis,
854 1680 908 1703 seu
935 1679 990 1702 ca-

249 1726 442 1771 pitularibus
466 1725 546 1759 locis
561 1752 568 1765 ,
603 1730 657 1758 aut
682 1724 771 1757 libris
786 1751 794 1765 ,
819 1723 850 1757 in
875 1724 993 1768 quibus

251 1786 404 1814 annotata
428 1779 656 1824 reperiuntur,
681 1778 780 1812 deteri
806 1783 836 1811 et
861 1778 990 1820 cassari,

249 1845 285 1867 ac
304 1844 362 1867 nos
383 1833 422 1867 de
443 1832 647 1866 revocatione
669 1831 856 1866 huiusmodi
878 1832 993 1865 certio-

249 1898 300 1921 res
325 1886 484 1930 fecerint)
501 1885 579 1920 eos¹
611 1896 676 1919 non
701 1885 989 1929 comprehendere,

249 1952 309 1974 nec
333 1940 378 1974 eis
403 1940 496 1974 aliter
520 1939 700 1982 suffragari,
721 1938 798 1983 quin
820 1938 914 1972 etiam
937 1950 994 1983 per

249 1994 433 2028 huiusmodi
460 1993 696 2027 absolutionem
712 2021 719 2034 ,
740 1998 796 2026 aut
819 2002 992 2036 quoscum-

249 2060 312 2094 que
339 2048 418 2082 alios
449 2054 538 2082 actus
564 2047 765 2088 contrarios,
802 2046 912 2079 tacitos
945 2046 992 2079 vel

249 2112 436 2146 expressos,
468 2112 505 2134 ac
537 2100 631 2135 etiam
666 2111 722 2144 per
746 2099 933 2145 patientiam
965 2105 994 2132 et,

253 2156 456 2190 tolerantiam
492 2160 657 2195 nostram,
691 2154 738 2187 vel
772 2163 992 2187 successorum

251 2215 448 2250 nostrorum,
466 2214 728 2254 quantocumque
749 2213 893 2252 tempore
917 2217 993 2240 con-

253 2264 418 2305 tinuatam,
435 2263 466 2296 in
487 2261 672 2308 praemissis
691 2261 842 2295 omnibus
867 2266 893 2293 et
923 2260 991 2293 sin-

252 2317 334 2361 gulis
359 2328 395 2351 ac
417 2317 677 2362 quibuscumque
695 2315 817 2349 iuribus
841 2313 931 2348 Sedis
957 2314 995 2347 Α-

252 2371 427 2416 postolicae
459 2381 495 2405 ac
517 2372 547 2405 S.
573 2371 610 2404 R.
634 2371 686 2411 E.‚
710 2370 936 2413 undecumque
966 2373 995 2401 ct

253 2425 526 2469 quandocumque
561 2423 714 2468 quaesitis
747 2424 793 2456 vel
832 2432 993 2467 quaeren-

254 2479 325 2520 dis,
357 2479 539 2512 nullatenus
571 2477 785 2522 praeiudicari
818 2486 911 2520 posse
943 2481 995 2509 aut

255 2533 384 2566 debere.

299 2586 315 2629 g
338 2585 390 2619 ⁶25.
414 2587 483 2620 Non
509 2585 709 2620 obstantibus
734 2584 924 2630 privilegiis,
949 2583 996 2616 in-

294 2649 303 2676 1
328 2647 379 2675 Vos
394 2655 438 2676 eos
455 2647 589 2675 redundat
604 2648 641 2683 (n.
659 2648 703 2683 T.)

1031 228 1048 249 r
1076 227 1120 250 rr.
1669 216 1734 252 623
1766 229 1769 233 ¹

1023 274 1206 317 dulgentiis,
1225 274 1367 316 induitis,
1389 281 1419 308 et
1438 275 1551 309 litteris
1568 275 1764 320 apostolicis,

1022 328 1228 371 generalibus
1253 328 1299 361 rel
1331 328 1544 373 specialibus,
1572 329 1765 373 supradictis

1022 383 1070 416 vel
1089 393 1201 416 eorum
1223 382 1319 416 alicui
1340 393 1395 416 seu
1417 382 1578 427 aliquibus
1607 383 1677 416 aliis
1697 384 1766 427 (cu-

1024 435 1214 480 iuscumque
1240 436 1373 477 ordinis,
1398 441 1508 478 status,
1534 436 1581 470 vel
1607 437 1767 470 conditio-

1024 489 1084 530 nis,
1104 489 1266 532 dignitatis
1287 495 1315 522 et
1333 490 1608 534 praeeminentiae
1633 489 1765 532 fuerint,

1025 542 1160 584 etiamsi,
1183 548 1217 576 ut
1242 543 1470 587 praemittitur,
1499 543 1686 587 pontificali,
1702 544 1765 577 im-

1024 596 1148 641 periali,
1164 597 1275 640 regali,
1293 608 1347 631 seu
1369 598 1479 642 quavis
1501 598 1713 633 ecclesiastica
1739 604 1770 633 et

1025 651 1187 684 mundana
1205 651 1428 695 praefulgeant
1449 651 1628 695 dignitate),
1651 653 1699 686 vel
1720 663 1771 687 eo-

1026 716 1097 737 rum
1127 705 1252 748 regnis,
1280 705 1470 749 provinciis,
1495 705 1686 748 civitatibus,
1712 717 1768 741 seu

1026 758 1115 799 locis,
1132 759 1328 803 apraedicta
1348 760 1440 800 Sede,
1465 770 1501 793 ex
1526 760 1636 804 quavis
1660 763 1766 803 causa,

1026 812 1120 846 etiam
1147 824 1205 857 per
1230 814 1310 847 viam
1331 819 1513 848 contractus
1534 819 1587 847 aut
1612 825 1765 849 remune-

1026 866 1170 908 rationis,
1194 873 1223 901 et
1240 868 1299 901 sub
1325 867 1435 911 quavis
1459 867 1521 900 alia
1546 868 1650 901 forma
1671 875 1700 901 et
1719 874 1766 902 te-

1026 929 1117 961 nore,
1138 931 1174 954 ac
1195 932 1267 954 cum
1294 920 1459 964 quibusvis
1483 921 1645 962 clausulis,
1673 921 1769 955 etiam

1028 974 1305 1017 derogatoriarnm
1338 974 1573 1018 derogatoriis‚
1611 976 1770 1009 concessis

1027 1027 1136 1070 (etiam
1159 1027 1415 1069 continentibus,
1439 1028 1523 1072 quod
1550 1029 1770 1062 excommuni-

1028 1081 1115 1122 cari,
1144 1082 1429 1123 anathematizari,
1458 1082 1505 1115 vel
1532 1082 1679 1115 interdici
1704 1093 1770 1116 non

1027 1135 1150 1179 possint
1180 1146 1238 1180 per
1262 1135 1383 1169 litteras
1412 1135 1603 1180 apostolicas
1628 1146 1692 1168 non
1718 1136 1766 1169 sa-

1028 1188 1148 1222 cientes
1173 1189 1301 1233 plenam
1321 1195 1349 1222 et
1371 1199 1552 1233 expressam
1570 1200 1605 1223 ac
1621 1190 1659 1223 de
1674 1190 1770 1224 verbo

1027 1242 1066 1275 ad
1084 1239 1220 1276 'verbum
1248 1243 1286 1276 de
1308 1242 1433 1276 indulto
1454 1242 1651 1284 huiusmodi,
1675 1253 1710 1276 ac
1732 1243 1771 1276 de

1027 1295 1206 1336 ordinibus,
1223 1296 1313 1337 locis,
1337 1296 1522 1330 nominibus
1541 1297 1693 1341 propriis,
1716 1307 1770 1331 co-

1027 1349 1234 1392 gnominibus
1260 1356 1289 1383 et
1314 1350 1525 1393 dignitatibus
1546 1361 1658 1384 eorum
1681 1362 1771 1384 men-

1029 1402 1174 1446 tionem),
1194 1414 1319 1437 necnon
1346 1404 1646 1445 consuetudinibus,
1675 1405 1769 1438 etiam

1027 1456 1340 1490 immemorabilibus
1356 1485 1363 1498 ,
1398 1469 1434 1490 ac
1459 1458 1770 1502 praescriptionibus

1027 1516 1328 1554 (piantumcumque
1349 1510 1554 1553 longissimis,
1571 1517 1600 1544 et
1617 1511 1687 1544 aliis
1705 1512 1772 1555 qui-

1027 1563 1166 1596 buslibet
1203 1563 1435 1604 observantiis,
1467 1564 1593 1608 scriptis
1624 1565 1671 1598 vel
1706 1576 1771 1599 non

1027 1616 1164 1660 scriptis,
1188 1628 1245 1661 per
1262 1629 1343 1661 quac
1362 1623 1473 1650 contra
1487 1617 1544 1650 lios
1559 1623 1684 1651 nostros
1697 1629 1772 1662 pro-

1028 1680 1134 1703 cessus
1169 1681 1204 1704 ac
1236 1670 1427 1712 sententias,
1460 1670 1634 1714 quominus
1671 1671 1772 1705 inclu-

1027 1724 1145 1757 dantur
1165 1724 1197 1757 in
1218 1724 1273 1765 eis,
1295 1735 1326 1758 se
1341 1724 1451 1758 iuvare
1471 1725 1595 1758 valeant
1612 1726 1657 1758 vel
1676 1726 1766 1759 tueri.

1027 1778 1114 1817 Quae
1135 1778 1243 1811 omnia
1265 1778 1373 1822 quoad
1394 1778 1453 1812 boc
1475 1779 1600 1821 (eorum
1623 1779 1768 1812 omnium

1029 1837 1167 1873 tenores,
1197 1843 1232 1865 ac
1257 1832 1281 1865 si
1303 1832 1342 1865 ad
1364 1833 1508 1872 verbum,
1536 1831 1616 1865 nibil
1642 1832 1770 1876 penitus

1029 1885 1170 1927 omisso,
1199 1886 1440 1927 insererentur,
1463 1886 1686 1930 praesentibus
1711 1898 1771 1931 pro

1028 1940 1183 1983 expressis
1208 1939 1388 1982 habentes)
1416 1939 1544 1984 penitus
1570 1940 1711 1973 tollimus
1741 1946 1771 1973 et

1028 1987 1162 2027 omnino
1187 2004 1384 2035 revocamus,
1410 1993 1608 2038 caeterisque
1634 1999 1764 2028 contra-

1028 2046 1083 2079 riis
1108 2047 1376 2091 quibuscumque.

1073 2102 1088 2143 ἓ
1111 2100 1162 2133 526.
1187 2101 1225 2135 Ut
1246 2111 1321 2134 vero
1348 2107 1533 2145 praesentes
1564 2100 1665 2134 nostri
1696 2111 1770 2145 pro-

1028 2165 1134 2188 cessus
1166 2155 1204 2188 ad
1236 2154 1398 2199 publicam
1436 2154 1580 2188 omnium
1620 2154 1768 2188 notitiam

1028 2208 1150 2241 facilius
1168 2208 1379 2249 deducantur,
1397 2213 1510 2248 cartas,
1531 2218 1586 2241 seu
1610 2208 1770 2240 membra-

1029 2272 1096 2303 nas,
1120 2272 1288 2306 processus
1314 2262 1398 2307 ipsos
1425 2262 1647 2302 continentes,
1676 2261 1771 2294 valvis

1030 2315 1181 2349 ecclcsiae
1209 2316 1308 2349 sancti
1337 2316 1465 2349 Ioannis
1492 2316 1714 2349 Lateranensis
1742 2321 1771 2348 et

1030 2369 1180 2403 basilicae
1197 2369 1352 2414 Principis
1374 2370 1601 2413 Apostolorum
1629 2369 1667 2402 de
1688 2369 1771 2402 Urbe

1030 2423 1167 2468 appendi
1195 2423 1358 2464 faciemus,
1384 2430 1414 2456 ut
1442 2423 1472 2463 ii,
1502 2434 1580 2467 quos
1606 2434 1772 2467 processus

1032 2477 1216 2511 huiusmodi
1243 2483 1465 2517 concernunt,
1497 2477 1582 2520 quod
1616 2477 1654 2509 ad
1688 2476 1773 2520 ipsos

1032 2541 1095 2564 non
1116 2531 1330 2575 pervenerint,
1354 2536 1409 2564 aut
1432 2531 1519 2574 quod
1542 2530 1626 2574 ipsos
1645 2530 1772 2572 ignora-

1033 2585 1196 2625 rarerint,
1228 2585 1348 2618 nullam
1381 2584 1502 2629 possint
1534 2584 1770 2618 excusationem

1032 2638 1262 2682 praetendere,
1287 2643 1339 2671 aut
1369 2637 1581 2680 ignorantiam
1610 2637 1768 2681 allegare,

1780 228 1829 255 Au.
1847 228 1874 256 C,
1898 229 1965 258 1610

1779 290 1870 311 omnium
1880 297 1962 315 contra·

1778 322 1864 343 riorum.

1817 2092 1971 2113 publicationis

1786 2121 1869 2142 inUrhe
1879 2120 1971 2141 effecius.
