2227 3241
280 280 328 307 An.
345 280 374 308 c.
398 279 463 307 1604
510 271 572 303 '128

308 978 432 1001 Proliihitin.

316 2156 470 2183 Appi-,nationes

302 2182 314 2202 d
338 2189 400 2209 quem
429 2185 469 2206 sint

287 2210 403 2232 faciendae.

479 338 589 361 eorum
616 327 790 360 malefactis
810 332 841 359 et
861 325 1075 359 inobedientia
1096 336 1129 359 se
1146 326 1216 359 diu-

480 382 540 414 tius
558 381 756 420 confoveant,
777 380 816 412 ab
832 379 869 412 iis
883 389 965 423 quae
978 389 1036 423 pcr
1054 379 1215 423 praelatos

480 434 623 467 eiusdem
639 433 766 467 Ordinis
780 438 811 466 et
827 433 1102 475 Congregationis,
1120 433 1214 466 etiam

478 487 655 519 visitatores
679 487 844 528 generales
866 492 896 520 et
915 486 994 519 alios
1018 486 1212 530 superiores,

479 550 496 572 a
510 539 716 572 definitoriali
737 539 878 583 capitulo
891 545 922 572 et
941 539 1055 572 abbate
1075 539 1215 582 generali

479 603 537 636 pro
559 598 705 637 tempore
728 593 907 637 deputatos,
928 598 996 626 acta
1014 598 1087 626 sunt
1106 597 1137 625 et
1156 593 1213 625 de-

480 652 586 687 creta,
610 646 649 679 ad
671 646 844 680 tribunalia
864 646 1021 680 secularia
1041 646 1214 690 appellare,

480 705 511 732 et
531 699 570 732 ad
585 710 621 732 ea
640 706 759 733 temere
779 700 949 743 confugere
968 704 1214 739 consueverunt,

480 753 511 785 in
532 763 597 786 non
623 753 783 787 modicam
816 753 1046 788 iurisdictionis
1074 753 1216 797 ipsorum

479 806 684 851 superiorum
716 807 890 841 laesionem
906 835 914 849 ,
942 807 1098 850 regularis
1123 806 1215 839 insti-

481 859 538 893 tuti
564 860 800 902 alterationem,
821 866 917 905 atque
934 860 1122 894 scandalum
1146 859 1218 904 plu-

482 923 638 947 rimorum
651 926 656 947 :

526 969 543 1010 ἕ
564 967 594 1001 ⁶2.
617 968 692 1010 Nos,
707 969 892 1013 praemissis
912 969 1042 1003 obviare
1061 969 1237 1009 volentes,·

481 1021 636 1055 universis
657 1027 687 1055 et
705 1022 839 1065 singulis
859 1023 935 1056 dicti
949 1022 1077 1056 Ordinis
1094 1028 1125 1056 et
1137 1022 1218 1056 Con-

481 1074 677 1118 gregationis
702 1075 870 1120 utriusque
898 1086 990 1109 sexus
1017 1075 1219 1119 regularibus

481 1128 636 1172 personis,
661 1128 893 1173 cuiuscumque
914 1129 1088 1172 dignitatis,
1109 1134 1218 1170 status,

481 1183 599 1224 gradus
624 1188 655 1216 et
674 1182 869 1216 conditionis
894 1183 1122 1224 existentibus,
1141 1193 1220 1226 apo-

480 1235 593 1269 stolica
619 1236 826 1277 auctoritate,
851 1241 962 1270 tenore
984 1236 1221 1280 praesentium,

480 1289 697 1333 praecipimus
731 1295 762 1323 et
787 1290 1000 1331 mandamus,
1025 1290 1134 1334 eisque
1162 1290 1220 1323 sub

481 1342 822 1376 excommunicationis
839 1343 923 1376 latae
943 1344 1119 1377 sententiae
1138 1354 1218 1388 poe-

480 1397 533 1437 na,
561 1407 579 1429 a
603 1407 667 1440 qua
697 1397 824 1430 nonnisi
859 1407 876 1430 a
911 1397 1004 1430 nobis
1029 1408 1085 1431 seu
1110 1408 1128 1431 a
1152 1398 1217 1432 Ro-

481 1459 576 1482 mano
607 1449 761 1483 Pontifice
789 1460 848 1494 pro
878 1456 1022 1494 tempore
1047 1450 1216 1492 existente,

481 1508 707 1547 praeterquam
728 1503 760 1536 in
782 1503 893 1537 mortis
917 1503 1054 1537 articulo
1068 1531 1076 1545 ,
1099 1504 1219 1538 absolvi

480 1557 613 1600 possint,
629 1567 756 1592 necnon
776 1557 963 1601 privationis
980 1564 1155 1602 perpetuae
1175 1559 1220 1592 of-

481 1610 630 1645 ficiorum
648 1622 705 1656 per
725 1622 779 1645 eos
799 1611 1017 1653 obtentorum,
1042 1618 1072 1646 et
1092 1612 1218 1646 inhabi-

481 1664 577 1698 litatis
605 1665 645 1698 ad
676 1665 730 1698 illa
755 1670 786 1698 et
810 1665 871 1698 alia
896 1676 1119 1710 quaecumque
1144 1666 1219 1700 dicti

481 1716 609 1751 Ordinis
639 1723 670 1752 et
700 1718 961 1761 Congregationis
992 1719 1100 1752 officia
1124 1730 1216 1753 exer-

482 1771 594 1812 cenda,
618 1781 655 1804 ac
675 1771 760 1805 vocis
779 1777 843 1804 tam
864 1772 983 1805 activae
1000 1783 1097 1816 quam
1118 1773 1219 1816 passi-

481 1834 550 1866 vae,
573 1835 611 1858 eo
631 1824 700 1869 ipso
720 1825 841 1869 absque
861 1825 923 1858 alia
940 1826 1156 1860 declaratione
1173 1826 1220 1860 in-

483 1878 650 1913 currendis
673 1879 796 1923 poenis,
820 1879 994 1913 districtius
1023 1879 1216 1921 inhibemus,

483 1942 524 1965 ne
542 1931 582 1965 ad
603 1931 671 1976 ipsa
688 1931 862 1965 tribunalia
882 1932 1059 1966 saecularia
1074 1960 1081 1974 ,
1108 1933 1220 1977 quovis

483 1990 649 2029 praetextu
674 1991 728 2019 aut
747 1985 891 2030 quaesito
908 1985 1029 2027 colore,
1044 1987 1218 2031 appellare,

483 2039 532 2073 vel
542 2039 582 2072 ad
596 2039 650 2072 illa
663 2039 848 2082 confugere,
865 2045 919 2073 aut
932 2049 969 2073 ea
982 2050 1113 2084 quoquo
1124 2041 1221 2074 modo

485 2092 574 2126 adire
591 2092 732 2126 audeant
749 2093 796 2126 vel
817 2098 1040 2137 praesumant:

530 2147 545 2190 ἓ
565 2145 595 2179 3.
612 2146 686 2188 Sed,
702 2146 728 2180 si
741 2157 773 2180 se
788 2157 805 2180 a
817 2147 967 2191 praelatis
987 2148 1111 2190 gravari
1131 2158 1223 2192 prae-

486 2199 629 2241 tendant,
649 2200 689 2233 ad
709 2199 888 2234 visitatores
902 2201 1067 2244 generales
1087 2201 1223 2245 quisque

485 2254 517 2287 in
530 2253 596 2287 suis
609 2253 793 2298 quarteriis,
811 2253 894 2287 intra
908 2264 1047 2298 quorum
1062 2254 1141 2288 fines
1153 2255 1220 2288 exi-

484 2312 590 2347 stunt,
614 2311 645 2340 et
664 2306 703 2339 ab
724 2306 773 2339 his
793 2306 834 2339 ad
859 2306 1007 2340 abbatem
1039 2308 1221 2349 generalem

484 2360 584 2405 ipsius
597 2360 725 2394 Ordinis
739 2365 769 2394 et
781 2359 1053 2403 Congregationis,
1070 2371 1126 2394 seu
1138 2361 1222 2395 illius

484 2419 687 2459 protectoren
704 2413 737 2446 in
756 2413 900 2447 Romana
919 2413 1023 2454 Curia,
1039 2414 1088 2447 vel
1105 2414 1144 2447 ad
1164 2424 1222 2448 nos

485 2467 549 2501 sive
568 2467 749 2501 Romanum
778 2466 966 2501 Pontificem
991 2477 1051 2511 pro
1076 2472 1222 2512 tempore

485 2521 671 2555 existentem
688 2548 695 2562 ,
726 2531 914 2565 supremum
942 2520 974 2553 in
1003 2520 1143 2554 Ecclesia
1166 2521 1222 2554 Dei

486 2575 636 2616 iudicem,
652 2574 733 2608 sicut
747 2574 923 2618 antiquitus
936 2574 1039 2607 facere
1052 2584 1223 2608 consueve-

486 2634 571 2669 runt,
594 2638 759 2662 recursum
780 2627 930 2670 habeant,
947 2628 1033 2662 unde
1054 2628 1114 2661 illis
1134 2628 1222 2662 brevi

488 2691 583 2714 manu
605 2681 723 2715 iustitia
745 2681 987 2716 ministrabitur.

1054 277 1235 302 nULLAmUM
1254 278 1406 303 notitANUM

2000 279 2050 306 An.
2066 278 2095 306 C.
2116 279 2182 308 1603

1294 328 1310 368 g
1331 327 1361 359 Ιι.
1385 327 1533 360 Volentes
1547 332 1577 359 et
1598 327 1640 358 ita
1665 327 1873 369 declarantes,
1897 327 1985 371 quod
2012 340 2096 370 roma
2112 341 2183 365 inobo-

1249 380 1367 412 nedum
1387 379 1462 413 dicti
1478 378 1604 412 Ordinis
1618 384 1648 412 et
1661 378 1925 423 Congregationis
1941 390 1987 414 re·
2000 366 2107 414 gignamus
2122 373 2182 395 ''m“
2225 397 2226 401 ¹

1250 433 1375 475 gulares
1395 442 1552 476 personae
1574 433 1858 474 contrafacientes,
1877 444 1987 468 verum

1251 486 1346 519 etiam
1373 496 1484 519 eorum
1506 485 1703 530 quemlibet⁴
1728 486 1848 520 directe
1871 487 1920 520 vel
1942 487 1989 520 in-

1251 539 1371 573 directe
1402 540 1544 573 fautores
1569 545 1599 573 et
1623 540 1834 581 consultores,
1862 541 1989 574 easdem

1251 603 1372 636 poenas
1392 602 1430 626 eo
1451 593 1520 636 ipso
1545 593 1677 627 omnino
1698 593 1874 627 incurrant.

1297 648 1313 687 g
1334 646 1364 679 5.
1380 646 1593 680 Decernentes
1606 647 1733 680 irritum
1747 653 1778 681 et
1790 647 1884 681 inane
1898 647 1991 691 quid-

1253 699 1330 743 quid
1350 710 1441 733 secus
1461 710 1557 744 super
1576 700 1625 734 his
1645 711 1663 734 a
1680 711 1860 745 quoquam,
1880 701 1991 745 quavis

1253 753 1455 794 auctoritate,
1472 753 1609 788 scienter
1623 755 1671 788 vel
1691 754 1887 798 ignoranter,
1908 765 1988 789 con·
2209 783 2212 787 .

1254 806 1361 850 tigerit
1380 807 1541 841 attentari.
2161 799 2170 811 ⁸
2195 827 2202 834 .
2223 819 2227 850 l

1297 861 1312 904 ἓ
1333 860 1362 894 G.
1393 861 1463 894 Non
1487 861 1688 896 obstantibus
1712 854 1992 897 constitutionibus
2017 871 2199 905 peroratioeons
2226 853 2227 870 ³

1253 918 1284 947 et
1304 913 1562 948 ordinationibus
1573 916 1769 960 apostolicis,
1782 926 1818 950 ac
1831 916 1991 950 dictorum
2005 902 2124 921 “ammm'
2222 919 2227 965 j

1253 968 1380 1002 Ordinis
1394 968 1705 1012 etCongregationis,
1719 969 1815 1003 etiam
1830 969 1992 1004 iuramen-
2196 979 2197 982 ’

1254 1027 1297 1063 to,
1321 1022 1568 1056 confirmatione
1593 1023 1790 1067 apostolica,
1813 1023 1862 1057 vel
1883 1023 1993 1068 quavis

1254 1075 1407 1109 firmitate
1427 1076 1488 1111 alia
1508 1076 1668 1110 roboratis
1683 1104 1690 1118 ,
1713 1077 1838 1110 statutis
1862 1083 1893 1111 et
1910 1088 1989 1111 con-

1254 1129 1488 1171 suetudinibus,
1510 1129 1685 1173 privilegiis
1705 1141 1846 1174 quoque,
1861 1130 1993 1164 indultis

1255 1188 1287 1216 et
1303 1183 1419 1216 litteris
1439 1183 1623 1227 apostolicis
1642 1183 1675 1216 in
1696 1183 1893 1217 contrarium
1913 1194 1992 1228 quo-

1257 1236 1434 1269 modolibet
1453 1236 1623 1278 concessis,
1640 1236 1838 1270 confirmatis
1850 1243 1881 1270 et
1902 1237 1993 1271 inno—

1256 1289 1344 1323 vatis.
1359 1289 1481 1329 Quibus
1495 1290 1656 1332 omnibus,
1673 1301 1784 1324 eorum
1800 1296 1938 1332 tenores,
1956 1300 1993 1324 ac

1256 1343 1282 1376 si
1308 1344 1347 1376 de
1370 1344 1468 1377 verbo
1493 1344 1532 1377 ad
1558 1344 1690 1377 verbum
1715 1344 1989 1389 exprimerentur,

1255 1397 1479 1441 praesentibus
1495 1407 1554 1441 pro
1575 1397 1774 1432 sufficienter
1794 1398 1951 1443 expressis
1963 1404 1994 1432 et

1256 1450 1383 1484 insertis
1403 1450 1569 1492 habentes,
1586 1450 1647 1484 illis
1661 1451 1738 1485 alias
1751 1451 1783 1484 in
1803 1461 1861 1485 suo
1874 1451 1992 1485 robore

1254 1504 1486 1547 permansuris,
1509 1504 1570 1537 liae
1589 1504 1656 1537 vice
1677 1504 1841 1538 dumtaxat
1859 1504 1899 1538 ad
1920 1503 1993 1537 effe-

1254 1563 1340 1591 ctum
1362 1557 1591 1602 praesentium,
1607 1557 1789 1602 specialiter
1802 1563 1833 1591 et
1845 1568 1992 1602 expresse

1254 1610 1467 1653 derogamus,
1495 1610 1693 1655 caeterisque
1722 1611 1890 1645 contrariis
1915 1611 1990 1655 qui-

1253 1663 1464 1709 buscumque.

1298 1719 1411 1751 Datum
1431 1718 1558 1752 Tusculi
1588 1718 1646 1751 sub
1675 1718 1795 1751 annulo
1821 1717 1993 1751 Piscatoris

1253 1771 1305 1804 die
1330 1782 1348 1804 v
1373 1771 1514 1805 octobris
1538 1782 1637 1806 unctv
1661 1771 1866 1815 pontificatus
1890 1771 1992 1805 nostri

1254 1835 1339 1859 anno
1360 1827 1428 1859 xiil.

1290 1887 1350 1915 Dat.
1367 1888 1410 1915 die
1425 1888 1442 1917 5
1457 1887 1560 1916 octobr.
1582 1887 1658 1921 1604,
1675 1896 1718 1914 an.
1737 1890 1811 1923 pont.
1829 1894 1882 1915 xltt.

2032 657 2149 679 Clausulam

1549 2076 1697 2111 CCCLIX.

1256 2200 1458 2244 Approbatio
1473 2205 1673 2235 statutorum
1693 2201 1855 2235 editorum
1875 2201 1914 2234 ab
1933 2200 1994 2235 Or-

1300 2254 1376 2287 dine
1387 2255 1531 2297 fratrum
1546 2255 1654 2288 beatae
1667 2255 1793 2289 Mariae
1806 2255 1844 2287 de
1855 2254 1996 2287 Mercede

1301 2307 1542 2351 Redemptionis
1568 2308 1795 2352 Captivorum,
1818 2307 1861 2340 ad
1889 2307 1991 2350 refor-

1300 2361 1477 2394 mationem
1496 2362 1600 2405 ipsius
1619 2361 1754 2396 Ordinis
1767 2361 1786 2394 ².

1294 2513 1305 2539 1
1327 2511 1391 2539 Heic
1410 2512 1553 2547 legendum
1578 2512 1802 2548 quomodolibet,
1822 2513 1894 2540 sicut
1912 2522 1992 2550 snpra

1257 2565 1317 2592 pag.
1335 2557 1386 2584 1⁶26
1400 2557 1426 2583 in
1444 2557 1538 2585 Conse.
1559 2557 1621 2584 huic
1641 2557 1720 2584 simili
1740 2558 1777 2592 (n.
1799 2559 1836 2593 T).

1291 2601 1308 2628 2
1328 2600 1411 2628 Huius
1431 2600 1537 2628 Ordinis
1556 2601 1754 2629 Institutionem
1775 2602 1859 2630 habes
1883 2602 1908 2629 in
1923 2603 1992 2630 Con—

1257 2645 1342 2672 stitut.
1373 2652 1424 2673 xm
1450 2645 1527 2682 Greg.
1558 2645 1605 2681 tx,
1637 2646 1812 2674 Deuotionis.
1841 2646 1916 2674 Tom.
1946 2653 1989 2681 ιιι,

1257 2697 1317 2726 pag.
1340 2690 1400 2718 485.
