2227 3241
221 275 269 302 An.
288 276 315 303 c.
340 276 406 303 ¹608
453 267 515 300 5⁴1ss

422 332 483 358 tem
500 325 779 358 bibliothecarium
798 326 916 358 debere
930 335 1066 366 servare,
1080 335 1160 369 quae

422 379 451 410 in
476 378 566 410 dictis
594 377 716 420 legibus
741 384 771 411 et
793 378 911 421 regulis
937 379 1160 421 praescriben-

421 437 481 464 tur.
507 431 664 470 Quoniam
687 442 762 465 vero
789 432 905 465 frustra
930 432 1159 466 bibliothecam

420 485 669 526 construxisset,
689 491 785 529 atque
811 486 897 519 omni
925 486 1081 519 librorum
1108 497 1161 530 ge-

419 548 495 570 nere
510 538 719 579 instruxisset,
744 539 804 572 nisi
818 540 913 573 etiam
933 539 971 572 de
992 542 1028 574 ea
1048 550 1161 584 perpe-

420 597 474 624 tuo
499 593 716 625 conservanda
735 593 899 636 provisum
923 593 1014 634 soret,
1038 603 1089 633 ne,
1112 593 1159 626 vel

420 645 570 678 varietate
596 651 801 690 temporum,
825 647 873 680 vel
899 646 1066 680 hominnm
1095 647 1157 679 im-

419 698 589 741 probitate,
606 699 734 732 dissolvi
752 700 884 743 eiusque
898 700 945 733 ius
960 700 998 733 ad
1016 700 1161 744 quemvis

419 751 516 784 alium
541 753 703 786 transferri
718 759 844 797 posset·,
862 753 981 787 idcirco
995 754 1161 798 prohibuit

419 805 646 839 alienationem
660 813 722 839 tam
738 807 893 841 librorum
907 808 1160 852 praedictorum,
1176 817 1178 834 t

419 869 514 902 quam
529 870 812 904 quorumcumque
824 861 984 893 bonorum
998 868 1027 894 et
1041 860 1158 894 iuriam

420 913 459 945 ad
500 913 619 946 dictum
658 914 830 957 collegium
868 920 899 948 et
930 915 1158 948 bibliothecam

419 967 666 1010 quomodolibet
690 968 903 1012 spectantium
934 974 964 1002 et
996 969 1159 1012 pertinen-

418 1019 510 1060 tium,
531 1021 607 1064 qnia
632 1021 742 1062 voluit,
760 1032 797 1054 ea
817 1032 945 1066 semper
959 1028 985 1055 et
1001 1027 1159 1066 perpetuo
1176 1037 1177 1047 t

419 1072 580 1107 deservire
610 1075 649 1107 ad
674 1074 836 1118 publicam
864 1075 1006 1108 omnium
1036 1075 1156 1108 utilita-

419 1131 494 1166 tem;
520 1126 645 1160 interim
662 1138 736 1161 vcro
751 1129 981 1172 proprietatem
1002 1139 1037 1161 ac
1056 1128 1159 1161 domi-

418 1179 519 1220 nium,
538 1184 599 1213 lam
622 1180 782 1215 dictorum
804 1182 948 1215 locorum
970 1192 1028 1226 per
1049 1193 1120 1216 eum
1142 1193 1158 1215 a
1176 1181 1177 1219 s

418 1233 581 1276 praedicta
596 1234 850 1278 Congregationc
863 1241 1045 1280 emptorum
1061 1241 1090 1269 ct
1107 1246 1159 1270 ex-

419 1291 598 1319 tructorttm
614 1287 806 1332 fabricisque
821 1289 1044 1329 adauctorum,
1061 1300 1157 1333 quam

418 1339 522 1373 dictae
548 1340 761 1375 bibliothecae
783 1348 812 1375 et
837 1342 985 1384 collegii,
1011 1342 1158 1387 illiusque

419 1392 591 1433 bonorum,
613 1394 743 1435 iurium,
768 1395 979 1439 omniumque
1001 1401 1030 1429 et
1051 1396 1158 1439 singu-

419 1445 524 1479 lorum
558 1446 714 1481 librorum
752 1448 783 1480 in
820 1449 930 1482 endem
964 1449 1158 1483 bibliotheca

420 1498 574 1533 hactenus
611 1501 852 1535 reconditorum
888 1508 917 1536 et
953 1503 983 1535 in
1017 1504 1158 1536 futurum

419 1553 722 1594 recondendornm,
746 1555 823 1597 sibi,
846 1556 1002 1599 quamdiu
1023 1556 1156 1595 vixerit,

419 1608 611 1649 reservavit,
640 1609 733 1641 salvis
761 1615 864 1643 tamen
893 1610 1095 1643 manentibus
1128 1610 1178 1642 in*

419 1671 476 1694 sno
501 1661 617 1694 robore
642 1662 845 1706 pactionibus
868 1663 949 1696 inter
970 1674 1041 1696 cum
1064 1669 1091 1696 ct
1115 1665 1160 1697 di-

419 1720 501 1748 ctam
523 1715 809 1759 Congregationem
829 1728 925 1761 super
940 1718 1101 1761 emptione
1120 1718 1160 1751 si-

421 1774 470 1801 tus
487 1775 517 1802 et
535 1769 680 1803 locorum
710 1771 949 1814 praedictorum
973 1771 1069 1804 initis.
1099 1771 1159 1815 lpsi

419 1827 525 1855 antem
547 1823 763 1858 bibliothecae
788 1824 941 1858 dilectum
966 1824 1068 1858 lilium
1099 1826 1161 1857 An-

420 1876 542 1909 tonium
565 1877 736 1919 Olgiatum,
762 1889 798 1911 ex
818 1888 954 1912 numero
973 1884 1003 1911 et
1021 1878 1161 1922 Congre-

419 1929 547 1971 gatione
572 1930 731 1966 dictorum
757 1931 962 1973 Oblatorum‚
986 1932 1159 1976 pracfecit,

419 1983 594 2027 voluitque,
611 1989 644 2017 ut
658 1984 723 2028 ipse
739 1984 1004 2018 bibliothecarius
1017 1985 1055 2018 de
1069 1996 1161 2029 prae.-
1177 1979 1179 2011 ¹3

420 2036 513 2070 dictis
534 2037 623 2071 libris
654 2039 737 2072 intra
767 2039 933 2073 biennium
964 2039 1084 2073 indices
1105 2033 1179 2083 per}

419 2091 627 2135 alphabetum
646 2093 831 2134 conficeret,
852 2104 990 2139 quorum
1006 2095 1087 2127 alter
1105 2105 1161 2127 no-

420 2145 507 2179 mina
547 2146 704 2181 librorum
743 2148 887 2181 omnium
931 2149 1159 2192 impressorum

420 2200 705 2243 complecteretur,
733 2201 813 2235 alter
838 2213 911 2236 vcro
937 2203 1062 2236 codices
1089 2213 1158 2236 ma-

420 2252 601 2297 nuscriptos
623 2254 822 2296 contineret,
847 2266 984 2299 quorum
1018 2255 1160 2289 indicum

420 2306 485 2340 duo
506 2308 651 2352 exempla
673 2309 940 2352 exscriberenttu·‚
962 2321 1043 2354 quae
1062 2310 1162 2354 ipsius

420 2359 657 2395 bibliothecarii
673 2368 702 2395 et
720 2369 980 2396 conservatorum
997 2374 1094 2397 manu
1109 2363 1161 2396 fir-

422 2419 507 2447 mata
531 2415 657 2448 notario
675 2416 944 2459 consignarentur
964 2416 1032 2461 (qui
1055 2423 1161 2450 tamen

421 2467 564 2501 notarius
589 2468 720 2513 aliquod
745 2469 859 2503 exinde
881 2470 1062 2514 exemplum
1082 2469 1162 2503 nulli

421 2519 497 2554 dare
517 2527 572 2555 aut
597 2523 766 2556 ostendere
792 2528 909 2567 posset,
932 2529 1160 2567 praeterquam

421 2573 498 2616 ipsis
511 2576 813 2619 conservatoribus);
825 2576 1021 2620 stipendium
1040 2582 1158 2617 autem,

421 2636 477 2659 seu
497 2627 718 2670 honorarium,
743 2640 801 2674 pro
821 2629 1068 2663 bibliothecario
1092 2635 1158 2663 sta-

423 2681 588 2723 tuendum,
601 2693 665 2716 non
675 2688 820 2718 curreret
831 2683 996 2727 praedicto
1010 2682 1161 2723 Antonio,

992 276 1174 301 nttnLUIALttt
1199 276 1352 301 ROMANUM

1195 325 1253 358 nisi
1276 330 1347 369 post
1365 325 1529 358 obtentam
1548 326 1797 369 praemissorum
1811 337 1828 360 a
1841 327 1934 361 nobis

1196 377 1488 418 confirmationem,
1504 383 1531 411 et
1548 379 1716 412 doctorum
1732 380 1934 421 electionem,

1197 438 1226 464 et
1247 438 1319 465 tnnc
1338 442 1354 464 a
1376 432 1439 472 die,
1463 442 1558 476 quam
1578 432 1644 476 ipse
1665 432 1847 467 Fridericus
1866 444 1935 467 car-

1196 485 1311 519 dinalis
1329 491 1359 518 et
1379 486 1505 529 praesul
1528 486 1716 527 declararet,
1740 492 1772 519 et
1792 486 1822 518 in
1844 486 1935 520 dictis

1194 539 1312 581 regulis
1329 539 1559 572 contineretur.

1239 594 1254 634 g
1274 591 1303 625 8.
1321 593 1501 633 Praeterea,
1518 599 1553 626 ut
1570 593 1659 635 haec,
1683 604 1764 638 quae
1783 593 1850 638 ipse
1866 594 1934 628 Fri-

1195 645 1322 679 dericus
1352 646 1524 680 cardinalis
1557 652 1587 680 et
1618 647 1746 691 praesul
1776 647 1932 688 instituit,

1195 700 1287 734 firma
1308 706 1337 734 et
1356 706 1512 745 perpetua
1529 706 1645 742 essent,
1668 701 1708 735 ad
1730 701 1883 735 tuendum
1905 707 1937 736 et

1176 787 1178 797 ,
1195 755 1460 796 conservandum,
1480 761 1545 788 tum
1563 755 1682 789 dictum
1698 755 1870 799 collegium
1883 756 1937 790 do-

1195 815 1319 842 ctorum
1341 815 1368 842 et
1390 809 1636 850 bibliothecam,
1660 815 1726 843 tum
1747 810 1832 843 bona
1852 820 1934 854 quae

1195 862 1404 906 infrascriptis
1437 863 1646 906 cappellaniis
1681 873 1717 896 ae
1748 862 1935 897 huiusmodi

1194 916 1329 958 collegio
1350 922 1379 949 et
1398 916 1611 950 bibliothecae
1637 917 1761 950 fuerant
1782 916 1936 951 hactenus

1176 968 1368 1012 :respective
1397 969 1556 1013 applicata
1584 976 1615 1003 et
1642 970 1673 1002 in
1692 970 1936 1014 futurum-quo-

1194 1021 1370 1055 modolibet
1390 1022 1638 1066 applicarentur,
1656 1022 1816 1065 conflavit,
1837 1023 1936 1068 depu-

1176 1077 1177 1095 ²
1194 1075 1267 1108 tavit
1288 1081 1317 1107 et
1338 1075 1500 1108 constituit
1519 1076 1806 1119 Congregationem
1824 1076 1936 1109 infras-

1194 1128 1370 1172 criptorum
1395 1129 1571 1172 virorum,
1604 1128 1657 1173 qui
1692 1129 1936 1163 Conservatores

1193 1182 1452 1225 appellarentur,
1484 1192 1520 1215 ex
1556 1181 1690 1225 singulis
1723 1182 1939 1227 infrascriptis

1176 1235 1364 1281 1Ordinibus·
1385 1235 1520 1268 civitatis
1541 1235 1795 1276 Mediolanensis,
1819 1235 1873 1277 ita,
1901 1240 1936 1269 ut

1176 1288 1295 1326 {essent
1323 1295 1395 1323 octo
1423 1290 1451 1322 in
1479 1300 1615 1323 numero
1632 1317 1639 1329 ,
1668 1290 1728 1323 hoc
1754 1289 1872 1331 modo,
1891 1289 1937 1322 vi-

1194 1343 1325 1377 delicet:
1348 1343 1378 1376 in
1399 1343 1511 1388 primis
1540 1344 1620 1377 duos
1647 1354 1684 1377 ex
1713 1343 1838 1377 dilectis
1862 1342 1936 1377 filiis

1176 1384 1333 1441 {capituto
1355 1397 1585 1430 canonicorum
1606 1397 1847 1431 ordinariorum
1866 1407 1935 1431 ma-

1176 1454 1178 1483 1
1195 1450 1270 1484 ioris
1285 1450 1439 1484 ecclesiae
1459 1450 1714 1492 mediolanensis,
1735 1450 1774 1484 ab
1795 1450 1865 1494 ipso
1884 1461 1936 1485 ea-

1176 1504 1178 1543 }
1194 1504 1307 1548 pitulo,
1321 1504 1401 1538 duos
1416 1504 1494 1537 alios
1510 1514 1544 1537 ex
1558 1504 1683 1548 reliquo
1697 1504 1783 1537 clero
1796 1504 1932 1543 urbano,

1176 1558 1232 1590 ,ab
1263 1559 1330 1602 ipso
1357 1558 1443 1591 clero
1470 1558 1595 1591 urbano
1621 1557 1796 1601 respective
1816 1557 1936 1601 eligen-

1194 1612 1268 1652 dos,
1288 1617 1503 1655 protempore
1517 1611 1701 1645 existentem
1715 1611 1935 1655 praepositum

1193 1665 1294 1699 saneti
1314 1665 1501 1709 Sepulchri;
1522 1675 1622 1699 unum
1641 1675 1676 1698 ex
1698 1665 1861 1708 sexaginta
1879 1665 1935 1699 de-

1194 1718 1380 1753 curionibus
1397 1718 1524 1752 concilii
1544 1718 1703 1760 generalis
1724 1718 1868 1752 eiusdem
1891 1718 1935 1752 ci-

1194 1772 1308 1812 vitatis,
1333 1772 1372 1805 ab
1403 1772 1517 1805 eodem
1546 1771 1683 1814 collegio
1713 1771 1932 1814 seligendum;

1194 1836 1293 1859 unum
1314 1837 1350 1859 ex
1371 1825 1507 1868 collegio
1525 1825 1795 1869 iurisperitorum,
1819 1825 1859 1858 ab
1879 1835 1935 1859 eo-

1195 1879 1267 1912 dem
1294 1879 1430 1921 collegio
1456 1879 1751 1919 dener-ninandum3
1779 1884 1810 1912 et
1834 1888 1935 1912 unum

1177 1944 1231 1978 ⁴ex
1260 1933 1397 1977 collegio
1423 1933 1645 1977 physicorum,
1676 1933 1715 1966 ab
1744 1933 1814 1977 ipso
1839 1933 1935 1967 etiarn

1195 1987 1331 2028 collegio
1353 1986 1537 2028 eligendum
1558 1986 1740 2030 adscripsit,
1764 1997 1800 2019 ae
1820 1996 1936 2030 perpe-

1197 2039 1256 2073 tuis
1270 2039 1385 2073 suturis
1400 2039 1598 2083 temporibus
1612 2039 1792 2083 adscriptos
1805 2049 1874 2073 esse
1886 2049 1936 2073 vo-

1195 2093 1270 2135 luit;
1291 2093 1334 2127 ita
1353 2099 1385 2126 ut
1405 2104 1534 2137 semper
1550 2093 1707 2137 praedicti
1724 2093 1860 2127 Ordines
1879 2093 1936 2126 ha-

1196 2147 1307 2181 berent
1327 2147 1376 2180 ius
1401 2147 1540 2190 eligendi
1566 2147 1668 2180 dictos
1694 2152 1936 2180 conservatores

1195 2200 1227 2234 in
1253 2207 1467 2245 perpetuum,
1496 2200 1583 2234 iuxta
1606 2211 1778 2234 numerum
1804 2199 1936 2233 cuilibet

1195 2254 1305 2288 Ordini
1328 2254 1505 2298 respective
1530 2254 1749 2297 assignatum,
1770 2263 1806 2287 ac
1831 2252 1936 2286 modis

1195 2314 1226 2342 et
1250 2309 1372 2350 formis,
1401 2309 1519 2353 quibus
1544 2319 1642 2352 supra
1666 2314 1698 2342 et
1722 2312 1819 2352 prout
1838 2306 1935 2340 etiam

1195 2362 1227 2395 in
1252 2362 1345 2396 dictis
1369 2362 1493 2405 legibus
1514 2362 1688 2396 cavebitur.
1710 2360 1935 2404 Archiepisco-

1178 2408 1270 2461 'pum
1300 2426 1375 2449 vero
1407 2415 1674 2449 Mediolanensem
1705 2425 1764 2458 pro
1789 2419 1936 2458 tempore

1195 2469 1381 2503 existentem
1397 2468 1492 2512 (cuia
1506 2468 1581 2502 dicti
1603 2467 1729 2511 collegii
1749 2466 1936 2501 doctoribus

1178 2541 1180 2550 ι
1195 2522 1430 2555 observantiam
1446 2526 1476 2554 et
1488 2521 1679 2564 obsequium
1693 2519 1849 2564 praestari
1865 2512 1936 2564 per-

1195 2582 1291 2620 petuo
1305 2575 1412 2618 voluit,
1422 2580 1451 2608 et
1465 2585 1483 2608 a
1498 2585 1561 2619 quo
1575 2574 1637 2608 hoc
1645 2584 1738 2608 suum
1753 2573 1934 2608 institutum

1195 2629 1276 2663 adeo
1299 2629 1473 2673 probatum
1502 2628 1540 2660 iri
1569 2626 1774 2668 confidebat,
1798 2632 1833 2660 ut
1856 2626 1935 2660 dicti

1179 2682 1320 2725 collegii
1341 2682 1527 2716 doctoribus
1553 2691 1587 2714 ac
1613 2679 1828 2714 bibliothecae
1850 2689 1931 2715 con-

1949 279 1998 306 Αη.
2020 278 2132 309 (2160ss

1970 607 2134 629 Conservatoros

1949 635 2060 682 pppir'mtlos
2070 635 2134 662 depu-
