2227 3241
255 230 307 257 An.
325 229 353 257 C.
372 229 439 259 1605

298 676 356 696 Iloua
370 676 440 696 omnia

262 703 435 728 architiospnatis

255 735 293 755 pru
334 729 442 754 deposito-

256 762 301 777 rum
328 756 441 776 securitate

256 782 406 809 hypothecam.

284 2070 390 2091 Pecuniae
405 2070 440 2092 de·

257 2097 339 2121 positae
356 2102 441 2123 seques-

256 2124 288 2143 tro
309 2129 350 2144 non
371 2124 441 2144 subia-

257 2152 310 2169 cent.

486 221 550 255 *254
1030 232 1213 258 succinunt

456 279 610 315 ministri,
635 279 674 313 ad
695 289 823 313 omnem
846 279 1005 313 dictorum
1028 281 1191 325 deponen-

456 331 533 364 tium
559 332 606 365 vel
627 332 780 375 interesse
799 332 986 366 habentium
1013 333 1192 378 requisitio-

455 395 539 426 nem,
556 385 688 428 partitas
702 396 738 419 ex
753 385 844 419 dictis
866 386 955 420 libris
973 386 1191 431 depositorum

453 437 649 480 huiusmodi,
673 439 711 472 ad
734 439 880 474 effectum
903 439 1074 474 exhibendi
1095 441 1126 474 in
1147 441 1193 474 iu-

453 491 538 526 dicio
552 498 583 526 et
609 498 696 526 extra
717 493 794 527 illud
815 504 874 537 pro
894 493 1091 528 creditorum
1113 504 1190 527 suo-

453 555 524 578 rum
554 546 808 590 consequutione
840 547 886 581 vel
919 547 980 580 alia
1012 549 1193 592 opportuna
1211 564 1213 589 1

454 597 656 642 probatione,
682 599 808 633 tradere
826 606 855 633 et
875 600 1070 641 extrahere¹3
1211 592 1213 605 '⁸

500 652 515 695 ς
535 652 586 686 tt.
608 654 651 686 Ae
671 664 731 698 pro
757 654 941 688 huiusmodi
962 654 1114 699 pecunias
1139 654 1214 686 ‹le-v

456 706 644 748 ponentium
671 708 840 741 securitate
869 719 1093 752 quaecumque
1121 706 1213 756 dicti}

457 758 715 804 arcliihospitalis
735 761 925 802 immobilia,
943 761 1073 796 mobilia
1092 772 1127 795 ac
1141 772 1192 794 sc·
1212 762 1213 783 ἶ

456 814 616 847 moventia
640 814 725 848 bona
751 815 961 859 in·ampliori
988 815 1138 849 Gamerae
1166 819 1195 848 et

456 877 660 912 quacumque
685 868 746 902 alia
768 868 846 902 iuris
869 868 972 903 valida
993 869 1094 902 forma
1113 865 1214 901 obli-Q

455 927 527 963 gata
545 928 576 955 et
593 921 808 966 hypothecam
828 923 891 956 sint
908 929 939 957 et
960 922 1191 965 intelligantur,

455 974 573 1019 illaque
597 975 642 1009 sic
667 975 809 1018 obligata
834 982 864 1010 et
884 976 1098 1021 hypothecata
1122 976 1191 1009 exi-

454 1034 549 1069 stant3
570 1029 711 1073 dictique
732 1030 929 1074 deponentes
950 1030 990 1063 ad
1008 1030 1062 1063 illa
1082 1040 1194 1074 prom-

453 1089 541 1127 ptam
563 1090 594 1117 et
611 1090 754 1128 paratam
773 1085 1034 1128 exequutionem,
1055 1096 1091 1118 ac
1108 1085 1132 1118 si
1148 1085 1194 1118 in-
1210 1093 1212 1121 1

453 1142 634 1170 strumenta
661 1137 791 1181 publica
815 1138 1013 1181 obligatione
1035 1137 1192 1171 Camerali

455 1191 567 1224 vallata
580 1197 695 1232 essent,
712 1191 841 1232 habere,
855 1197 896 1232 et,
918 1192 948 1225 in
963 1198 1109 1226 eventum
1129 1203 1192 1226 non

456 1244 666 1278 restitutionis
685 1245 897 1289 pecuniarum
914 1246 953 1279 ab
975 1246 1019 1279 cis
1038 1257 1097 1291 pro
1113 1252 1193 1280 tem-

454 1308 532 1341 pore
546 1298 765 1342 depositarum
781 1298 938 1332 dictorum
955 1299 1116 1333 bonorum
1129 1310 1194 1333 rea-

454 1351 529 1392 lem,
552 1353 753 1396 corporalem
779 1358 811 1386 et
839 1353 994 1387 actualem
1019 1354 1194 1397 possessio-

454 1414 541 1446 nem,
557 1416 613 1439 seu
627 1405 729 1450 quasi,
754 1406 874 1450 absque
892 1406 967 1440 vitio
981 1407 1075 1451 spolii
1097 1412 1127 1440 et
1148 1413 1193 1440 at-

456 1464 650 1492 tentatorum
670 1469 706 1493 ac
727 1459 862 1493 alicuius
881 1460 994 1494 iudicis
1007 1471 1062 1494 seu
1081 1461 1193 1496 Curiae

456 1512 584 1545 decreto
596 1512 644 1545 vel
659 1512 822 1554 mandato,
839 1523 899 1557 pro
917 1514 1122 1547 concurrenti
1139 1525 1194 1558 pe-

455 1565 623 1600 cuniarum
646 1566 691 1600 eis
711 1572 787 1600 tunc
807 1567 1075 1601 restituendarum
1091 1578 1193 1611 quan·
1210 1577 1211 1583 ¹

455 1618 563 1660 titate,
603 1619 866 1663 apprehendere,
899 1626 929 1654 et
959 1621 1213 1665 apprehensam,

456 1671 708 1714 continua1=e‚et2
729 1673 878 1714 retinere,
900 1674 1017 1717 illaque
1030 1675 1195 1718 quibusvis
1211 1703 1212 1715 ,

455 1726 600 1770 personis
614 1727 673 1761 sub
687 1727 943 1772 quibuscumque
955 1728 1054 1772 pactis
1075 1734 1105 1761 ct
1120 1739 1195 1762 con-
1211 1746 1213 1757 ι

456 1780 631 1814 ditionibus
646 1786 677 1814 et
695 1780 804 1825 precio
823 1781 881 1814 sibi
904 1781 1055 1815 beneviso
1073 1784 1191 1824 locare,

455 1834 642 1875 arrendare,
666 1845 702 1868 ae
721 1834 849 1867 illorum
872 1836 993 1869 fructus
1014 1841 1044 1869 et
1070 1837 1194 1870 emolu-
1212 1873 1213 1885 ἵ

1211 618 1212 622 =
1230 600 1313 634 illius
1328 601 1481 634 ministris
1493 607 1523 634 et
1540 601 1696 645 personis,
1710 611 1746 634 ae
1760 600 1967 645 quibuscum-

457 1893 563 1921 menta
572 1887 751 1932 percipere,
767 1888 904 1931 exigere,
916 1889 1032 1930 levare,
1046 1889 1195 1934 dictaque
1212 1892 1213 1908 ¹

455 1940 540 1974 bona
560 1941 698 1975 vendere
716 1947 746 1974 et
759 1941 912 1981 alienare,
928 1953 963 1976 ac
977 1943 1015 1976 dc
1037 1942 1082 1976 eis
1095 1943 1196 1977 libere
1212 1936 1214 1963 ἶ

456 1994 628 2038 disponere
644 1994 767 2039 possint
785 2000 815 2028 ct
837 1995 971 2036 valeantj.

501 2049 517 2090 ἓ
539 2046 590 2080 1⁶2.
605 2047 761 2092 Quodque
774 2049 932 2092 pecuniae
946 2049 976 2081 in
995 2049 1080 2083 dicto
1093 2050 1195 2084 banco
1213 2050 1215 2092 ᾗ

456 2110 515 2144 pro
536 2106 680 2145 tempere
700 2101 922 2145 deponendae,
937 2103 1092 2146 quamdiu
1114 2103 1145 2136 in
1159 2114 1196 2137 eo

456 2153 584 2195 suerint,
608 2164 626 2187 a
650 2164 813 2198 quoquam
840 2155 978 2189 cuiusvis
1003 2155 1114 2190 crediti
1141 2166 1195 2190 oc-

456 2206 584 2241 casione
603 2207 796 2251 sequestrari
814 2218 878 2241 non
899 2208 1032 2252 possint,
1052 2215 1093 2251 et,
1110 2220 1193 2253 quo-

456 2272 596 2306 cumque
620 2268 786 2306 sequestro
807 2273 872 2296 non
893 2263 1051 2306 obstante,
1068 2264 1196 2308 praedi-

456 2321 525 2350 ctus
545 2316 720 2360 capserius,
753 2316 793 2350 ad
815 2326 943 2350 omnem
965 2323 996 2350 et
1015 2317 1195 2362 simplicem

456 2369 597 2411 illorum,
620 2369 674 2414 qui
697 2380 749 2404 eas
770 2371 988 2414 deposuerint,
1013 2372 1202 2416 requisitioz

455 2433 541 2465 nem,
565 2423 621 2465 eis,
649 2423 744 2458 etiam
770 2424 890 2469 absque
915 2424 1022 2469 aliqua
1042 2428 1146 2469 poena
1166 2431 1197 2460 et

455 2475 600 2519 periculo
634 2477 764 2511 iteratae
796 2477 987 2520 solutionis,
1011 2479 1134 2513 solvere
1166 2484 1196 2513 et

494 2599 504 2624 t
527 2598 591 2626 Heic
610 2599 781 2636 subintellige
801 2600 920 2628 debeant
939 2607 976 2634 (a.
992 2602 1040 2635 τ.).

490 2641 508 2667 2
527 2642 669 2672 Coniunct·
689 2646 717 2673 ec
735 2644 891 2673 redundans
910 2645 1016 2673 videtur
1033 2647 1070 2680 (a.
1093 2647 1141 2680 r).

1212 1995 1290 2029 ⁴tori
1324 2002 1355 2029 et
1382 1995 1453 2029 aliis
1484 1996 1568 2030 illius
1598 1996 1750 2031 ministris
1775 1997 1966 2041 praedietis,

1238 232 1392 259 Romanum

1226 283 1392 316 restituere
1410 281 1509 325 possit
1529 286 1560 314 et
1579 281 1692 322 valeat,
1716 281 1826 315 itidem
1848 291 1961 325 perpe-

1227 341 1280 368 tuo
1300 334 1468 368 statuimus
1489 339 1519 367 et
1536 334 1734 367 ordinamus.

1271 389 1287 430 ξ
1310 387 1360 420 ta.
1385 387 1419 420 131
1441 397 1500 432 pro
1514 387 1764 431 praemissorum
1788 387 1962 421 inviolabili
2004 399 2090 435 roenna
2103 383 2202 429 spiri-12]

1227 441 1450 474 observatione
1468 441 1542 474 dicti
1563 440 1819 485 archiliospitalis
1831 451 1964 484 praece·
1979 425 2201 489 ἶιξέὲεῖἓζιῗὲᾞῖἶῖ]

1228 494 1311 538 ptori
1338 505 1373 527 ac
1395 494 1546 537 magistro
1572 494 1697 535 domus,
1718 504 1843 528 necnon
1868 493 1966 538 ipsius
1979 478 2199 531 ἓῖἷιΓὲἓηΡῖἶῗὲιὲ-Ϊὲ

1229 547 1342 580 banchi
1366 547 1564 581 thesaurario
1584 547 1809 592 seucapserio,
1834 547 1967 591 aliisque
2164 521 2180 569 ἒ

2166 576 2182 591 xj
2198 581 2199 584 ,

1983 231 2036 258 An.
2049 231 2080 260 c.
2097 229 2173 278 1605·
2200 211 2203 234 ³

1981 532 2061 552 ventes.

1229 665 1291 697 quc
1317 654 1397 695 aliis,
1427 655 1466 687 ad
1492 665 1573 699 quos
1598 665 1683 688 nunc
1707 659 1831 698 spectat
1854 660 1885 688 et
1908 664 1968 698 pro

1231 714 1374 752 tempore
1399 709 1658 753 quomodolibet,
1679 708 1851 753 spectabit,
1871 718 1968 753 quos-

1230 773 1291 806 que
1313 763 1433 796 dictum
1455 763 1619 806 negotium
1644 763 1743 805 tangit
1765 768 1819 796 aut
1839 768 1969 806 tangere

1229 817 1346 860 poterit
1367 817 1612 861 quomodolibet
1634 817 1664 850 in
1679 815 1970 864 futurum‚ne‘(ul-

1230 875 1277 903 tra
1290 870 1367 904 alias
1382 881 1502 914 poenas
1518 882 1535 904 a
1554 871 1622 904 iure
1636 870 1801 904 communi
1818 870 1968 913 inflictas)

1229 924 1288 957 sub
1318 924 1505 968 privationis
1537 935 1818 969 quorumcumque
1845 923 1968 958 benefi-

1229 978 1353 1012 ciorum
1373 985 1403 1013 et
1423 978 1604 1013 officiorum
1619 989 1741 1024 percos
1752 989 1810 1024 pro
1824 984 1969 1023 tempore

1228 1031 1446 1073 obtentorum,
1470 1043 1505 1066 ac
1528 1032 1736 1066 inhabilitatis
1761 1032 1801 1066 ad
1825 1032 1887 1066 alia
1907 1032 1968 1065 im-

1228 1091 1391 1128 posterum
1413 1085 1601 1126 obtinenda,
1625 1096 1660 1119 ac
1678 1085 1774 1119 etiam
1792 1090 1968 1130 perpetuae

1228 1138 1388 1179 infamiae,
1405 1148 1530 1172 necnon
1543 1139 1885 1173 excommunicationis
1903 1149 1969 1173 ma-

1228 1192 1304 1226 ioris
1336 1193 1418 1226 latae
1447 1193 1622 1227 sententiae
1641 1195 1679 1237 (a
1707 1204 1771 1238 qua
1799 1194 1927 1228 nonnisi
1951 1204 1969 1228 a

1227 1246 1320 1280 nobis
1340 1247 1388 1280 vel
1408 1247 1555 1282 Romano
1574 1247 1731 1281 Pontifice
1751 1258 1811 1292 pro
1826 1253 1970 1292 tempore

1228 1299 1392 1341 existente,
1416 1311 1452 1334 ae
1478 1301 1511 1334 in
1532 1300 1644 1334 mortis
1666 1301 1814 1342 articulo,
1837 1300 1967 1335 absolu-

1229 1353 1325 1386 tionis
1345 1353 1539 1387 beneficium
1561 1355 1714 1398 consequi
1735 1354 1872 1398 possint)
1899 1353 1968 1398 ipso

1228 1406 1310 1440 sacto
1335 1406 1550 1440 incurrendae
1575 1409 1698 1451 poena,
1725 1407 1911 1452 praemissis
1936 1407 1969 1440 in

1230 1465 1294 1493 toto
1313 1460 1360 1493 vel
1378 1459 1409 1493 in
1431 1466 1522 1504 parte
1540 1460 1772 1502 contradicere,
1789 1467 1843 1494 aut
1856 1461 1895 1494 ab
1910 1461 1966 1502 eis,

1227 1524 1283 1546 seu
1296 1513 1424 1547 illorum
1437 1513 1556 1557 aliquo,
1566 1514 1677 1557 quovis
1686 1519 1864 1558 praetextu,
1874 1518 1969 1548 causa

1228 1566 1275 1600 vel
1294 1566 1464 1600 occasione
1486 1567 1635 1601 recedere
1650 1567 1790 1601 audeant
1803 1578 1858 1601 seu
1872 1578 1966 1612 prae-

1228 1626 1365 1662 sumant,
1387 1620 1442 1654 sed
1464 1631 1498 1653 ea
1520 1631 1556 1653 ac
1585 1630 1695 1654 eorum
1717 1621 1843 1664 singula
1864 1621 1967 1655 invio-

1228 1674 1367 1708 labiliter
1381 1680 1411 1708 et
1429 1674 1620 1708 inconcusse
1635 1675 1804 1709 observare
1822 1680 1853 1709 et
1867 1675 1968 1710 adim-

1228 1728 1347 1772 plere¹,
1368 1739 1404 1761 ac
1429 1728 1468 1761 ab
1497 1728 1577 1768 aliis,
1602 1735 1757 1772 quantum
1776 1729 1807 1762 in
1828 1739 1862 1763 se
1885 1729 1965 1771 erit,

1229 1781 1392 1814 observari
1407 1781 1617 1825 etadimpleri
1630 1782 1784 1816 mandent
1797 1787 1828 1816 et
1840 1782 1969 1824 saciant,

1230 1834 1338 1868 itidem
1360 1840 1518 1879 perpetuo
1543 1835 1759 1878 praecipimus
1783 1841 1813 1868 et
1838 1837 1969 1871 manda-

2155 1842 2180 1870 ἱ,

1230 1898 1310 1922 mttS.
2132 1872 2182 1965 1.ιέ

2029 1940 2083 1961 Data
2099 1930 2138 1962 fae¹
2154 1943 2155 1948 ¹
2178 1929 2180 1963 s

1275 1943 1290 1984 ξ
1314 1941 1361 1975 lli.
1379 1941 1525 1986 Dietique
1543 1942 1800 1987 archihospitalis
1816 1953 1969 1988 praecep·
1984 1966 2109 1988 „smum
2121 1967 2141 1988 ,ο
2177 1966 2180 1986 ,

1983 1966 2177 2081 {tetiam}

1231 2049 1316 2093 quod
1345 2049 1526 2093 praedictas
1554 2050 1706 2094 pecunias
1730 2061 1789 2095 pro
1811 2057 1966 2096 tempore,

1231 2108 1265 2136 ut
1278 2103 1469 2147 praefertur,
1486 2103 1768 2147 deponendas,seu
1782 2114 1892 2138 earum
1902 2115 1972 2149 par-

1230 2160 1306 2196 tem,
1332 2155 1363 2188 in
1381 2155 1577 2199 emptionem
1592 2161 1639 2190 tot
1659 2157 1801 2190 locorum
1817 2156 1970 2191 Montium

1230 2218 1295 2242 non
1313 2208 1504 2242 vacabilium
1523 2210 1575 2253 (ad
1596 2209 1657 2243 hoe
1675 2216 1709 2243 ut
1734 2210 1860 2243 illarum
1882 2210 1971 2245 resti-

1232 2262 1364 2296 tutionis
1394 2269 1538 2307 tempore
1567 2263 1756 2298 adveniente
1786 2264 1870 2298 dicta
1899 2264 1970 2298 loca

1231 2316 1449 2360 quantocitius
1473 2316 1580 2357 vendi,
1607 2316 1777 2361 dictaeque
1801 2317 1969 2362 pecuniae,

1230 2369 1346 2415 quibus
1360 2370 1529 2410 debentur,
1546 2370 1670 2404 restitui
1691 2370 1828 2414 possint)
1842 2381 1974 2404 conver-

1231 2428 1309 2464 tere,
1327 2429 1357 2456 et
1377 2423 1498 2457 fructus
1519 2423 1648 2457 interim
1667 2434 1704 2457 ex
1722 2423 1767 2457 eis
1780 2424 1972 2468 provenien—

1232 2481 1288 2518 tes,
1311 2477 1490 2521 percipere,
1514 2476 1641 2520 exigere
1670 2482 1701 2510 et
1732 2477 1856 2518 levare,
1879 2487 1916 2511 ae
1940 2478 1973 2511 in

1231 2529 1307 2563 dicti
1317 2530 1575 2574 arehihospitalis
1584 2540 1660 2564 usus
1670 2536 1698 2563 et
1709 2530 1880 2564 utilitatem
1895 2540 1971 2564 con-

1230 2589 1367 2624 vertere3
1480 2583 1483 2586 “

1269 2646 1276 2672 t
1301 2646 1482 2682 Subintellige
1502 2646 1623 2676 debeant
1641 2648 1678 2682 (a.
1696 2648 1745 2682 τ.).

2145 2125 2168 2168 «Ξ

2145 2171 2173 2217 3:
