2227 3241
228 279 277 306 An.
300 278 328 306 c.
352 278 419 306 1603
465 268 529 302 ⁴170

244 606 355 627 Confirmat
371 605 416 626 Cle·

232 639 297 654 mens.

267 1949 385 1971 clausulae.

242 2342 247 2362 1
268 2315 379 2336 Contraria
389 2314 425 2335 tvl-

251 2345 272 2362 it.

1004 276 1181 301 Burmanni

429 326 633 361 donationem
650 324 808 359 dictarum
824 323 1023 357 decimarum
1043 323 1082 357 ab
1097 324 1166 368 ipso
1181 325 1184 335 ¹

428 380 611 424 praedictae
632 388 709 411 suae
729 376 894 417 ecclcsiae,
922 382 956 410 ut
975 377 1163 421 praefertur,

429 435 537 474 saetas,
557 443 616 477 pro
631 433 758 466 illarum
779 431 894 465 maiori
911 431 1074 465 validitate
1092 442 1168 475 apo-

430 487 560 520 stolicae
583 492 712 519 nostrae
732 485 988 518 confirmationis
1008 485 1168 529 praesidio

431 539 640 573 communiri:

476 595 492 636 g
507 592 536 626 3.
554 593 628 633 Nos,
646 592 731 626 illius
748 593 901 636 pietatem
919 602 1125 636 summopere
1138 592 1170 625 in

431 645 567 680 Domino
586 646 861 686 commendantes,
881 655 918 678 ac
932 645 1000 678 eius
1014 644 1074 688 piis
1090 645 1171 678 votis

431 709 575 732 annuere
601 698 785 742 cupientes,
810 698 1054 742 patentiumque
1087 697 1189 740 illius,

430 752 610 785 litterarum
632 751 869 795 praedictarum
894 757 1053 791 tenorem,
1082 762 1118 784 ac
1146 751 1170 783 si

431 806 470 838 ad
486 805 619 838 verbum
642 805 850 845 insereretur,
871 805 1094 849 praesentibus
1113 815 1172 848 pro

432 869 581 902 expresso
589 858 755 898 habentes⁷
769 858 1060 902 supplicationibus
1074 858 1172 901 ipsius
1189 881 1191 900 ξ

431 911 586 946 Bernardi
608 911 780 944 cardinalis
798 922 896 955 super
915 911 977 944 hoc
997 911 1090 944 nobis
1107 911 1170 944 hu-

432 964 553 997 militer
569 964 725 1008 porrectis
750 964 904 1005 inclinati,
925 964 1173 1007 assignationem

433 1022 464 1050 et
488 1017 696 1050 donationem
722 1017 939 1062 supradictas,
964 1028 1000 1050 ac
1029 1022 1175 1061 patentes

433 1070 501 1104 eius
516 1070 637 1104 litteras
651 1071 790 1115 desuper
804 1071 964 1104 confectas
977 1070 1174 1111 huiusmodi,

434 1129 465 1157 et
481 1124 513 1157 in
534 1124 596 1158 illis
616 1130 767 1158 contenta
785 1130 815 1158 et
832 1124 906 1158 inde
924 1130 1059 1167 sequuta
1076 1135 1175 1167 quae-

435 1188 594 1221 cumque,
623 1178 814 1211 auctoritate
850 1178 1028 1222 apostolica
1066 1184 1176 1212 tenore

434 1232 654 1276 praesentium
689 1238 846 1276 perpetuo
883 1232 1112 1265 confirmamus
1148 1238 1178 1266 et

436 1286 665 1329 approbamus,
686 1297 722 1319 ac
743 1291 918 1330 perpetuae
939 1292 969 1318 et
986 1285 1177 1319 inviolabilis

437 1340 632 1384 apostolicae
662 1340 822 1374 firmitatis
846 1341 964 1374 robore
990 1341 1174 1374 communi-

436 1404 519 1434 mus,
536 1404 695 1427 acomnes
709 1400 739 1428 et
753 1394 896 1437 singulos
910 1400 973 1428 tam
989 1394 1067 1428 iuris
1080 1406 1175 1438 quam

436 1447 508 1481 facti
529 1448 683 1488 desectus,
706 1448 732 1481 si
753 1448 807 1491 qui
828 1448 967 1491 desuper
986 1448 1018 1480 in
1039 1448 1102 1482 illis
1124 1449 1174 1482 in-

437 1501 643 1542 tervenerint,
657 1502 857 1545 supplemus,
874 1501 1010 1545 illasque
1020 1509 1177 1546 perpetuo

436 1554 567 1594 validas,
582 1554 691 1587 firmas
704 1558 734 1588 et
751 1555 896 1588 efficaces
910 1555 1043 1588 existere
1057 1561 1087 1588 ct
1099 1556 1178 1596 sore,

436 1618 576 1652 suosque
591 1608 753 1652 plenarios
769 1614 799 1641 et
813 1609 954 1651 integros
969 1609 1098 1642 effectus
1112 1620 1179 1643 sor-

437 1662 490 1695 tiri
511 1668 542 1695 et
561 1662 719 1703 obtinere,
741 1673 777 1696 ac
797 1673 854 1706 per
874 1673 1074 1696 successores
1095 1663 1177 1697 eius-

438 1716 508 1749 dem
535 1716 687 1749 Bernardi
706 1716 846 1760 episcopi
869 1716 1052 1757 cardinalis,
1077 1717 1179 1751 dictae

438 1769 590 1803 ecclesiae
606 1769 823 1804 Cracoviensis
838 1770 1001 1813 praesules
1014 1771 1061 1803 vel
1079 1771 1179 1804 admi-

438 1823 637 1863 nistratores,
656 1829 685 1856 et
698 1823 779 1857 alios
794 1834 1028 1867 quoscumque,
1045 1825 1084 1857 ad
1099 1835 1180 1868 quos

438 1877 612 1921 spectabit,
642 1877 793 1910 inviolate
818 1877 983 1910 observari
1008 1877 1136 1911 debere.

484 1930 544 1974 54.
562 1931 677 1976 Sicque
699 1937 728 1964 et
745 1942 809 1964 non
824 1931 917 1964 aliter
933 1942 991 1975 per
1008 1942 1180 1975 quoscum-

439 1997 503 2031 que
518 1986 640 2019 iudices
654 1985 836 2019 ordinarios
850 1991 880 2019 et
894 1986 1071 2028 delegatos,
1083 1985 1178 2018 etiam

440 2050 609 2074 causarum
625 2039 737 2073 Palatii
752 2039 926 2082 Apostolici
942 2039 1115 2079 auditores,
1134 2039 1180 2072 iu-

440 2095 540 2128 dicari
566 2099 597 2127 et
621 2093 748 2127 deliniri
776 2093 911 2133 debere,
936 2103 972 2126 ac
998 2093 1123 2125 irritum
1151 2099 1181 2126 et

440 2148 536 2182 inane
562 2147 720 2192 quidquid
749 2158 839 2180 secus
863 2158 960 2190 super
984 2146 1032 2180 liis
1057 2158 1074 2180 a
1100 2157 1180 2191 quo-

441 2201 667 2247 quam‚quavis
679 2200 1025 2241 auctoritate‚scienter
1036 2201 1083 2234 vel
1097 2200 1183 2243 igno·

441 2261 561 2296 ranter,
579 2254 750 2297 contigerit
767 2254 928 2294 attentari,
946 2254 1161 2288 decernimus.

487 2311 503 2352 ἓ
529 2308 559 2342 5.
588 2309 657 2343 Non
682 2307 893 2348 obstantibus,
918 2313 1076 2351 quatenus
1102 2318 1182 2352 opus

442 2363 492 2403 sit,
517 2362 617 2396 felicis
635 2361 869 2395 recordationis
889 2361 978 2395 Pauli
993 2362 1028 2401 ΙΙ,
1049 2367 1080 2395 et
1104 2372 1183 2405 quo-

441 2425 658 2459 rumcumque
680 2415 819 2448 aliorum
834 2415 1053 2448 Romanorum
1076 2415 1183 2448 Ponti-

442 2470 540 2504 ficum
550 2469 835 2513 praedecessorum
846 2474 1031 2501 nostrorum
1044 2468 1184 2501 derebus

442 2523 602 2557 Ecclesiae
622 2532 687 2556 non
699 2521 888 2562 alienandis,
913 2521 982 2555 aliis
1000 2522 1183 2565 queconsti-

444 2576 624 2611 tutionibus
646 2582 676 2610 et
697 2575 959 2609 ordinationibus
979 2575 1181 2619 apostolicis,

445 2641 481 2664 ac
502 2631 645 2664 eiusdem
667 2630 820 2664 ecclesiae
840 2629 1066 2670 Cracoviensis,
1088 2629 1183 2663 etiam

447 2684 644 2726 iuramento,
666 2683 913 2719 confirmatione
928 2683 1115 2728 apostolica,
1137 2683 1184 2716 vel

2144 62 2157 74 ἰ
2148 16 2155 32 n

1207 277 1358 302 ῃοΜΑΝυΜ
1948 275 1998 302 An.
2015 275 2045 303 C.
2067 275 2142 304 160&
2164 286 2169 289 ·

1200 324 1309 368 quavis
1330 324 1481 358 firmitate
1498 324 1559 357 alia
1576 324 1747 364 roboratis,
1767 324 1891 358 statutis
1908 329 1940 357 et

1201 378 1505 414 consuetudinibus,
1540 376 1740 421 caeterisque
1770 376 1939 411 contrariis

1202 431 1472 476 quibuscumque.

1245 485 1358 517 Datum
1383 485 1504 517 Rornae
1528 484 1613 528 apud
1640 488 1785 518 sanctum
1810 483 1940 517 Petrum

1204 538 1262 571 sub
1276 538 1395 570 annulo
1406 537 1574 570 piscatoris
1585 537 1636 570 die
1646 547 1688 571 xv
1699 536 1835 570 ianuarii
1846 546 1942 577 mncv,

1204 591 1410 635 pontificatus
1430 590 1531 624 nostri
1552 601 1636 624 anno
1650 601 1719 625 xm.

1241 654 1300 681 Dat.
1322 653 1365 681 die
1388 655 1419 681 15
1439 653 1556 680 ianuarii
1578 653 1657 686 1005,
1678 660 1722 680 an.
1746 651 1840 688 pontif.
1863 659 1923 680 x111.

1499 812 1642 847 CCCLXX
1649 840 1653 845 .

1207 910 1406 944 Adhortatio
1423 910 1466 943 acl
1482 910 1637 944 Monachi
1647 910 1819 943 dominum
1831 914 1868 943 ut
1880 911 1946 955 epi-

1252 975 1342 1008 scopo
1365 963 1605 997 Vintimiliensi
1617 974 1707 1008 opem
1719 964 1804 1007 ferat
1817 963 1859 998 ad
1870 974 1947 998 usu-

1253 1018 1356 1050 rasin
1375 1028 1434 1050 sua
1455 1017 1580 1051 ditione
1599 1016 1838 1061 extirpandas¹.

1237 1135 1351 1163 Dilecto
1367 1135 1428 1163 filio
1442 1134 1536 1162 nobili
1551 1135 1615 1162 viro
1631 1134 1753 1163 Herculi
1768 1135 1917 1163 Honorato

1443 1187 1580 1216 Monachi
1601 1187 1719 1216 domino

1416 1268 1550 1295 clemens
1570 1269 1649 1302 Papa
1667 1268 1745 1296 vm.

1282 1350 1393 1378 Dilecte
1415 1349 1481 1384 filii,
1498 1350 1607 1378 nobilis
1622 1350 1678 1385 vir,
1699 1351 1831 1378 salutem
1850 1353 1881 1378 et

1353 1404 1548 1438 apostolicam
1563 1404 1812 1432 benedictionem.

2172 1452 2186 1471 't

1258 1504 1273 1545 ξ
1299 1502 1324 1535 Ῑ.
1348 1502 1418 1536 Non
1444 1501 1599 1535 mediocri
1623 1501 1735 1549 dolore
1752 1512 1856 1546 nuper
1876 1501 1951 1536 affe·
1991 1512 2149 1534 Monachinm-
2177 1485 2194 1522 ’-

1213 1557 1253 1590 cti
1274 1566 1394 1597 sumus,
1413 1566 1484 1589 cum
1506 1555 1732 1596 intelleximus,
1759 1555 1791 1588 in
1811 1556 1863 1588 tua
1879 1555 1948 1590 Mo·
1965 1546 2006 1588 {32
2022 1539 2151 1562 ⁰¹⁸¹⁰⁰¹’“¹¹'
2175 1542 2190 1577 ’ξ

1214 1610 1308 1643 naclii
1336 1609 1459 1643 ditione
1487 1608 1606 1653 passim
1626 1619 1771 1649 usuram,
1793 1619 1859 1642 non
1884 1608 1953 1642 sine

1214 1664 1289 1698 sulci
1319 1663 1496 1697 catholicae
1526 1663 1686 1696 dedecore
1711 1663 1954 1707 multorumque

1214 1717 1376 1756 scandalo,
1400 1716 1552 1749 exerceri.
2172 1749 2175 1753 ,

1259 1772 1275 1813 {1
1296 1770 1325 1803 iz.
1350 1771 1453 1810 Quae,
1475 1780 1546 1803 cum
1569 1769 1762 1803 christianae
1787 1767 1951 1809 charitati,
2000 1776 2178 1813 Cimmm.
2202 1810 2204 1814 y

1214 1830 1309 1868 atque
1323 1823 1472 1857 humanis
1490 1822 1669 1866 divinisque
1686 1822 1811 1865 legibus
1821 1822 1954 1856 omnino
1969 1813 2154 1862 ἱξῆἓέῃῗωνᾝῗί
2185 1836 2203 1853 a

1216 1883 1381 1921 repugnet,
1399 1882 1494 1920 atque
1516 1876 1556 1909 ad
1577 1886 1646 1908 eam
1668 1875 1890 1919 extirpandam
1903 1885 1956 1909 ve-
1969 1867 2105 1921 {¹.¹=¹{‚¹5=¹¹0‘t.⁰³⁸
2119 1871 2154 1888 δι’
2176 1867 2183 1901 5
2202 1892 2204 1895 ’

1215 1929 1351 1963 nerabili
1372 1929 1463 1962 fratri
1488 1928 1649 1972 Stephano
1675 1928 1826 1973 episcopo
1857 1928 1957 1962 Vinti-

1216 1983 1365 2024 miliensi,
1379 1989 1414 2016 ut
1434 1989 1500 2016 toto
1518 1989 1647 2027 pectore
1663 1983 1693 2015 in
1714 1982 1809 2016 huius
1825 1982 1955 2016 sceleris

1215 2037 1460 2081 extirpationem
1478 2036 1653 2077 incumbat,
1676 2036 1952 2077 mandaverimus3

1260 2092 1275 2133 ξ
1297 2090 1326 2124 3.
1348 2091 1410 2124 Nos
1430 2100 1489 2134 pro
1510 2092 1620 2123 nostra
1632 2089 1785 2134 pastorali
1798 2089 1955 2123 sollicitu-

1217 2144 1308 2185 diue,
1337 2154 1400 2189 qua
1433 2143 1508 2177 vitia
1537 2154 1574 2176 ex
1599 2143 1769 2177 hominum
1796 2142 1955 2177 mentibus

1217 2197 1307 2230 evelli
1326 2197 1523 2241 virtutesque
1543 2196 1637 2230 inseri
1652 2202 1813 2240 optamus,
1831 2207 1867 2230 ex
1882 2201 1959 2230 voto-

1218 2251 1313 2285 etiam
1341 2251 1574 2284 venerabilium
1603 2252 1739 2284 fratrum
1769 2255 1956 2283 nostrorum

1217 2311 1346 2338 sanctae
1366 2305 1530 2338 Romanae
1554 2304 1716 2337 Ecclesiae
1742 2302 1956 2337 cardinalium
2175 2308 2191 2342 t

1218 2359 1299 2392 sacri
1322 2358 1455 2393 Concilii
1480 2358 1658 2391 Tridentini
1678 2359 1903 2402 interpretum,
1928 2362 1958 2390 te
2166 2364 2201 2402 ὃς

1218 2414 1396 2453 hortamur,
1418 2418 1453 2445 ut
1473 2412 1542 2457 pios
1559 2412 1657 2445 hosce
1678 2417 1810 2445 conatus
1829 2412 1882 2444 tua
1903 2420 1959 2443 au-

1219 2466 1365 2500 ctoritate
1385 2476 1450 2499 non
1471 2466 1575 2499 solum
1595 2464 1706 2498 fulcire
1725 2463 1960 2504 etdefendere,

1219 2521 1275 2554 sed
1292 2520 1388 2553 etiam
1413 2529 1605 2563 promovere
1630 2524 1660 2552 et
1684 2518 1836 2552 adiuvare
1861 2517 1956 2557 velis;

1219 2573 1263 2608 sic
1284 2574 1369 2606 enim
1387 2583 1566 2616 pauperum
1581 2571 1636 2605 tibi
1650 2571 1867 2612 subditorum,
1884 2580 1960 2614 quo-

1995 2093 2053 2115 Nune
2060 2093 2156 2114 hortatur
2171 2095 2181 2103 ⁴*

1969 2120 2077 2142 dominum
2104 2121 2156 2149 tem3

1969 2146 2071 2174 poi-alem,
2094 2147 2117 2166 ut
2136 2150 2158 2166 u
2175 2145 2190 2164 '.·

1970 2179 2032 2202 opem
2047 2173 2108 2194 rei-at.

1258 2690 1280 2717 ¹.
1299 2689 1337 2717 Ex
1350 2688 1457 2725 Regest.
1475 2687 1502 2715 in
1517 2686 1618 2715 secret.
1634 2686 1715 2715 Brev.
