2227 3241
51 243 91 270 An
118 241 146 269 C.
167 240 236 270 1609

81 729 203 751 Exordium.

102 1102 169 1123 Locus
185 1101 243 1121 colu-

59 1136 119 1151 mnae
126 1129 246 1150 stamen-

60 1157 83 1177 tii
111 1158 243 1181 nuncupatus

60 1184 127 1210 asylus
140 1183 244 1203 facinoro-

61 1215 129 1231 sorum
145 1211 197 1230 erat.

98 1849 209 1870 Ecclesiast
216 1848 246 1868 ica

67 1876 197 1906 immunitate
214 1875 249 1895 de-

65 1906 164 1924 nituntur.

889 240 1009 265 PAuLus

560 289 672 324 CXLII.

250 395 352 430 Locus
376 395 547 430 columnae
571 397 676 429 sancti
700 396 875 428 Laurentii
899 406 987 428 nun-

295 454 433 493 capatus
457 451 492 482 in
524 451 652 483 cii-itale
677 449 914 482 Mediolanensi
939 460 988 482 ec-

296 503 478 536 clesiastica
496 504 650 546 privatur
670 503 891 535 immunitate.

491 593 601 620 Paulus
628 592 706 626 Papa
724 593 761 624 V,

373 648 408 673 ad
429 648 604 679 perpetuam
625 645 669 673 rei
689 646 869 673 memoriam.

298 716 388 750 Vices
409 716 504 757 illius,
521 716 576 761 qui
595 717 704 750 dilexit
720 717 872 750 iustitiam
888 722 917 749 et
929 716 995 749 odit

256 771 480 815 iniquitatem,
512 781 547 803 ae
578 777 748 814 propterea
783 770 871 804 unxit
906 770 993 804 illum

255 825 347 867 Deus,
372 824 454 858 Deus
479 824 547 857 eius
572 834 649 868 prae
675 824 879 857 consortibus
908 824 996 863 eius,

256 887 452 922 quamquam
472 877 636 917 immeriti,
660 883 806 920 gerentes
833 877 863 910 in
892 877 994 918 terris,

257 942 293 964 ex
320 931 428 964 debito
455 930 553 963 officii
579 931 680 963 nostri
707 931 879 974 praecipue
900 931 997 964 dehe—

259 995 329 1018 mus
349 984 505 1017 scelerum
532 984 684 1023 fomenta,
710 995 782 1017 eum
805 994 994 1028 possumus,

258 1038 391 1071 omnino
413 1037 596 1082 prohibere.

303 1092 318 1135 ᾖ
335 1092 364 1124 ’1.
387 1092 493 1136 Nuper
513 1091 671 1135 siquidem
688 1092 830 1135 pervenit
849 1092 888 1125 ad
906 1102 999 1125 aures

259 1151 395 1186 nostras,
417 1156 479 1178 non
502 1145 570 1178 sine
596 1145 692 1177 animi
715 1145 813 1178 nostri
841 1146 995 1185 molestia,

260 1201 292 1233 in
320 1200 446 1233 civitate
477 1200 704 1233 Mediolanensi
734 1210 797 1232 non
824 1200 997 1233 admodum

261 1254 355 1296 longe
372 1253 411 1286 ab
438 1254 572 1287 ecclesia
592 1253 691 1287 saneti
711 1254 870 1286 Laurentii
894 1254 998 1286 locum

261 1318 340 1349 esse,
362 1307 528 1341 columnas
549 1306 690 1341 eiusdem
712 1307 812 1341 sancti
840 1307 999 1340 Laurentii

261 1366 496 1405 nuncupatum,
521 1361 603 1394 ultra
629 1361 759 1404 triginta
784 1371 932 1405 passuum
954 1361 1001 1393 in-

261 1415 428 1449 tervallum
454 1415 493 1448 ab
515 1416 625 1448 eadem
648 1416 780 1449 ecelesia
806 1416 998 1455 distantem,

261 1468 316 1512 qui
337 1468 467 1512 quidem
491 1468 590 1507 locus,
615 1469 767 1512 quoniam
791 1468 1002 1502 ecelesiastica

262 1521 464 1567 immunitate
486 1522 614 1564 gaudet,
636 1522 676 1554 oh
695 1522 762 1555 eius
783 1522 1004 1565 opportunita-

264 1580 339 1615 tem,
364 1575 620 1608 saeinorosorum
641 1575 807 1608 hominum
831 1586 867 1608 ae
890 1575 1003 1608 merita

261 1628 419 1662 scelerum
446 1627 603 1672 supplicia
625 1628 814 1671 fugientium
843 1634 872 1662 et
897 1629 1003 1661 curiae

263 1682 436 1716 saecularis
456 1682 694 1715 contumacium
717 1683 955 1726 receptaculum
975 1689 1002 1715 et

263 1736 397 1780 asylum,
422 1746 485 1769 non
507 1736 575 1769 sine
596 1736 682 1780 pacis
699 1736 847 1780 publicae
866 1742 896 1769 et
917 1736 1005 1770 iusti-

264 1789 326 1823 tiae
345 1789 549 1830 detrimento,
571 1789 691 1822 existit:

309 1842 324 1886 ξ
345 1842 375 1875 2.
399 1843 601 1887 Quapropter
618 1853 676 1876 nos
697 1843 771 1876 huic
786 1844 880 1883 malo,
905 1854 1006 1887 quan—

267 1902 332 1930 tum
355 1907 427 1929 eum
446 1897 583 1930 Domino
603 1907 784 1940 possumus,
808 1907 867 1941 pro
892 1903 1002 1941 pasto-

266 1949 341 1983 ralis
362 1950 458 1983 officii
480 1950 588 1983 debito
610 1950 779 1994 providere
799 1951 952 1991 volentes,
977 1957 1004 1984 et

266 2004 327 2037 loci
345 2004 499 2048 praedicti
511 2004 800 2045 denominationes,
814 2005 921 2045 situm,
936 2015 1008 2038 con-

266 2058 343 2091 finia
363 2064 394 2091 et
414 2058 491 2090 alias
513 2058 778 2099 circumstantias,
800 2068 858 2092 nec
870 2068 932 2092 non
950 2059 1008 2091 im-

267 2112 430 2146 munitatis
469 2112 653 2145 huiusmodi
693 2112 936 2156 privilegiorum
979 2118 1006 2145 et

266 2165 499 2209 seripturarum
531 2171 657 2198 tenores
694 2165 918 2208 praesentibus
950 2176 1008 2209 pro

267 2218 466 2252 sufficienter
483 2219 638 2262 expressis
653 2225 682 2252 et
699 2219 737 2252 ad
753 2219 887 2252 veritum
908 2219 1009 2252 inser·
1025 2230 1027 2258 ε

269 2272 308 2305 tis
329 2272 502 2309 habentes.
527 2279 616 2305 motu
649 2272 781 2316 proprio
811 2279 841 2305 ct
861 2283 896 2304 ex
923 2276 1008 2306 certa

269 2325 401 2358 scientia
422 2327 540 2365 nostra,
559 2328 747 2369 maturaque
762 2326 1006 2364 deliberatione,

268 2378 466 2423 praedictum
491 2380 607 2420 locum,
630 2380 795 2412 columnas
809 2379 908 2411 sancti
931 2379 1011 2412 Lau-

269 2433 360 2466 rentii
375 2439 606 2477 nuncupatum,
620 2433 704 2465 ultra
719 2431 1008 2475 trigintalutssuutn
1027 2450 1028 2463 t

269 2485 470 2519 intervallum
497 2486 536 2519 ab
563 2485 696 2519 ecelesia
721 2485 884 2529 praedicta
909 2485 1028 2518 sancti,

269 2538 430 2572 Laurentii
450 2539 633 2579 distantem,
658 2538 807 2572 videlicet
828 2538 1006 2579 columnas,

271 2593 530 2633 intercolumnia,
547 2594 731 2638 apothecas,
757 2593 882 2634 domos,
907 2593 1010 2626 taher-

272 2656 339 2687 nas,
360 2646 513 2687 officinas,
530 2647 691 2687 viridaria,
708 2653 823 2688 curtes,
838 2656 892 2680 seu
907 2656 1007 2684 areas,
1027 2652 1029 2679 t

1034 241 1053 263 v
1077 240 1126 265 1³1³.

1024 289 1193 328 anditum,
1219 298 1272 320 seu
1305 287 1486 326 transitum,
1514 296 1571 330 per
1602 296 1695 329 quem
1727 286 1766 318 ad

1024 342 1162 385 plateam
1186 341 1368 386 praedictae
1394 341 1547 374 ecclesiae
1573 340 1655 379 itur,
1684 339 1764 372 viam

1025 406 1079 428 seu
1106 395 1200 428 situm
1235 396 1317 428 inter
1342 395 1515 439 apothecas
1545 401 1571 427 et
1601 394 1767 426 columnas

1026 449 1211 482 existentem
1228 450 1323 492 (quae
1338 448 1455 484 omnia,
1476 448 1558 480 sicut
1572 447 1764 491 accepimus,

1027 502 1233 534 continentur
1268 502 1350 534 intra
1383 501 1542 545 spatium,
1567 500 1653 544 quod
1680 503 1725 533 e'st
1752 510 1768 532 a

1028 555 1188 588 columnis
1208 555 1382 599 praedictis
1404 554 1441 587 ad
1468 555 1605 598 plateam
1625 553 1767 587 eiusdem

1028 609 1179 641 ecelesiae
1194 608 1364 649 exclusive,
1380 607 1469 640 cuius
1483 607 1575 651 spatii
1591 606 1768 649 longitudo¹

1030 667 1165 701 tantum,
1194 668 1348 706 quantum
1375 662 1544 694 columnae
1569 661 1654 704 ipsae
1678 671 1770 704 prae-

1029 715 1142 757 dictae,
1157 722 1187 748 et
1201 716 1239 749 ah
1256 726 1320 748 uno
1335 716 1432 748 latere
1451 715 1488 747 ad
1502 715 1645 748 anditum
1659 725 1770 757 usque,

1030 779 1093 812 quo
1115 769 1153 802 ad
1175 769 1289 802 domos
1304 768 1507 801 canonicales
1526 768 1599 805 itur,
1613 767 1770 800 exclusive

1031 828 1059 855 et
1088 833 1152 855 non
1182 822 1263 855 ultra
1296 822 1500 861 extenditur,
1531 821 1667 854 latitudo
1695 831 1770 853 vero

1031 876 1136 920 quoad
1156 881 1277 920 partem
1301 876 1443 919 quidem,
1467 885 1548 918 quae
1570 875 1769 908 dextrorsum

1032 937 1077 963 est
1098 930 1247 963 euntibus
1268 940 1284 962 a
1304 929 1462 962 columnis
1480 928 1653 972 praedictis,
1671 938 1771 972 prope

1032 983 1151 1016 dietum
1174 983 1318 1015 anditum
1341 983 1379 1015 ad
1393 983 1529 1026 plateam
1549 981 1652 1014 dietae
1673 981 1773 1014 eecle-

1032 1037 1096 1071 siac
1116 1038 1200 1071 ultra
1225 1037 1437 1081 quadraginta
1464 1042 1493 1069 et
1518 1047 1637 1075 unum,
1665 1035 1771 1080 quoad

1033 1091 1164 1123 alteram
1187 1100 1261 1123 rero
1288 1096 1423 1134 partem,
1452 1100 1534 1133 quae
1559 1089 1687 1122 sinistra
1712 1094 1769 1129 est,

1034 1154 1090 1187 per
1115 1143 1263 1177 eumdem
1286 1143 1428 1176 anditum
1455 1143 1494 1175 ah
1521 1143 1631 1175 iisdem
1652 1143 1774 1175 colum-

1034 1197 1082 1230 nis
1110 1197 1230 1241 pariter
1260 1197 1418 1235 euntibus,
1443 1202 1472 1229 et
1493 1196 1600 1240 quoad
1628 1196 1772 1229 anditum

1035 1251 1137 1295 ipsum
1161 1251 1289 1293 triginta
1312 1250 1370 1283 tria
1392 1250 1523 1284 brachia
1545 1260 1712 1284 mensurae
1731 1250 1775 1282 il-

1036 1306 1137 1338 larum
1158 1304 1296 1348 partium
1312 1314 1374 1338 non
1398 1304 1535 1346 excedit)
1550 1304 1771 1347 perdilectum

1037 1358 1137 1391 tilium
1156 1358 1310 1391 vicarium
1326 1357 1516 1390 venerahilis
1531 1357 1635 1390 fratris
1652 1356 1774 1389 archie-

1037 1411 1157 1455 piscopi
1180 1410 1423 1444 Mediolanensis
1439 1410 1468 1442 in
1484 1410 1704 1453 spiritualibus
1722 1419 1775 1451 ge-

1037 1465 1198 1505 neralem,
1227 1475 1299 1497 cum
1333 1464 1512 1497 interventu
1538 1473 1695 1507 personae
1720 1473 1777 1506 per

1037 1519 1158 1551 curiam
1180 1518 1376 1551 saecularem
1399 1517 1541 1550 eiusdem
1564 1517 1698 1550 civitatis
1724 1517 1777 1550 de-

1038 1573 1210 1617 putandae,
1226 1571 1488 1611 te1·minandum²,
1503 1571 1691 1604 auctoritate
1706 1581 1778 1614 apo-

1037 1626 1159 1665 stolica,
1181 1631 1291 1658 tenore
1316 1624 1554 1668 praesentium,
1576 1624 1777 1657 immunitate

1038 1679 1252 1712 ecelesiastica
1275 1678 1436 1722 praedicta
1454 1683 1611 1721 perpetuo
1632 1677 1778 1711 destitui-

1040 1742 1120 1772 mus
1138 1732 1179 1765 ita
1200 1732 1286 1776 quod
1313 1731 1522 1775 imposterum
1547 1730 1708 1774 perpetuis
1729 1730 1775 1763 su-

1041 1786 1118 1819 turis
1144 1784 1344 1829 temporibus
1369 1785 1407 1817 ad
1439 1785 1544 1817 locum
1572 1784 1776 1824 huiusmodi,

1041 1840 1123 1873 intra
1148 1838 1332 1872 huiusmodi
1355 1838 1433 1871 lines
1459 1844 1486 1870 et
1509 1838 1611 1881 spatia
1631 1847 1779 1881 compre-

1040 1894 1173 1927 hensum
1201 1893 1376 1933 dumtaxat,
1401 1902 1436 1925 ex
1461 1901 1665 1935 quacumque
1686 1893 1779 1924 causa

1041 1947 1282 1990 confugientes,
1307 1952 1358 1979 aut
1385 1946 1414 1979 in
1442 1946 1478 1979 iis
1504 1947 1665 1989 degentes,
1691 1945 1780 1978 nullo

1041 2001 1273 2035 ecclesiasticae
1296 2000 1507 2034 immunitatis
1528 2000 1695 2044 privilegio
1708 2010 1782 2043 gau-

1042 2055 1148 2095 deant,
1173 2055 1227 2087 sed
1247 2054 1277 2087 in
1300 2054 1414 2087 iudicis
1432 2054 1479 2087 sui
1500 2060 1656 2098 potestate
1677 2054 1778 2087 libere

1043 2115 1241 2148 remaneant,
1264 2108 1401 2152 indeque
1427 2108 1547 2141 extrahi
1569 2108 1689 2152 alisque
1714 2108 1780 2140 ullo

1042 2172 1194 2196 censurae
1209 2173 1245 2195 ac.
1256 2171 1378 2205 poenae
1393 2161 1625 2195 ecclesiasticae
1640 2162 1781 2201 incursu,

1043 2216 1177 2260 perinde
1198 2221 1292 2259 atque
1318 2226 1334 2248 e
1360 2215 1493 2248 caeteris
1518 2215 1596 2248 lot-is
1621 2215 1781 2258 praedicta

1044 2269 1245 2302 immunitate
1266 2279 1328 2301 non
1347 2268 1571 2311 gaudentibus,
1596 2268 1733 2312 possint:

1088 2324 1103 2365 ξ
1122 2322 1152 2355 3.
1176 2323 1386 2356 Decernentes
1408 2323 1449 2355 ita
1470 2329 1497 2355 ct
1525 2332 1588 2355 nou
1609 2322 1701 2354 aliter
1726 2332 1783 2365 per

1043 2386 1264 2420 quoscumque
1290 2376 1412 2410 iudices
1437 2375 1617 2409 ordinarios
1639 2381 1668 2408 et
1694 2375 1782 2408 dele-

1078 2475 1090 2501 1
1110 2474 1172 2501 tteic
1187 2474 1329 2501 referimus
1341 2474 1505 2501 adauutssim
1521 2474 1583 2500 leet.
1597 2473 1674 2500 Maiu.
1687 2474 1782 2508 (ur).

1078 2519 1094 2545 2
1115 2519 1183 2546 Edit.
1202 2519 1280 2546 tttain.
1298 2519 1379 2546 habet
1395 2519 1562 2553 Ιννυιῐηιυι.,
1581 2518 1651 2553 quod
1668 2517 1718 2553 legi
1735 2517 1784 2544 de-

1044 2564 1088 2591 bet
1112 2564 1349 2597 terminandum;
1370 2563 1438 2590 idest
1463 2563 1536 2589 locus
1562 2562 1717 2598 praedictus
1737 2571 1785 2598 per

1045 2608 1195 2644 praedictos
1209 2608 1383 2636 determinari
1399 2607 1524 2643 debehat,
1538 2611 1565 2634 ut
1577 2611 1669 2643 postea
1681 2607 1785 2634 dicetur

1044 2654 1057 2688 s
1076 2654 1091 2679 c,
1107 2654 1144 2688 (n.
1163 2655 1190 2688 τ)

1670 226 1733 260 589
1781 236 1828 262 An.
1847 236 1874 263 c.
1899 237 1965 265 ione

1825 2329 1945 2350 Clausum-¹.
