2227 3241
267 289 319 316 An.
336 290 364 317 c.
387 289 456 318 1606
500 278 564 313 308

288 736 358 757 Canon
368 738 450 756 centum

265 765 373 783 sctitornni
388 768 452 788 super

265 789 343 815 palatio
356 789 452 810 cardina-

264 817 289 836 lis
300 817 395 836 tutelaris
409 822 451 836 res-

265 843 347 862 tituitur
357 843 384 863 ab
396 849 450 863 omni

265 869 304 895 ipsi
314 875 379 890 onero
389 870 449 891 liber.

467 338 565 371 latere
585 337 706 379 legatos
729 335 867 379 (sublata
888 335 932 369 eis
953 340 983 369 et
1004 345 1115 368 eorum
1138 335 1201 369 cui-

467 391 541 423 libet
564 390 674 434 quavis
698 389 792 422 aliter
812 389 974 422 iudicandi
997 395 1025 422 et
1048 389 1203 433 interpre—

468 443 553 476 tandi
575 443 725 476 facultate
747 448 777 476 et
797 443 1001 486 auctoritate)
1020 442 1153 476 iudicari
1176 448 1204 475 et

466 496 594 530 definiri
617 497 746 537 debere,
763 496 889 529 irritum
908 506 1037 540 quoque
1052 502 1082 529 et
1097 496 1201 537 inane,

465 550 489 583 si
510 561 602 583 secus
613 560 710 593 super
723 550 771 583 liis
788 560 806 583 a
823 560 998 594 quoquam,
1019 549 1130 594 quavis
1151 560 1205 582 au-
1221 542 1223 555 ³

466 603 623 644 ctoritate,
647 603 785 637 scienter
805 604 852 637 vel
878 603 1075 646 ignoranter,
1103 603 1205 637 conti-

466 657 547 699 gerit
564 657 725 690 attentari.

511 712 527 753 ἕ
550 710 578 743 7.
603 711 650 751 Εῑ,
668 710 743 754 quia
764 711 842 744 alias
854 710 954 744 felicis
975 709 1207 744 recordationis

467 763 612 798 Clemens
639 764 726 808 Papa
757 763 821 798 Vlll
842 765 1071 808 praedecessor
1100 770 1208 797 noster

467 819 538 861 (per
559 828 631 851 eum
647 824 789 862 accepto,
810 819 898 862 quod
915 819 1019 852 bonae
1034 819 1208 851 memoriae

466 870 594 904 Innicus
615 871 691 904 olim
710 870 880 915 episcopus
902 872 1087 905 portuensis
1105 871 1208 905 cardi-

466 925 548 958 nalis
568 925 607 958 de
628 925 789 967 Aragonia
811 932 1026 970 nuncupatus,
1050 926 1112 964 eui,
1133 931 1208 959 tunc

466 977 497 1010 in
516 978 665 1011 humanis
685 978 802 1021 agenti,
827 979 945 1012 dictum
965 979 1132 1023 palatium,
1152 990 1209 1023 per

466 1043 551 1073 eum,
569 1033 676 1076 quoad
698 1032 828 1075 viveret,
846 1035 1032 1073 tenendum,
1061 1034 1208 1066 habitan-

466 1086 554 1126 dum,
583 1087 815 1130 possidendum
842 1092 873 1120 et
897 1088 1204 1127 usust-uctuamlum‚

466 1150 537 1172 cum
551 1139 616 1172 suis
636 1139 759 1173 iuribus
780 1145 811 1173 et
831 1140 1032 1183 pertinentiis
1054 1140 1208 1173 universis

465 1193 643 1236 apostolica
663 1193 855 1226 auctoritaie
876 1198 1072 1226 reservatum
1095 1193 1208 1226 existe--

468 1246 532 1286 bat,
555 1256 713 1279 canonem
736 1257 879 1279 annuum
906 1246 1081 1289 nonaginta
1103 1253 1208 1280 scuto-

466 1310 536 1333 rum
560 1300 712 1333 similium
740 1305 834 1333 antea
853 1300 913 1333 sibi
931 1306 962 1333 et
982 1311 1040 1344 pro
1064 1306 1208 1344 tempore

466 1353 611 1386 existenti
626 1353 710 1387 dicto
725 1354 879 1387 cardinali
895 1354 1014 1387 titulari
1033 1365 1129 1398 super
1144 1365 1207 1387 ma-
1224 1384 1226 1390 χ

465 1409 527 1449 gna
547 1407 644 1440 domo
670 1407 834 1450 quondam
856 1408 977 1440 Horatii
1005 1408 1150 1441 lncellari
1173 1408 1208 1440 il-

467 1460 591 1504 liusque
621 1460 797 1501 viridario,
830 1471 847 1494 e
875 1467 1049 1505 conspectu
1082 1473 1118 1495 ac
1149 1462 1208 1495 sub

466 1514 663 1557 proprietate
685 1514 873 1558 directoque
893 1515 1038 1548 dominio
1064 1516 1206 1549 eiusdem
1224 1531 1226 1548 ι

466 1567 576 1611 palatii
596 1568 854 1608 consistentibus,
873 1568 1016 1601 debitum
1033 1569 1148 1602 exsolvi
1164 1580 1226 1630 so·¹

468 1621 571 1661 litum,
588 1622 730 1665 capitulo
749 1622 903 1655 ecclesiae
929 1623 1029 1655 sancti
1048 1622 1207 1655 Laurentii
1224 1652 1226 1659 ,

468 1674 653 1708 huiusmodi
671 1675 711 1707 ad
734 1675 832 1719 ipsius
853 1675 952 1709 Inniei
971 1676 1145 1709 cardinalis
1166 1676 1208 1708 vi·
1224 1670 1226 1697 i

469 1733 531 1761 tam
561 1729 736 1768 dumtaxat,
766 1735 796 1762 et
821 1740 885 1763 non
908 1730 1003 1769 ultra,
1033 1718 1226 1763 liberaliter-³

469 1787 607 1815 cesserat
627 1788 657 1836 et
675 1782 862 1825 donaverat)
883 1784 1012 1816 easdem
1031 1784 1208 1817 cessionem
1225 1794 1226 1806 ¹

469 1841 500 1868 et
518 1835 737 1877 donationem,
757 1836 816 1869 sub
836 1842 1002 1880 praetextu
1024 1838 1110 1880 quod
1137 1838 1209 1870 illae

470 1889 500 1922 in
519 1889 765 1934 exequutionem
784 1889 904 1923 decreti
925 1890 963 1923 ab
985 1890 1053 1934 ipso
1074 1891 1209 1934 praede-
1225 1884 1227 1909 ἶ

470 1953 594 1976 cessore
613 1943 645 1975 in
660 1942 764 1976 dictae
785 1943 937 1976 ecclesiae
954 1943 1054 1976 sancti
1069 1944 1209 1977 Lauren-

471 1997 504 2030 tii
532 1996 712 2030 visitatione
743 1997 881 2030 emanati
916 1997 1004 2041 (quo
1038 1998 1210 2031 cavebatur

470 2050 557 2094 quod
571 2060 630 2094 pro
644 2056 791 2094 tempore
803 2050 939 2084 existens
954 2051 1123 2085 cardinalis
1138 2051 1210 2085 titu-

470 2104 546 2137 laris
560 2103 659 2148 ipsius
676 2104 831 2138 ecclesiae
848 2103 950 2137 sancti
971 2104 1145 2145 Laurentii,
1162 2106 1210 2138 vel

471 2157 607 2201 quilibet
625 2157 706 2190 alius
719 2157 773 2201 qui
789 2157 864 2191 dicti
878 2157 987 2201 palatii
1001 2159 1208 2192 commodum

471 2211 614 2253 sentiret,
636 2217 763 2245 centum
783 2217 871 2245 scuta
885 2212 916 2244 in
932 2212 1075 2245 emendis
1089 2218 1119 2245 et
1136 2222 1211 2245 con-

471 2265 617 2299 ficiendis
634 2265 830 2309 paramentis
851 2270 880 2299 et
897 2265 1096 2299 ornamentis
1110 2266 1149 2299 ad
1163 2276 1211 2299 sa-

472 2329 525 2352 cra
555 2324 586 2352 et
620 2318 726 2352 divina
754 2319 786 2352 in
818 2319 929 2352 eadem
952 2319 1085 2352 ecclesia
1110 2319 1210 2352 sancti

472 2373 635 2406 Laurentii
656 2373 807 2406 decenter
827 2373 1009 2416 peragenda
1034 2372 1125 2405 annis
1146 2372 1210 2405 sin-

472 2426 555 2469 gulis
581 2426 761 2470 expendere
787 2431 817 2459 et
846 2426 1028 2469 persolvere
1060 2425 1211 2467 deberet)

474 2479 575 2513 sactae
602 2479 752 2519 fuissent,
781 2479 899 2512 nedum
929 2478 991 2511 vita
1012 2478 1086 2512 dieti
1112 2478 1211 2511 lnnici

474 2532 614 2576 episcopi
626 2538 656 2565 et
667 2532 850 2573 cardinalis,
868 2542 904 2565 ac
920 2542 990 2571 usu,
1004 2531 1210 2572 habitatione,

474 2586 646 2619 commodo
664 2590 694 2619 et
712 2585 879 2619 usufructu
899 2584 1006 2629 palatii
1027 2584 1211 2617 huiusmodi

474 2639 675 2680 durantibus,
703 2649 812 2673 verum
831 2638 926 2672 etiam
946 2637 1110 2682 perpetuis
1136 2644 1213 2671 tem-

475 2692 607 2735 poribus
627 2692 747 2727 validas
765 2692 900 2727 existere
921 2691 977 2735 (ita
994 2696 1028 2725 ut
1045 2691 1211 2735 responsio

1051 287 1233 312 BULLARIUM
1249 287 1402 312 ROMANUM

1238 335 1314 369 dieti
1335 333 1433 368 annui
1452 334 1586 368 canonis
1599 344 1728 378 semper
1743 335 1782 368 ad
1801 336 1982 380 praedictos

1237 386 1424 432 capitulum⁴
1440 388 1622 431 pertineret,
1633 398 1670 421 ac
1683 387 1772 422 eisin
1786 395 1981 433 perpetuum

1238 452 1255 474 a
1276 441 1362 474 dicto
1383 441 1516 474 Horatio
1536 441 1669 485 eiusque
1691 441 1722 474 in
1743 444 1858 484 magna
1879 442 1977 476 domo

1238 495 1401 539 praedicta
1418 495 1658 528 successoribus
1678 494 1814 539 persolvi
1834 495 1977 537 deberet,

1240 546 1421 581 nec⁹dictus
1433 547 1603 581 cardinalis
1617 548 1753 581 titularis
1764 558 1823 592 pro
1839 554 1982 592 tempore

1240 601 1387 641 existens,
1411 611 1467 634 seu
1489 600 1624 644 quilibet
1649 601 1730 634 alius
1751 600 1806 644 qui
1832 600 1907 634 dicti
1927 611 1982 645 pa-

1240 654 1307 688 latii
1324 665 1429 693 usum,
1446 655 1679 688 habitationem
1698 660 1752 688 aut
1771 655 1982 688 commodum

1241 708 1521 752 qualitercumque
1542 708 1675 742 haberet
1701 714 1731 742 et
1755 708 1898 749 sentiret,
1922 708 1981 740 ali-

1242 762 1318 806 quid
1345 762 1423 795 iuris
1444 762 1582 806 amplius
1602 762 1633 795 in
1655 762 1864 806 responsione
1884 761 1982 795 annui

1242 816 1373 849 canonis
1399 815 1584 849 huiusmodi
1610 815 1729 850 habere
1755 822 1809 849 aut
1834 821 1983 860 praeten-

1243 870 1317 902 dere
1336 869 1583 913 quomodolibet
1603 869 1762 913 possent⁸,
1786 880 1822 903 ae
1839 869 1927 903 omni
1952 875 1984 904 et

1244 928 1309 956 toto
1328 923 1398 955 iure
1416 922 1491 966 ipsis
1509 923 1555 955 vel
1575 923 1644 956 aliis
1658 923 1830 967 praedictis
1845 924 1983 967 desuper

1243 977 1549 1021 quomodocumque
1565 983 1768 1021 competente
1781 977 1894 1021 privati
1909 987 1984 1011 een·

1242 1036 1401 1071 serentur,
1426 1031 1480 1064 sed
1499 1042 1625 1064 annuns
1646 1042 1749 1065 canon
1770 1037 1800 1064 et
1826 1031 1910 1064 illius
1931 1041 1982 1064 re-

1242 1085 1372 1128 sponsio
1394 1084 1577 1118 lmiusmodi
1600 1091 1681 1118 esset
1702 1092 1731 1118 et
1749 1085 1984 1127 intelligeretur

1243 1149 1310 1171 esse
1327 1139 1385 1171 sub
1404 1138 1491 1171 omni
1506 1139 1585 1178 iure,
1603 1139 1799 1182 proprietate
1817 1144 1847 1172 et
1861 1133 1983 1172 directo

1243 1192 1387 1225 dominio
1403 1192 1500 1235 ipsius
1515 1192 1666 1225 ecclesiae
1681 1192 1780 1225 sancti
1794 1191 1980 1235 Laurentii),

1244 1246 1367 1289 reliqua
1381 1252 1486 1278 autem
1501 1247 1611 1279 decem
1628 1252 1715 1279 scuta
1729 1257 1830 1290 usque
1848 1246 1888 1279 ad
1901 1257 1985 1280 sum-

1244 1310 1326 1332 inam
1343 1306 1471 1333 centuni
1487 1306 1650 1333 scutorum
1667 1300 1905 1344 praedictorum
1920 1305 1983 1334 tam

1243 1363 1259 1385 a
1271 1352 1355 1385 dieto
1370 1353 1480 1386 lnnieo
1495 1353 1646 1396 episcopo
1661 1359 1691 1386 et
1703 1353 1983 1397 cardinale,quam

1243 1406 1312 1439 aliis
1326 1406 1441 1439 suturis
1455 1407 1671 1439 cardinalibus
1691 1407 1771 1439 tituli
1789 1407 1889 1440 sancti
1903 1407 1984 1441 Lau-

1244 1460 1338 1492 rentii
1357 1460 1552 1499 huiusmodi,
1569 1471 1624 1493 seu
1639 1460 1713 1493 dieti
1733 1460 1840 1504 palatii
1858 1470 1984 1504 posses-

1243 1513 1381 1553 soribus,
1406 1519 1457 1545 aut
1481 1513 1558 1546 alias
1577 1514 1784 1546 commodum
1800 1524 1836 1546 ex
1854 1524 1892 1547 eo
1912 1523 1984 1547 sen-

1244 1566 1406 1607 tientibus,
1431 1566 1597 1599 annuatim
1619 1567 1768 1610 persolvi,
1786 1566 1868 1599 acin
1889 1577 1981 1600 usum

1243 1626 1505 1663 paramentorum
1525 1625 1556 1653 et
1576 1627 1843 1654 ornamentorum
1856 1621 1983 1665 praedi-

1243 1679 1366 1706 ctorum
1383 1684 1440 1717 per
1457 1673 1558 1706 dictos
1575 1673 1748 1717 capitulum
1769 1680 1798 1707 et
1811 1674 1984 1708 canonicos

1244 1726 1386 1770 impendi
1408 1732 1503 1770 atque
1521 1727 1663 1760 converti
1686 1727 1802 1761 debere
1824 1727 1980 1769 decrevit3

1244 1785 1273 1812 et
1287 1779 1495 1814 nibilominus
1507 1791 1648 1813 annuum
1665 1790 1820 1814 canonem
1835 1780 1984 1825 illiusque

1245 1834 1485 1877 responsionem
1515 1834 1699 1867 huiusmodi
1721 1834 1752 1866 in
1777 1834 1927 1867 eumdem
1948 1845 1984 1867 u-

1244 1898 1313 1920 sum
1332 1887 1505 1931 applicavit
1526 1894 1555 1921 et
1581 1888 1810 1932 appropriavit,
1834 1893 1931 1931 prout
1950 1887 1982 1920 in

1245 1940 1343 1984 ipsius
1361 1941 1616 1984 praedecessoris
1636 1941 1749 1974 litteris
1767 1942 1904 1985 desuper
1923 1941 1982 1974 suh

1244 1995 1364 2027 annulo
1388 1994 1558 2028 piscatoris
1586 1994 1742 2038 expeditis
1762 1994 1887 2038 plenius
1907 2005 1984 2028 con·

1246 2047 1395 2080 tinetur⁴:
1421 2047 1623 2081 indemnitati
1645 2047 1788 2081 eiusdem
1811 2047 1983 2081 cardinalis

1246 2101 1381 2134 titularis
1413 2111 1471 2145 pro
1503 2107 1648 2146 tempore
1677 2101 1838 2135 existentis
1866 2101 1926 2135 hae
1950 2101 1983 2135 in

1244 2160 1333 2198 parte
1353 2154 1539 2198 prospicere
1559 2156 1710 2196 volentes,
1731 2155 1835 2199 ipsum
1856 2165 1893 2188 ae
1918 2154 1984 2189 dic-

1246 2213 1311 2241 tum
1334 2207 1402 2241 eius
1421 2207 1575 2252 palatium
1595 2208 1747 2242 adversus
1768 2208 1931 2241 decretum
1953 2213 1984 2242 et

1245 2262 1367 2295 litteras
1387 2261 1648 2306 praedecessoris
1668 2261 1865 2303 huiusmodi,
1889 2272 1926 2295 ac
1950 2261 1983 2295 in

1246 2314 1429 2358 pristinum,
1449 2320 1477 2348 et
1492 2325 1577 2356 eum,
1594 2315 1625 2347 in
1646 2325 1711 2359 quo
1731 2320 1825 2348 antea
1846 2325 1984 2359 quomo-

1246 2368 1366 2401 dolibet
1387 2374 1489 2409 erant,
1513 2374 1630 2402 statum
1652 2368 1683 2401 in
1705 2368 1857 2402 omnibus
1874 2373 1906 2402 et
1925 2379 1983 2412 per

1246 2422 1366 2463 omnia,
1383 2421 1518 2466 perinde
1538 2432 1574 2454 ae
1595 2422 1619 2456 si
1640 2422 1823 2455 nullatenus
1837 2431 1983 2455 emanas-

1245 2481 1326 2516 sent,
1351 2475 1560 2516 restituimus,
1587 2475 1774 2519 reponimus
1791 2481 1821 2509 et
1839 2474 1984 2519 plenarie

1283 2566 1291 2591 ¹
1317 2564 1403 2591 Facile
1418 2564 1494 2592 deest
1508 2567 1533 2592 el
1553 2565 1703 2592 canonicos
1716 2566 1753 2600 (n.
1771 2564 1818 2598 τ.>.

1279 2609 1296 2635 2
1316 2609 1439 2643 Legimus
1455 2617 1505 2636 nec
1520 2617 1568 2644 pro
1583 2617 1616 2636 ne
1632 2609 1673 2643 (n.
1685 2609 1734 2642 T.).

1280 2654 1295 2680 3
1314 2652 1563 2688 Legimuspossem
1579 2661 1626 2688 pro
1637 2653 1750 2688 possint
1762 2653 1799 2688 (n.
1810 2654 1857 2687 T.).

1279 2698 1294 2724 t
1310 2698 1365 2725 llae
1376 2698 1425 2725 litt.
1438 2697 1582 2725 Clementis
1590 2697 1644 2725 Vlll
1655 2698 1681 2725 in
1693 2699 1766 2726 Ball.
1776 2706 1827 2725 non
1836 2701 1897 2726 sunt
1907 2698 1981 2734 (nn).

2167 2050 2176 2056 ¹
2178 1819 2182 1822 .

2211 2167 2217 2235 1.-
2203 1841 2215 1892 *f*
2206 1797 2207 1812 μ
