2227 3241
233 274 282 299 An.
304 273 332 300 C.
352 273 419 300 1610

272 1511 354 1532 ludices
369 1517 415 1531 sae-

232 1539 320 1561 culares,
343 1544 378 1564 qui
394 1544 415 1557 se

233 1566 365 1590 interponunt
397 1566 415 1585 in

231 1597 302 1612 causis
321 1591 419 1616 capitali-

233 1619 278 1640 bus.
293 1624 330 1638 scu
348 1618 416 1638 crimi-

232 1645 316 1665 nalibus
345 1647 417 1665 contra

233 1677 334 1695 personas
350 1672 415 1692 ecclc-

232 1698 337 1719 siunins,

285 2417 419 2442 occupantes

236 2444 298 2466 bona,
307 2446 343 2464 aut
353 2446 419 2464 terras

235 2470 344 2491 Ecclesiae
379 2471 419 2492 Ro-

235 2502 309 2517 manae
325 2500 345 2518 et
360 2497 429 2519 iuris·'

235 2522 347 2544 dictionem
367 2526 420 2546 illius

237 2553 367 2576 usurpantes.

464 265 527 298 622

434 322 567 356 Romani
589 322 751 356 Pontificis
768 323 897 367 speciali
919 329 948 356 et
969 326 1115 367 expressa
1137 324 1173 356 li-

433 376 547 414 centia,
576 376 757 420 imponunt,
787 382 817 410 et
843 376 974 410 dirersis
1000 377 1094 410 etiam
1121 388 1172 411 ex-

433 429 557 472 quisitis
583 429 686 463 modis
707 430 846 473 exigunt,
870 435 925 464 aut
951 430 995 463 sic
1024 430 1172 474 imposita

433 483 526 516 etiam
545 494 563 516 a
576 489 689 528 sponte
704 484 854 517 dantibus
872 490 902 517 et
922 476 1171 519 concedentibus

432 537 602 580 recipiunt.
627 538 689 571 Nec
707 548 771 571 non
790 538 856 582 qui,
874 549 931 583 per
947 549 991 580 se,
1017 539 1063 572 vel
1082 539 1171 582 alios,

432 591 553 624 directe
579 592 625 625 vel
652 592 828 633 indirecte,
853 592 1018 637 praedicta
1043 593 1145 626 facere
1161 620 1168 634 ,

433 645 559 688 exequi,
577 646 624 678 vel
638 656 823 689 procurare,
839 652 892 679 aut
910 646 940 678 in
953 646 1072 680 eisdem
1085 646 1172 680 auxi-

432 697 534 738 lium,
563 699 732 732 consilium
760 700 806 733 vel
838 700 978 733 favorem
1007 706 1171 744 praestare

432 762 495 785 non
511 758 672 793 verentur,
690 752 920 797 cuiuscumque
936 753 996 786 sint
1013 753 1171 798 praeemi-

432 806 572 847 nentiae,
604 806 776 849 dignitatis,
804 807 937 849 ordinis,
967 807 1171 850 conditionis,

431 865 486 891 aut
514 864 635 901 statuS,
659 859 781 894 etiamsi
809 860 966 905 imperiali
989 866 1044 894 aut
1073 861 1172 904 regali

431 913 654 956 praefulgeant
667 914 832 956 dignitate,
850 925 906 948 seu
920 914 1094 959 principes,
1115 915 1172 948 du-

432 977 502 1006 ces,
527 967 670 1008 comites,
694 968 842 1009 barones,
863 974 894 1001 ct
915 969 967 1001 alii
988 974 1173 1012 potentatus

432 1020 641 1065 quicumque,
661 1021 756 1055 etiam
783 1021 898 1065 regnis,
919 1022 1104 1066 provinciis,
1128 1022 1172 1056 ci-

432 1073 580 1108 vitatibus
606 1081 636 1108 et
662 1075 753 1108 terris
773 1086 904 1120 quoquo
927 1076 1024 1110 modo
1048 1076 1172 1120 praesi-

431 1121 553 1169 dentes,
565 1128 739 1161 consiliarii
753 1134 783 1162 et
804 1134 978 1170 senatores²
995 1136 1050 1163 aut
1062 1130 1173 1174 quavis

432 1180 527 1214 etiam
548 1181 733 1225 ’pontificali
759 1182 915 1226 dignitate
944 1183 1096 1226 insigniti.
1121 1184 1172 1217 In-

430 1241 583 1269 novantes
615 1236 743 1270 decreta
772 1248 869 1281 super
899 1236 948 1270 his
980 1248 1038 1281 per
1066 1248 1172 1272 sacros

432 1299 594 1331 canones,
624 1296 686 1323 tam
713 1291 744 1323 in
770 1291 974 1324 Lateranensi
999 1291 1171 1325 novissime

431 1342 604 1383 celebrato,
630 1354 725 1387 quam
749 1344 818 1378 aliis
839 1344 983 1378 conciliis
1008 1344 1169 1387 generali-

430 1395 501 1436 bus,
523 1396 619 1437 edita,
640 1397 736 1431 etiam
755 1409 827 1431 cum
850 1398 994 1431 censuris
1012 1404 1042 1432 et.
1059 1399 1172 1443 poenis

433 1449 463 1482 in
490 1450 535 1484 eis
560 1451 727 1485 contentis.

477 1504 492 1545 ἓ
509 1504 559 1537 19.
576 1504 654 1537 Item
670 1506 985 1540 excommunicamus
999 1512 1030 1540 et
1043 1507 1173 1542 anatlie-

434 1556 620 1591 matizamus
649 1569 759 1592 omnes
790 1564 821 1592 et
844 1570 1067 1604 quoscumque
1100 1571 1169 1594 ma-

433 1611 581 1653 gistratus
615 1618 646 1645 et
675 1612 813 1653 Iudices,
842 1614 1004 1655 notarios,
1032 1614 1173 1655 scribas,

433 1671 656 1708 exequutores,
684 1665 958 1709 subexequutores
987 1668 1169 1710 quomodo-

434 1717 510 1751 libet
533 1729 566 1752 se
594 1719 832 1763 interponentes
865 1720 895 1753 in
925 1721 1027 1753 causis
1054 1721 1173 1765 capita-

433 1772 515 1805 libus
546 1783 601 1805 seu
633 1773 854 1806 criminalibus
887 1780 997 1807 contra
1023 1785 1174 1818 personas

433 1825 663 1859 ecclesiasticas
680 1853 687 1866 ,
724 1826 792 1859 illas
815 1827 1055 1870 processando‚
1090 1829 1170 1862 ban-

433 1879 563 1920 niendo,
587 1879 756 1923 capiendo,
784 1890 839 1913 seu
865 1880 1038 1914 sententias
1063 1887 1174 1915 contra

433 1932 502 1965 illas
523 1932 727 1976 proferendo,
744 1933 791 1965 vel
807 1934 1006 1977 exequendo,
1023 1935 1090 1968 sine
1103 1945 1173 1980 spe·

432 1985 515 2029 ciali,
532 1986 680 2030 specifica
702 1992 732 2020 et
753 1989 901 2031 expressa
926 1987 1021 2022 liuius
1045 1995 1173 2023 sanctae

432 2038 522 2072 Sedis
542 2039 744 2083 Apostolicae
770 2040 898 2073 licentia
914 2068 921 2082 ,
945 2041 1065 2085 quique
1090 2042 1173 2076 eius-

434 2092 521 2125 modi
539 2092 700 2126 licentiam
726 2094 764 2126 ad
790 2104 943 2137 personas
960 2100 991 2128 et
1004 2105 1094 2129 casus
1108 2106 1171 2129 non

433 2156 598 2190 expressos
623 2147 813 2188 extendunt,
841 2148 888 2181 vel
914 2148 991 2182 alias
1016 2148 1070 2182 ill-:1
1094 2160 1170 2193 per-

433 2208 543 2241 peram
571 2197 758 2239 abutuntur,
782 2199 905 2232 etiamsi
934 2199 1005 2232 talia
1027 2200 1174 2234 commit-

435 2257 535 2285 tentes
549 2251 666 2285 fuerint
683 2252 868 2293 consiliarii,
889 2258 1064 2295 senatores,
1081 2265 1174 2298 prae-

433 2305 583 2346 sidentes,
608 2306 802 2346 cancellarii,
826 2307 1089 2348 vicecancellarii,
1120 2314 1174 2341 ant

434 2359 546 2403 quovis
571 2359 634 2393 alio
658 2359 789 2393 nomine
813 2361 1001 2405 nuncupati.

480 2412 566 2454 3⁶20.
595 2414 672 2447 Item
703 2414 1020 2448 excommunicamus
1045 2420 1076 2448 et
1100 2425 1175 2449 ana-v

437 2466 678 2500 thematizamus
704 2478 815 2501 omnes
844 2467 925 2509 illos,
953 2469 1019 2512 qui,
1047 2480 1104 2513 per
1128 2480 1172 2510 se,

435 2529 491 2553 seu
510 2520 599 2561 alios,
621 2520 740 2554 directe
765 2521 813 2554 vel
832 2521 997 2561 indirecte,
1018 2522 1076 2555 sub
1094 2533 1175 2566 quo-

436 2584 573 2617 cumque
595 2574 686 2608 titulo
711 2574 758 2608 vel
780 2575 906 2615 colore,
931 2575 1101 2616 invadere,
1123 2576 1178 2609 de-

436 2633 570 2667 struere,
583 2633 746 2672 ‘occupare
756 2629 938 2662 etdetinere
956 2639 1177 2673 praesumpse-

437 2680 510 2716 rint,
534 2680 563 2712 iu
584 2687 684 2714 totum
709 2682 754 2715 vcl
775 2682 804 2714 in
826 2688 962 2725 partem,
979 2682 1096 2715 almam
1119 2682 1175 2715 Ur-

976 275 1071 299 BELLA
1078 275 1151 300 lllUM
1179 275 1328 300 ROMANUM

1206 324 1291 365 bem,
1315 333 1450 367 regnum
1476 323 1614 366 Siciliae,
1637 324 1756 359 insulas
1778 325 1946 360 Sardiniae

1206 382 1237 410 et
1260 377 1417 419 Corsicae,
1441 382 1542 425 terras
1567 377 1646 412 citra
1669 377 1829 421 Pharum,
1849 380 1948 424 patri-·

1208 431 1350 464 monium
1371 431 1456 466 beati
1474 431 1557 465 Petri
1570 431 1602 465 in
1622 431 1770 474 Thuscia‚
1793 432 1946 468 ducatum

1205 484 1424 529 Spoletanum,
1438 486 1624 520 comitatum
1639 485 1880 531 Venayssinum,
1892 486 1947 521 Sa-

1207 538 1383 580 binensem,
1397 539 1555 573 Marchiae
1572 539 1802 582 Anconitanae‚
1829 540 1946 574 Massae

1205 591 1396 634 Trebariae,
1420 592 1652 627 Romandiolae
1667 621 1675 635 ,
1699 592 1892 638 Campaniae
1917 599 1948 628 et

1207 645 1384 679 maritimas
1403 646 1597 690 provincias,
1625 646 1818 691 illarumque
1847 652 1947 681 terras

1206 704 1238 732 et
1262 699 1342 740 loca,
1366 709 1402 732 ac
1424 705 1524 732 terras
1544 699 1690 744 specialis
1710 699 1947 734 commissionis

1206 753 1414 786 Arnulforum
1431 781 1438 794 ,
1463 753 1668 797 civitatesque
1693 758 1817 787 nostras
1841 754 1947 787 Bono-

1206 807 1302 848 niam,
1318 803 1502 849 Caesenam,
1517 807 1707 850 Ariminum,
1721 802 1947 849 Beneventum,

1207 860 1384 902 Perusium,
1408 861 1609 903 Arinionem‚
1626 861 1790 896 Civitatem
1807 861 1944 902 Castelli,

1205 913 1392 955 Tudertum‚
1409 914 1601 956 Ferrariam,
1618 914 1813 962 Comaclum,
1827 920 1858 948 et
1870 914 1947 948 alias

1207 966 1361 1009 civitates,
1383 974 1482 1002 terras
1499 974 1530 1002 et
1548 968 1619 1003 loca
1638 969 1686 1003 vel
1705 969 1775 1002 iura
1789 969 1828 1002 ad
1846 968 1947 1013 ipsam

1206 1021 1385 1054 Romanam
1406 1022 1580 1056 Ecclesiam
1600 1022 1806 1067 pertinentia,
1828 1022 1948 1056 dictae-

1210 1086 1292 1120 quae
1310 1076 1473 1110 Romanae
1491 1076 1649 1110 Ecclesiae
1670 1076 1808 1110 mediate
1828 1076 1875 1110 vel
1889 1076 1948 1108 im-

1207 1129 1345 1163 mediate
1367 1129 1522 1170 subiecta,
1544 1140 1670 1164 necnon
1694 1139 1879 1175 supremam
1900 1129 1948 1162 iu-

1207 1182 1426 1217 risdictionem
1451 1183 1483 1216 in
1504 1183 1577 1225 illis,
1594 1183 1687 1217 nobis
1708 1189 1739 1217 et
1763 1183 1867 1217 eidem
1885 1183 1948 1216 Ro-

1208 1247 1322 1270 manae
1346 1236 1505 1271 Ecclesiae
1531 1243 1779 1282 competentem,
1803 1237 1842 1271 de
1863 1237 1946 1270 facto

1207 1300 1373 1334 usurpare,
1394 1290 1595 1334 perturbare,
1620 1290 1759 1325 retinere
1780 1296 1811 1324 et
1834 1299 1948 1323 vexare

1207 1344 1301 1378 variis
1323 1344 1426 1378 modis
1444 1351 1666 1389 praesumunt,
1686 1355 1812 1379 necnon
1830 1344 1948 1378 adhae-

1208 1404 1324 1440 rentes,
1349 1398 1486 1432 fautores
1507 1404 1537 1432 et
1552 1399 1736 1432 defensores
1750 1408 1877 1440 eorum,
1892 1408 1948 1432 seu

1207 1451 1268 1485 illis
1297 1451 1473 1493 auxilium,
1502 1452 1693 1493 consillum,
1721 1452 1768 1485 vel
1807 1451 1947 1485 favorem

1207 1506 1449 1550 quomodolibet
1471 1511 1678 1551 praestantes.

1251 1561 1268 1602 ξ
1287 1559 1339 1592 ⁶21.
1362 1560 1516 1593 Volumus
1531 1565 1713 1604 praesentes
1727 1564 1852 1593 nostros
1873 1569 1947 1603 pro-

1209 1624 1326 1653 cessus,
1350 1624 1385 1646 ac
1403 1613 1511 1646 omnia
1537 1619 1565 1647 et
1588 1623 1812 1657 quaecumque
1829 1612 1878 1646 his
1898 1611 1948 1645 lit-

1210 1666 1283 1699 teris
1305 1672 1453 1699 contenta
1468 1694 1475 1708 ‚
1499 1677 1668 1711 quousque
1689 1666 1742 1700 alii
1763 1665 1948 1700 huiusmodi

1208 1730 1377 1763 processus
1397 1731 1414 1753 a
1435 1720 1528 1753 nobis
1549 1726 1601 1753 aut
1627 1721 1773 1754 Romano
1793 1719 1949 1754 Pontifice

1208 1785 1267 1818 pro
1295 1779 1439 1818 tempore
1472 1773 1622 1807 existente
1656 1773 1732 1807 liant
1763 1773 1946 1818 autpubli-

1209 1833 1332 1870 centur,
1354 1827 1480 1870 durare,
1500 1837 1639 1871 suosque
1665 1827 1796 1861 effectus
1816 1826 1949 1860 omnino

1207 1881 1326 1915 sortiri.

1253 1935 1269 1976 g
1294 1933 1347 1967 22.
1375 1934 1542 1968 Caeterum
1575 1944 1593 1967 a
1617 1933 1790 1978 praedictis
1813 1939 1949 1967 senten-

1209 1988 1259 2022 tiis
1284 1988 1391 2022 nullus
1415 1999 1473 2032 per
1497 1988 1607 2030 alium,
1631 1998 1727 2031 quam
1752 1998 1810 2032 per
1833 1987 1950 2021 Roma-

1208 2053 1284 2076 num
1306 2042 1507 2084 Pontificem,
1527 2042 1586 2075 nisi
1612 2042 1644 2075 in
1676 2041 1789 2075 mortis
1814 2041 1948 2075 articulo

1208 2096 1412 2137 constitutus,
1424 2106 1484 2129 nec
1497 2096 1592 2129 etiam
1611 2101 1695 2134 tunc,
1711 2095 1770 2128 nisi
1785 2095 1823 2129 de
1835 2095 1949 2128 stando

1208 2149 1365 2183 Ecclesiae
1391 2148 1549 2184 mandatis
1574 2154 1605 2182 et
1628 2148 1852 2182 satisfaciendo
1873 2158 1948 2181 cau-

1209 2203 1295 2236 tione
1309 2202 1470 2247 praestita,
1485 2202 1605 2235 absolvi
1621 2201 1730 2245 possit,
1748 2201 1842 2234 etiarn
1857 2211 1950 2245 prae-

1210 2262 1296 2290 textu
1321 2255 1507 2300 quarumvis
1532 2255 1717 2289 facultatum
1751 2261 1780 2288 et.
1806 2254 1946 2287 indulto-

1210 2320 1280 2343 rum
1306 2309 1565 2353 quibuscumque
1590 2308 1736 2352 personis
1756 2307 1948 2341 ecelesiasti-

1209 2363 1253 2397 cis
1270 2362 1500 2403 saecularibus,
1521 2369 1551 2395 et
1571 2361 1758 2406 quorumvis
1774 2360 1928 2395 Ordinurn
1940 2387 1948 2402 ,

1209 2416 1304 2449 etiam
1318 2415 1579 2456 Mendicantium,
1600 2425 1636 2448 ac
1657 2414 1840 2447 Militiarum
1854 2423 1947 2456 regu·

1209 2469 1342 2509 laribus,
1363 2468 1458 2502 etiam
1479 2467 1663 2512 episcopali,
1683 2467 1730 2500 vel
1751 2466 1811 2500 alia
1832 2465 1947 2499 maiori

1211 2522 1363 2565 dignitate
1384 2521 1551 2566 praeditis,
1570 2521 1709 2565 ipsisque
1725 2519 1899 2553 Ordinibus
1919 2525 1950 2552 et

1210 2587 1322 2610 eorum
1343 2575 1554 2616 monasteriis,
1575 2573 1783 2608 conventibus
1796 2579 1827 2606 et
1847 2573 1950 2606 domi-

1210 2630 1280 2670 bus,
1304 2640 1340 2662 ac
1365 2628 1524 2672 capitulis,
1552 2627 1704 2670 collegiis,
1732 2625 1945 2659 confraterni-

1212 2682 1345 2722 tatibus‚·
1359 2680 1671 2724 congregationibus,
1688 2679 1901 2723 hospitalibus
1915 2684 1946 2712 et

1949 276 1998 305 Au.
2022 276 2048 304 C.
2067 276 2146 305 1610>

2018 1566 2076 1587 naec
2089 1561 2146 1588 buti·

1963 1599 2073 1620 quousque
2086 1593 2144 1620 liget.
2163 1601 2170 1617 ,-

1990 1940 2098 1961 Absolulio
2108 1940 2147 1961 ΡΑ·
2159 1932 2162 1933 ⁷
2208 1947 2209 1952 ¹

1963 1973 2004 1994 pac
2019 1969 2144 1988 reservatur.
2164 1971 2165 1974 ¹
2209 1985 2215 1997 „
