2227 3241
59 239 107 266 An.
128 238 157 265 C.
171 238 237 265 1607

113 1640 259 1666 Exi-quutores

75 1666 186 1693 designati.

899 219 1020 258 PAutcs

1041 235 1059 258 V
1080 235 1126 258 1¹¹³.

1682 220 1746 255 387

258 296 337 330 quas
353 285 427 319 illae
445 290 648 326 emanarunt,
659 283 858 318 examinatae
874 288 905 316 et
919 282 1081 327 iusti-teis
1107 281 1293 323 benevisas,
1325 281 1419 315 etiam
1447 279 1592 325 eorporis
1617 279 1781 314 affiictivas

259 339 372 373 ficatae
395 349 460 373 non
485 339 614 379 suerint,
638 349 697 372 nec
716 336 900 382 praemissis
924 347 1001 370 eon-

259 393 428 433 senserint,
451 403 506 427 seu
520 392 686 436 quibusvis
700 392 770 425 aliis
783 391 822 424 de
836 390 952 433 causis)
963 390 1002 423 de

260 447 488 491 subreptionis,
509 447 558 481 vel
584 445 794 489 obreptionis,
823 450 877 478 aut
901 444 1000 477 nulli-

262 500 334 534 tatis
360 501 458 542 vitio,
479 511 536 534 seu
565 499 752 533 intentionis
779 504 926 539 nostrae,
955 498 1022 530 vel!

262 554 374 599 quovis
395 554 457 588 alio
479 554 607 588 defectu
623 553 730 587 notari
745 553 791 586 vel
806 551 1000 596 impugnari,

263 613 318 641 aut
342 608 383 641 ad
410 608 563 642 terminos
585 607 662 640 iuris
681 606 803 647 reduci,
831 605 878 639 vel
901 605 931 638 in
957 605 1005 638 ius

263 667 318 695 aut
337 661 588 695 controversiam
610 660 669 694 sub
691 669 897 704 quocumque
914 669 1006 702 prae-

265 721 350 749 textu
362 714 381 756 ¹,
405 725 461 748 seu
491 714 568 748 alias
601 713 849 758 quomodolibet
878 712 1025 755 infringi¹

264 768 313 801 vel
339 768 484 803 revocari
513 768 696 802 nullatenus
725 777 829 811 posse,
857 766 913 800 sed
938 766 1008 800 illas

265 832 394 866 semper
417 827 448 856 et
476 827 634 866 perpetuo
660 821 781 854 validas
807 826 837 853 et
862 820 1008 853 efficaces

267 869 334 909 esse
359 881 391 922 et
416 876 483 909 fore
499 903 506 916 ,
529 886 670 919 suosque
694 875 857 919 plenarios
878 879 909 907 et
931 874 1010 907 inte-

267 939 341 971 gros
366 929 498 963 effeetus
523 929 632 963 sortiri
658 935 688 963 et
713 928 862 962 obtinere
878 956 885 969 ,
909 938 944 961 ac
971 927 1009 961 ab

268 983 419 1017 omnibus
440 982 668 1016 inviolabiliter
687 982 863 1016 observari:
887 982 1008 1026 sieque,

268 1043 298 1070 et
324 1048 389 1071 non
414 1037 509 1071 aliter
539 1037 568 1070 in
595 1036 780 1081 praemissis
806 1036 956 1069 omnibus
982 1041 1009 1069 et

269 1091 404 1135 singulis
421 1102 478 1136 per
499 1102 722 1136 quoscumque
736 1091 855 1124 iudices
877 1096 905 1123 et
923 1101 1012 1123 eom-
1029 1084 1030 1091 ¹

271 1144 446 1184 missarios,
476 1144 587 1189 quavis
611 1144 802 1178 auctoritate
827 1144 1010 1186 fungentes,
1030 1148 1031 1154 ¹

271 1197 364 1231 etiarn
384 1197 414 1231 S.
439 1198 473 1231 R.
491 1198 524 1231 E.
547 1197 728 1231 cardinales
741 1208 778 1231 ac
799 1197 910 1230 Palatii
929 1199 1013 1242 Apo-

271 1251 376 1285 stoliei
406 1252 570 1285 auditores
595 1251 738 1295 (sublata
768 1251 812 1286 eis
841 1258 871 1284 et
901 1262 1013 1284 eorum

272 1305 403 1338 cuilibet
423 1305 533 1349 quavis
554 1305 647 1339 aliter
672 1304 834 1338 iudicandi
864 1311 894 1338 et
919 1305 1033 1338 inter-³

272 1359 422 1404 pretendi
436 1359 586 1392 facultate
605 1365 635 1392 et
656 1359 861 1402 auctoritate)
880 1359 1015 1391 iudicari
1032 1361 1034 1400 ³,
1051 1359 1146 1392 etiam
1167 1363 1257 1391 motu
1275 1357 1421 1401 proprio,
1438 1360 1469 1390 et
1486 1367 1523 1390 ex
1544 1357 1632 1390 certa
1648 1356 1793 1393 scientia,

273 1419 302 1447 et
316 1412 444 1447 definiri
458 1412 588 1452 debere;
606 1412 731 1445 irritum
752 1423 882 1456 quoque
902 1418 932 1445 et
954 1412 1017 1445 ina-

273 1477 312 1500 ne
327 1466 487 1511 quidquid
508 1476 600 1499 secus
617 1476 715 1510 super
734 1465 782 1498 liis
803 1476 820 1498 a
840 1475 1016 1509 quoquam,

273 1520 384 1565 quavis
405 1519 608 1560 auctoritate,
631 1519 770 1553 scienter
791 1519 836 1552 vel
861 1519 1014 1561 ignoran-

275 1580 333 1615 ter,
357 1573 528 1617 contigerit
548 1573 708 1606 attentari.

319 1629 334 1672 ἓ
354 1628 384 1662 5.
410 1628 566 1668 Quocirca
587 1627 762 1660 venerabili
786 1627 875 1660 fratri
896 1627 1020 1661 archie-

275 1682 409 1727 piscopo
441 1681 671 1715 Panormitano
704 1688 735 1714 et
768 1681 960 1715 Messanensi
989 1688 1021 1715 et

277 1736 430 1780 episcopo
450 1735 635 1769 Mazariensi
658 1746 714 1779 per
733 1741 916 1779 praesentes
932 1746 1021 1769 com-

277 1789 433 1824 mittimus
447 1796 477 1823 et
491 1790 692 1829 mandamus,
714 1795 871 1833 quatenus
886 1789 957 1833 ipsi,
974 1790 1019 1822 vel

277 1855 392 1878 eorum
414 1843 550 1888 quilibet
582 1854 640 1887 per
658 1854 714 1883 se,
743 1844 791 1876 vel
818 1843 936 1883 alium,
965 1854 1019 1877 seu

278 1897 358 1931 alios
372 1897 402 1931 in
425 1897 579 1940 dignitate
597 1897 811 1930 ecclesiastiea
831 1896 1022 1930 constitutos

278 1962 336 1996 per
362 1951 448 1996 ipsos
469 1951 676 1993 delegandos,
694 1951 822 1984 easdem
838 1956 1022 1994 praesentes

279 2006 401 2039 litteras
430 2012 461 2040 et
494 2006 525 2039 in
554 2006 597 2039 eis
625 2011 775 2039 contenta
798 2015 1022 2049 quaecumque

279 2059 450 2104 publicari,
478 2065 519 2100 et,
543 2059 602 2092 sub
624 2059 796 2103 praedietis
820 2065 849 2093 et
870 2059 940 2092 aliis
963 2058 1022 2092 sibi

258 2150 262 2154 ,
281 2113 439 2147 benevisis
464 2113 588 2157 poenis,
610 2124 667 2157 per
689 2123 914 2157 quoscumque
940 2112 1023 2146 anti-

282 2167 380 2207 stites,
397 2167 568 2211 praelatos,
587 2172 649 2199 tam
671 2166 833 2208 regulares
847 2178 942 2210 quant
958 2176 1025 2199 sae-

283 2221 418 2261 culares,
437 2220 587 2264 capitula,
605 2220 750 2260 elericos,
769 2220 891 2257 fratres,
910 2219 1043 2252 milites*

284 2280 314 2307 et
339 2284 492 2318 personas
506 2273 676 2317 quaslibet,
694 2273 899 2317 quantumvis
920 2267 1043 2306 exem-¹

284 2333 365 2372 ptas,
386 2328 536 2361 onmibus
558 2327 638 2360 iuris
659 2333 689 2360 et
708 2327 778 2360 sacti
796 2327 958 2367 remediis,
980 2327 1026 2359 in-

286 2387 398 2416 vocato
430 2381 525 2415 etiam
559 2380 692 2414 brat-bio
723 2380 879 2413 saeculari
897 2407 902 2419 ,
938 2380 1026 2413 omni

287 2437 398 2476 mora,
422 2435 576 2469 dilatione
603 2440 633 2467 et
661 2433 848 2477 exceptione
874 2433 1024 2472 remotis,

288 2489 414 2531 faciant,
436 2488 634 2533 praecipIant
660 2493 689 2521 et
715 2487 869 2520 mandent
895 2487 1027 2520 inviola-

288 2543 395 2576 biliter
419 2542 600 2583 observari3
629 2541 884 2575 contradictores
910 2541 1029 2584 quosli-

288 2596 342 2630 bet
367 2602 397 2630 et
422 2597 558 2630 rebelles
583 2607 641 2640 per
667 2596 846 2640 praedictas
871 2605 926 2628 seu
952 2594 1048 2627 alias¹

328 2659 337 2686 t
357 2658 468 2686 Videtur
485 2658 525 2686 bic
543 2659 638 2687 deesse
656 2659 767 2687 verbum
792 2659 886 2685 vocari
913 2665 938 2684 n.
956 2664 979 2683 'it
999 2679 1003 2683 .

1039 336 1133 380 [citra
1157 342 1264 369 tamen
1290 335 1480 379 sanguinis),
1509 344 1629 378 poenas
1651 345 1687 368 ac
1705 344 1780 367 cen-

1037 400 1128 423 suras
1159 389 1390 423 ecclesiasticas
1422 389 1613 422 auctoritate
1646 391 1779 428 nostra,

1038 443 1255 487 appellatione
1279 443 1456 487 posposita,
1484 442 1732 486 compescendo.

1084 498 1099 539 ξ
1121 496 1151 529 6.
1173 497 1241 530 Non
1261 497 1461 530 obstantibus
1482 496 1666 540 praemissis
1683 507 1720 529 ac
1741 496 1784 529 t'e-

1041 550 1109 583 licis
1134 549 1369 583 recordationis
1394 549 1548 583 Bonifacii
1574 549 1679 593 Papae
1704 549 1780 589 vtll,

1040 604 1298 648 praedecessoris
1318 603 1432 643 nostri,
1450 603 1490 637 de
1509 605 1584 643 una,
1606 609 1636 636 et
1656 601 1784 636 concilii

1040 658 1200 700 generalis
1218 658 1257 691 de
1275 657 1399 691 duabus
1425 656 1529 697 dictis,
1552 656 1686 700 aliisque
1710 667 1786 690 con-

1041 711 1261 744 stitutionibus
1276 717 1306 744 et
1320 711 1579 744 ordinationibus
1591 709 1786 754 apostolicis,

1042 776 1078 798 ac
1099 765 1264 809 quibusvis
1284 764 1556 808 exemptionibus,
1575 763 1788 796 immunitati-

1043 819 1102 853 bus
1122 830 1158 853 ac
1183 819 1304 862 gratiis,
1328 818 1503 863 privilegiis
1518 828 1659 862 quoquc,
1684 817 1789 851 indul-

1046 874 1083 907 tis
1109 880 1139 907 et
1163 874 1277 907 litteris
1303 872 1489 917 apostolicis
1514 872 1680 916 quibusvis
1702 882 1790 915 prae-

1045 927 1127 969 latis,
1144 927 1378 971 superioribus,
1393 925 1547 969 collegiis,
1562 925 1786 965 conventibus,

1047 982 1271 1021 monasteriis,
1310 980 1544 1024 hospitalibus,
1580 980 1731 1013 domibus
1760 985 1792 1013 et

1047 1036 1147 1074 loeis,
1173 1036 1369 1079 illorumque
1395 1033 1540 1079 personis
1565 1040 1595 1067 et
1620 1033 1792 1067 Ordinibus

1047 1101 1083 1123 ac
1109 1089 1227 1122 Militiis
1248 1088 1432 1133 praedictis,
1454 1087 1513 1120 sub
1532 1087 1792 1131 quibuscumque

1050 1143 1217 1177 tenoribus
1243 1148 1273 1176 et
1297 1142 1431 1181 formis,
1460 1152 1496 1174 ac
1529 1151 1602 1174 cum
1628 1140 1794 1184 quibusvis

1050 1198 1146 1231 etiam
1169 1196 1450 1239 derogatoriarum
1467 1194 1691 1237 derogatoriis‚
1710 1194 1794 1227 aliis-

1050 1262 1112 1295 que
1139 1250 1379 1284 efficacioribus
1405 1255 1436 1282 et
1461 1248 1600 1283 insolitis
1621 1248 1792 1286 clausulis,

1051 1315 1109 1338 nee
1141 1314 1207 1337 non
1239 1303 1440 1337 irritantibus
1471 1307 1502 1335 et
1531 1301 1601 1335 aliis
1635 1301 1792 1340 decretis.

1052 1422 1087 1445 ac
1113 1412 1151 1445 de
1176 1411 1372 1455 apostolieae
1394 1410 1561 1457 potestatis
1580 1409 1794 1453 plenitudine,

1052 1472 1082 1498 et
1108 1465 1185 1498 alias
1210 1463 1458 1508 quomodolibet
1483 1463 1654 1503 concessis,
1676 1463 1796 1497 confir-

1051 1517 1798 1561 matisctinnovatis.Quibusoninibtts(etiainsi

1054 1575 1092 1607 de
1114 1573 1175 1606 illis
1196 1583 1374 1616 eorumque
1399 1571 1470 1605 totis
1490 1571 1655 1604 tenoribus
1675 1570 1798 1615 specia-

1055 1628 1102 1669 lis,
1126 1626 1288 1671 specifica,
1317 1636 1466 1670 expressa
1491 1632 1521 1658 et
1547 1624 1734 1664 individua,
1763 1635 1799 1657 ac

1055 1683 1094 1716 de
1120 1682 1217 1715 verbo
1248 1681 1289 1714 ad
1321 1680 1475 1716 verbum,
1502 1690 1567 1712 non
1602 1683 1709 1712 autem
1743 1689 1800 1723 per

1055 1736 1215 1770 clausulas
1247 1734 1415 1777 generales
1446 1733 1531 1767 idem
1572 1733 1796 1777 importantes,

1056 1789 1177 1822 mentio
1210 1799 1267 1821 seu
1296 1787 1427 1832 quaevis
1458 1787 1522 1819 alia
1546 1785 1708 1830 expressio
1737 1785 1797 1818 ha-

1055 1843 1160 1876 benda
1179 1847 1233 1875 aut
1250 1841 1358 1885 aliqua
1377 1840 1440 1873 alia
1458 1840 1614 1884 exquisita
1635 1840 1738 1873 forma
1761 1840 1802 1872 ad

1057 1898 1117 1930 boc
1139 1896 1296 1930 servanda
1321 1896 1426 1937 soret),
1452 1900 1578 1928 tenores
1599 1894 1798 1934 huiusmodi,

1057 1963 1093 1985 ae
1114 1951 1137 1984 si
1158 1951 1196 1984 de
1218 1950 1316 1983 verbo
1341 1949 1381 1982 ad
1402 1949 1548 1989 verbum,
1572 1948 1652 1981 nihil
1674 1947 1802 1992 penitus

1040 2005 1177 2042 ,omisso
1203 2010 1234 2037 et
1259 2004 1363 2037 forma
1394 2003 1426 2035 in
1460 2002 1521 2035 illis
1547 2001 1664 2035 tradita
1690 2001 1801 2035 obser-

1060 2061 1139 2099 vata,
1152 2057 1262 2092 inserti
1274 2057 1388 2098 forent,
1406 2055 1629 2100 praesentibus
1640 2065 1696 2100 pro
1708 2055 1801 2099 plene

1059 2120 1088 2146 et
1106 2112 1303 2146 sufficienter
1321 2110 1476 2154 expressis
1490 2109 1655 2149 babentes,
1681 2108 1742 2141 illis
1763 2119 1798 2141 a-

1062 2167 1117 2199 lifis
1139 2165 1169 2198 in
1189 2175 1248 2198 suo
1268 2164 1384 2198 robore
1411 2162 1643 2207 permansuris,
1658 2162 1717 2195 bac
1735 2161 1802 2193 viee

1042 2237 1044 2259 1
1061 2222 1224 2253 dumtaxat
1246 2219 1361 2252 harum
1387 2217 1469 2252 serie
1494 2217 1675 2261 specialiter
1695 2222 1725 2249 et
1745 2226 1799 2248 ex-

1062 2284 1168 2318 presse
1183 2273 1388 2315 derogamus,
1406 2270 1576 2305 contrariis
1594 2269 1804 2313 ‹pribusctun-

1061 2338 1143 2371 quej,
1172 2332 1226 2360 aut
1254 2326 1278 2359 si
1312 2325 1474 2369 aliquibus
1503 2323 1720 2357 communiter
1749 2328 1804 2356 aut

1063 2381 1186 2414 divisim
1206 2380 1244 2413 ab
1260 2379 1444 2423 Apostoliea
1465 2378 1505 2411 sit
1524 2377 1605 2411 Sede
1628 2377 1800 2415 indultum,

1063 2435 1148 2477 quod
1174 2433 1335 2473 interdici,
1360 2431 1511 2475 suspendi
1536 2431 1583 2464 vel
1610 2440 1800 2463 excommu-

1065 2488 1163 2520 nicari
1185 2497 1248 2520 non
1271 2486 1391 2531 possint
1407 2496 1464 2529 per
1478 2485 1598 2517 litteras
1612 2483 1804 2528 apostolicas

1064 2551 1127 2574 non
1160 2540 1311 2573 facientes
1337 2540 1463 2582 plenam
1495 2544 1525 2571 et
1550 2548 1732 2581 expressam
1769 2547 1805 2570 ac

1065 2595 1103 2627 «le
1124 2594 1221 2627 verbo
1247 2595 1286 2627 ad
1313 2593 1444 2626 verbum
1472 2592 1510 2625 de
1538 2592 1662 2625 indulto
1688 2591 1802 2625 buius<

1046 2642 1153 2693 {modi
1180 2647 1389 2681 mentionem.

1794 230 1843 258 An.
1856 230 1884 258 C.
1911 231 1977 259 1607

1810 509 1924 535 ster-*gatto
1937 515 1985 530 con-

1799 538 1872 558 trarioi
1879 544 1919 558 um.
