2227 3241
883 252 982 277 INDEX
1011 254 1214 279 nt'nntcanmt

380 304 529 343 scantur,
555 300 617 334 una
642 309 713 334 eum
738 300 859 333 notario
887 301 1031 334 eiusdem

380 354 555 398 hospitalis,
582 353 655 387 573.

289 407 473 442 CXXXVII.
491 407 694 441 Confirmatio
711 406 879 441 oblationis
891 407 1031 441 nonnul—

379 462 480 496 larum
498 463 707 506 pecuniarum
722 462 791 505 regi
808 461 964 495 catholico
975 471 1032 504 per

379 514 654 558 archiepiscopos,
680 515 860 558 episcopos,
885 515 1030 558 aliosque

380 567 613 601 ecclesiasticos
651 569 743 611 regni
782 567 909 601 Siciliae
950 568 1030 601 ultra

380 622 515 656 Pharum
540 622 650 664 factae,
677 623 750 656 574.

290 675 485 710 CXXXVIII.
510 674 744 710 Confirmantur
777 675 901 710 litterae
933 675 980 709 Pii
1005 675 1030 709 V

380 733 411 763 et
434 729 606 764 Clementis
630 728 710 772 VIII,
727 729 846 774 quibus
860 729 1031 763 nonnullae

379 782 460 816 aliae
469 782 705 817 revocabantur
715 782 929 817 concedentes
943 791 1030 816 com-

379 837 523 870 munitati
548 836 731 870 Bisuntinae
757 836 937 871 facultatem
963 838 1028 870 eri-

378 889 476 934 gendi
491 889 669 924 stud10rum
688 891 937 932 universitatem,
955 890 1030 923 577.

290 943 462 977 CXXXIX.
488 942 665 977 Iubilaeum
690 953 747 988 pro
768 945 858 987 regni
883 943 1031 977 Poloniae

378 996 631 1039 necessitatibus⁷
653 997 692 1032 ad
710 998 852 1031 divinam
870 1006 962 1041 opem
979 999 1032 1031 im-

379 1049 579 1094 plorandam,
605 1051 679 1084 58⁶2.

289 1102 378 1136 CXL.
418 1103 651 1138 Confirmantur
691 1104 813 1138 litterae
860 1103 1032 1138 Clementis

380 1156 484 1201 Papae
508 1156 577 1191 VIII
602 1156 718 1202 quibus
747 1159 915 1199 statuitur,
946 1157 1030 1202 quod

379 1211 542 1253 officiales,
568 1213 766 1255 provisores,
785 1214 816 1245 et
834 1212 944 1245 vifflrii
969 1220 1028 1255 ge-

380 1264 775 1310 nerales,aliiqueiudices
792 1265 946 1299 ordinarii
964 1267 1031 1309 epi-

380 1328 558 1363 scoporum,
583 1318 896 1362 archiepiscoporum
907 1318 1031 1353 etalio—

380 1382 449 1406 rum
473 1371 715 1407 Ordinariorum
741 1371 881 1406 locorum
917 1382 1031 1416 regno-

380 1437 449 1461 rum
474 1426 628 1461 Castellae
667 1431 697 1461 ct
736 1427 882 1470 Legionis
912 1426 1031 1461 debent

380 1490 449 1514 esse
475 1482 505 1514 in
541 1482 638 1515 sacris
664 1480 830 1514 ordinibus
857 1482 1030 1523 constituti,

380 1534 453 1567 584.

289 1585 392 1619 CXLI.
418 1585 591 1620 Moderatio
609 1587 803 1621 indultorum
821 1589 948 1621 sanctae
974 1586 1031 1620 Ro-

377 1648 489 1674 manae
513 1639 675 1674 Ecclesiae
699 1639 920 1683 cardinalium,
935 1649 1031 1684 super

377 1693 543 1728 collatione
575 1693 804 1728 beneficiorum
839 1693 1030 1728 ecclesiasti-

378 1757 499 1790 eorum,
524 1748 598 1781 586.

288 1800 374 1835 CLII.
401 1801 501 1836 Locus
533 1802 698 1836 columnae
733 1803 837 1836 sancti
868 1802 1030 1836 Laurentii
1058 1801 1062 1805 '

376 1859 588 1900 nuncupatus,
604 1857 635 1890 in
647 1857 774 1890 civitate
789 1855 1028 1893 Mediolanensi.

377 1909 591 1945 ecclesiastica
632 1911 775 1954 privatur
814 1911 1029 1953 immunitate,

378 1963 452 1996 589.

289 2017 419 2052 CXLIII.
445 2018 650 2053 Confirmatio
668 2019 856 2054 concordiae
875 2021 958 2053 inter
982 2029 1030 2053 re-

377 2082 450 2116 gem
467 2072 658 2106 catholicum
677 2076 708 2107 et
725 2072 844 2107 clerum
857 2083 1028 2117 regnorum

376 2125 531 2159 Castellae
563 2129 594 2160 et
626 2125 774 2170 Legionis
806 2128 902 2160 initae
934 2136 1030 2171 super

378 2178 534 2213 solutione
553 2181 675 2224 primae
693 2181 848 2223 decimae,
867 2180 940 2213 590.

287 2231 416 2265 CXLIV.
453 2232 643 2267 Decet'nitur
679 2235 911 2277 eleemosynas,
947 2242 1028 2278 quae

378 2295 433 2329 pro
458 2284 663 2320 Tou-asancta
689 2286 889 2320 Hierusalem
914 2296 929 2319 a
949 2286 1030 2320 chri-

377 2338 567 2373 stifidelibus
592 2344 773 2383 erogantur,
799 2342 829 2373 in
853 2341 930 2373 alios
956 2350 1030 2373 usus

377 2394 519 2427 converti
544 2403 604 2427 non
637 2404 748 2437 posse,
776 2397 903 2437 practer
934 2403 1029 2438 quam

377 2448 407 2480 in
425 2449 700 2481 conservationem
718 2451 745 2481 ct
765 2447 930 2481 utilitatem
946 2449 1030 2481 cius-

376 2499 449 2534 dem
474 2500 734 2542 Terraosanetao,
761 2500 834 2533 597.

288 2553 404 2588 CXLV.
437 2554 638 2588 Confirmatio
670 2554 844 2588 litterarum
875 2553 962 2587 Pauli
989 2552 1029 2586 111

378 2607 495 2652 quibus
514 2607 682 2652 privilegia
703 2606 917 2651 Regularibus
939 2607 1029 2650 regni

377 2662 580 2695 Cranatcnsis
612 2671 760 2693 concessa
795 2670 855 2693 non
881 2659 1025 2692 solvendi

1699 248 1760 282 717

1154 302 1296 336 decimas
1321 303 1360 336 ad
1387 304 1469 337 viam
1497 304 1574 338 iuris
1600 303 1805 346 reducuntur,

1154 356 1229 388 598.

1064 408 1194 442 CXLVI.
1221 409 1421 445 Confirmatio
1446 411 1737 446 dismembrationis
1755 423 1807 456 op-

1153 462 1218 505 pidi
1250 462 1290 495 (le
1316 462 1499 508 Cranganor
1523 474 1539 498 a
1573 465 1715 498 dioecesi
1741 465 1803 499 Co-

1153 514 1321 558 chinensi,
1358 521 1388 551 et
1411 518 1449 551 ad
1477 518 1552 552 illud
1590 518 1805 552 translationis

1154 570 1309 603 ecclesiae
1331 570 1584 614 Angamalensis,
1610 572 1684 605 603.

1063 621 1210 656 CXLVII.
1242 622 1393 667 Sequitur
1416 626 1597 657 commissio
1628 629 1806 669 exequuto-

1152 675 1240 710 ribus
1265 677 1488 720 praecedentis
1506 678 1742 712 Constitutionis
1760 689 1808 712 as-

1152 730 1302 774 signandi
1327 732 1559 766 certoslimites
1577 731 1716 766 dioecesi
1742 733 1806 766 An-

1152 783 1339 827 gamalensi,
1366 784 1438 817 606.

1064 837 1223 872 CXLVIII.
1256 838 1436 882 Adscriptio
1468 839 1598 872 fratrum
1623 839 1806 873 reformato-

1152 900 1221 924 rum
1231 890 1499 925 Discalccatorum
1509 890 1640 926 Ordinis
1650 894 1808 927 sanctissi-

1152 953 1222 978 mae
1239 945 1400 979 Trinitatis
1417 945 1657 989 Redemptionis
1671 947 1809 990 captivo-

1152 1008 1221 1033 rum
1236 1000 1318 1033 inter
1333 998 1410 1033 allos
1428 999 1567 1034 Ordines
1585 999 1806 1043 religiosorum

1152 1052 1417 1094 Mendicantium,
1457 1062 1528 1086 cum
1566 1053 1805 1097 privilegiorum

1153 1107 1451 1149 communicatione,
1477 1108 1550 1140 608.

1064 1158 1198 1193 CXLIX.
1238 1160 1418 1195 Mandatum
1460 1162 1527 1204 regi
1564 1160 1737 1202 catholico,
1775 1165 1806 1194 ut

1152 1216 1321 1259 quotannis
1356 1214 1469 1248 decem
1494 1215 1593 1248 millia
1618 1214 1806 1248 ducatorum

1154 1269 1222 1301 auri
1261 1267 1301 1301 de
1339 1268 1471 1302 Camoni
1513 1278 1551 1301 ex
1593 1270 1806 1312 eleemosynis

1153 1323 1312 1356 crucIatae
1345 1321 1557 1366 Portugalliae
1596 1332 1651 1366 pro
1687 1321 1806 1355 fabrica

1153 1375 1304 1410 basilicae
1329 1376 1486 1420 Principis
1519 1376 1741 1420 Apostolorum
1767 1376 1806 1409 de

1153 1428 1236 1463 Urbe
1262 1431 1502 1471 trasmittantur‚
1529 1429 1603 1463 610.

1064 1482 1121 1517 CL.
1138 1482 1184 1516 De
1201 1482 1404 1517 distinetione
1422 1482 1555 1516 duarum
1571 1482 1807 1527 provinciarum

1153 1536 1309 1570 Castellae
1340 1540 1371 1571 et
1394 1536 1555 1578 Baeticae,
1589 1539 1620 1570 ct
1651 1535 1807 1569 electione

1153 1590 1264 1623 vicarii
1288 1591 1465 1633 generalis,
1498 1591 1711 1623 ministrorum
1738 1599 1809 1632 pro-

1153 1643 1349 1685 vincialium,
1380 1643 1593 1684 definitorum,
1620 1646 1651 1676 ct
1675 1641 1807 1675 aliorum

1153 1697 1367 1730 ministrorum
1393 1696 1657 1740 CongrcgationIs
1676 1695 1806 1729 fratrum

1152 1750 1405 1784 Rct'ormatorum
1436 1749 1707 1784 Discalceatorum
1736 1758 1808 1782 san-

1151 1805 1313 1838 ctissimae
1327 1803 1488 1837 Trinitatis
1501 1802 1745 1846 Redemptionis
1759 1811 1807 1835 ca-

1153 1858 1311 1901 ptivorum
1322 1858 1352 1890 in
1364 1858 1472 1900 regnis
1487 1856 1722 1900 Hispaniarum,
1731 1855 1769 1888 61
1779 1855 1805 1887 i.
1821 1853 1825 1858 ”

1197 1910 1346 1954 Sequitur
1370 1909 1496 1953 plenior
1521 1908 1686 1951 dispositio
1711 1918 1807 1951 super

1154 1963 1336 2007 praedicti&

1168 2015 1362 2060 Approbatio
1391 2016 1630 2050 Constitutionis
1662 2014 1807 2049 Clemen-

1152 2071 1190 2104 tis
1207 2070 1277 2103 VIII
1298 2079 1395 2113 super
1412 2070 1653 2104 confirmatione
1670 2068 1807 2112 Congre-

1151 2125 1287 2169 gationis
1310 2124 1442 2158 fratrum
1459 2123 1728 2158 Discalceatorum
1750 2122 1807 2157 Or-

1152 2178 1236 2212 dinis
1254 2179 1475 2212 sanctissimae
1492 2178 1653 2211 Trinitatis
1671 2176 1807 2211 Redem-

1153 2232 1269 2275 ptionis
1301 2232 1509 2275 captivorum,
1535 2232 1727 2274 primitivam
1759 2239 1808 2263 re-

1151 2285 1258 2328 gulam
1275 2283 1524 2326 observantium,
1537 2294 1609 2317 cum
1626 2283 1805 2317 adiectione

1152 2338 1287 2371 (luorum
1326 2341 1488 2378 votorum,
1529 2338 1609 2371 ultra
1646 2337 1706 2370 alia
1735 2339 1806 2370 vota

1154 2392 1254 2434 ipsius
1279 2390 1421 2432 Ordinis,
1447 2391 1521 2423 615.

1064 2443 1150 2478 CLII.
1176 2443 1354 2478 Declaratio
1379 2444 1607 2478 resen-xationis
1634 2442 1806 2476 beneficio-

1152 2508 1221 2531 rum
1257 2507 1315 2542 pcr
1353 2499 1612 2542 assequutionem
1639 2497 1805 2542 pacificam

1153 2555 1385 2592 vacaturorum,
1412 2552 1486 2584 616.

1063 2605 1163 2640 CLIII.
1191 2605 1325 2640 Litterae
1352 2615 1520 2649 processus
1546 2606 1574 2638 in
1602 2604 1652 2638 <lie
1679 2604 1804 2638 Coenae

1153 2658 1288 2692 Domini.
1314 2660 1387 2692 617,

1063 2016 1134 2051 CLI.
