2227 3241
14 1311 35 1333 ’ἱ-
66 1317 80 1332 a
95 1312 194 1333 defuncto
216 1318 253 1338 pa-

16 1351 20 1377 ζ
66 1340 160 1388 ἷξίιεῗτεῐιᾶ
181 1339 254 1360 immu-

73 238 122 266 An.
139 236 166 265 C.
191 237 255 265 161¹

272 283 434 318 disiuncta
451 283 622 317 intervallo
640 288 844 328 temporum,
864 288 1018 328 operante

271 336 394 370 scilieet
419 336 525 370 divina
550 336 672 380 gratia,
698 342 733 369 ut
757 336 812 380 qui
838 336 870 369 in
895 336 1017 370 unitate

271 390 347 424 fidei
369 401 471 424 unum
492 401 615 432 sumus,
636 391 782 424 locorum
805 391 942 424 dissidiis
963 391 1018 423 mi-

270 444 358 477 nime
373 444 595 487 seiungamur:
610 444 666 478 sed
681 444 794 477 maiori
813 444 932 487 gaudio
946 444 1018 477 ass'c-

271 497 312 531 cit
338 507 393 531 cor
424 502 583 539 nostrum,
607 497 694 542 quod
720 508 757 531 ex
783 497 896 530 eodem
918 497 1018 531 Geor-

270 550 323 593 gio
344 550 572 593 cognovimus,
592 550 825 583 fraternitatem
847 555 934 583 tuam
956 550 1016 583 isto

270 604 303 636 in
328 613 405 646 agro
431 603 599 636 Dominico
625 608 697 645 tuae
722 613 818 636 curae
844 603 1016 637 commisso

269 656 406 690 sollicite
426 657 557 697 versari,
574 667 609 690 ac
625 657 701 690 dare
713 667 857 701 operam,
875 662 920 698 ut,
942 657 1015 690 lieet

269 710 354 743 inter
389 709 465 743 istas
497 709 696 743 calamitates
720 709 912 743 constitutus
937 709 1016 744 tiens

270 762 397 806 cogaris
416 763 540 797 semina
569 763 720 804 mittere,
755 762 937 807 manipulos
962 768 1012 796 ta-

270 827 363 858 men,
387 816 524 861 illosque
548 816 728 860 pleniores,
753 827 826 849 eum
853 816 1016 850 exultatio-

268 881 309 904 ne
333 875 464 915 portare
492 869 629 903 Domino
653 869 767 913 possis.
795 869 1012 909 Quamobrem

269 934 328 957 nos
347 922 600 957 sollicitudinem
615 927 703 955 tuam
721 922 912 956 auctoritate
933 922 1013 956 divi-

268 977 357 1010 nitus
387 975 543 1009 attributa
571 975 656 1009 beati
690 976 775 1009 Petri
801 975 875 1010 Sedi
904 976 1012 1010 iurare

268 1022 458 1074 cupientes,
492 1034 584 1063 motu
609 1034 722 1063 nostro
746 1029 900 1073 proprio,
929 1040 1011 1074 quae

269 1089 341 1117 tuae
360 1083 522 1117 Ecclesiae
542 1083 575 1116 in
595 1083 732 1117 Domino
752 1083 843 1116 utilia
864 1084 932 1117 sore
953 1084 1011 1117 du-

267 1137 384 1178 ximus,
405 1136 617 1180 significanda
636 1147 696 1181 pro
717 1136 812 1170 officii
834 1136 935 1170 nostri
957 1138 1010 1171 de-

268 1189 335 1223 bito
356 1189 551 1223 censuimus.

313 1244 328 1288 g
349 1243 379 1277 2.
407 1243 570 1288 Siquidem
596 1244 743 1289 pervenit
769 1244 808 1278 ad
833 1255 927 1278 aures
952 1255 1010 1278 110-

268 1305 350 1333 stras
369 1300 474 1333 bonae
495 1298 670 1332 memoriae
692 1299 785 1331 Petro
805 1298 1009 1342 patriarchae

269 1355 429 1389 decessori
456 1362 510 1389 tuo
531 1355 632 1388 visum
664 1365 732 1388 esse
759 1355 933 1388 nonnullos
953 1366 1008 1388 an-

268 1410 375 1454 tiquos
395 1409 549 1443 eeclesiae
573 1414 696 1442 vestrae
726 1419 833 1442 mores
858 1414 1004 1451 mutare,

265 1464 353 1508 quod
378 1474 454 1498 sane
480 1463 677 1508 experientia
703 1463 811 1497 docuit
835 1474 899 1497 non
921 1465 1006 1498 aedi-

263 1519 407 1553 ficationi
438 1520 494 1553 sed
518 1519 670 1552 scandalo
696 1519 832 1559 cedere,
861 1525 901 1559 et,
931 1520 1005 1563 quia

261 1573 370 1606 multis
394 1573 511 1606 sactum
534 1571 608 1613 est¹,
629 1582 693 1606 non
708 1583 775 1606 esse
796 1573 834 1605 ab
856 1574 1005 1607 omnibus

260 1637 322 1660 usu
340 1631 520 1670 receptum:
540 1635 577 1659 ac
594 1631 770 1669 propterea
785 1627 934 1670 expedire
953 1628 1006 1660 du-

261 1680 365 1714 ximus
390 1679 687 1724 per-Apostolieam
709 1679 824 1713 Sedem
851 1680 906 1713 tibi
933 1692 1006 1724 pcr-

261 1733 345 1767 mitti
370 1733 410 1767 ad
439 1733 591 1777 pristinas
612 1733 862 1768 consuetudines
894 1734 1005 1768 fideles

261 1787 339 1820 istos
364 1787 532 1820 reducere.
560 1787 708 1820 Relatum
735 1792 781 1820 est
806 1787 890 1820 enim
920 1798 1000 1832 apo--

261 1841 392 1875 stolatui
416 1847 540 1883 nostro,
564 1842 780 1886 patriarcham
801 1843 1002 1887 praedictum

260 1895 463 1929 decessorem
484 1900 574 1929 tuum
593 1895 728 1930 voluisse
746 1890 896 1930 carnibus
914 1908 1004 1932 more

262 1949 420 1984 laicorum
442 1949 525 1983 vesci
547 1949 807 1994 archiepiscopos
829 1956 858 1984 et
878 1951 1002 1995 episco—

261 2013 341 2047 pos,
371 2013 443 2036 cum
477 2008 583 2036 tamen
616 2013 634 2036 a
666 2004 818 2037 carnibus
843 2016 879 2037 ex
905 2005 1001 2038 reteri

262 2056 496 2090 consuetudine
512 2062 669 2101 perpetuo
694 2057 902 2091 abstinerent.
921 2059 999 2091 Uni—

262 2121 436 2154 rersaeque
473 2110 594 2144 nationi
628 2117 766 2153 vestrae,
795 2122 877 2156 quac
903 2118 999 2146 totam

261 2164 542 2208 quadragesimam
569 2165 600 2197 in
627 2164 819 2199 abstinentia
840 2177 855 2199 a
877 2166 951 2199 vino
972 2174 998 2201 et

260 2218 401 2262 piscibus
433 2219 639 2261 celebrabat,
668 2219 803 2264 piscium
837 2220 943 2254 eibum
971 2227 998 2255 et

259 2277 370 2316 potum
397 2272 460 2305 vini
486 2272 681 2316 permisisse.
700 2273 736 2306 Et
753 2285 825 2307 cum
845 2274 999 2308 ieiunium

259 2325 413 2359 adventus
427 2326 552 2359 Domini
568 2327 780 2370 quadraginta
794 2328 907 2362 dicbus
932 2339 1001 2371 age-

260 2384 358 2421 retur,
368 2390 473 2424 neque
493 2380 573 2418 illud
594 2386 666 2414 ante
693 2381 860 2414 meridiem
876 2382 1000 2416 solvere

258 2432 381 2475 liceret,
405 2433 623 2478 patriarcham
654 2440 760 2468 tamen
781 2435 995 2479 praedictum,

258 2487 379 2520 novitio
401 2488 474 2527 ritu,
504 2498 520 2521 a
541 2487 591 2521 dic
617 2488 697 2521 sesto
722 2494 850 2522 sanctae
873 2490 995 2523 Barba-

259 2551 314 2573 rae
338 2541 570 2574 exordiendum
607 2541 794 2575 decrerisse.
827 2543 998 2576 Praeterea

258 2593 290 2626 in
308 2593 465 2628 honorem
480 2595 648 2628 beatorum
672 2595 890 2638 apostolorum
913 2597 995 2629 l‘ctri

295 2656 305 2682 1
329 2655 370 2683 Sic
385 2656 450 2683 edit.
467 2656 562 2691 Maia,
579 2665 610 2684 an
629 2661 710 2689 recte,
726 2657 817 2687 nescio
833 2663 870 2693 (n.
886 2659 933 2693 tx).

343 2709 421 2737 nun.
442 2711 523 2739 Rom.
544 2726 578 2731 —
596 2712 653 2739 Vol.
675 2712 724 2739 XI.
905 2712 938 2739 84

107 1259 253 1280 Recensentur

66 1286 120 1306 ritus
156 1286 253 1306 nonnulli

918 235 1037 260 PAULUS
1058 235 1077 260 V
1097 235 1146 260 PP.

1697 225 1761 260 665
1809 236 1859 263 An.
1880 235 1908 263 c.
1929 236 1990 264 1611

1052 288 1081 317 et
1098 282 1187 317 Pauli
1209 283 1276 317 dies
1297 283 1437 326 triginta,
1459 289 1511 317 aut
1532 283 1712 328 pauciores,
1733 284 1796 317 Ma-

1052 337 1173 370 ronitas
1203 336 1346 370 ieiunare
1374 336 1588 379 consuevisse,
1615 337 1654 370 ab
1680 337 1794 371 codem

1034 400 1126 423 ·rero
1148 390 1315 423 decessore
1337 396 1391 424 tuo
1412 390 1596 434 quindecim
1618 391 1704 424 solos
1726 391 1795 425 dies

1052 443 1261 477 ieiunandum
1287 444 1496 477 constitutum
1530 455 1619 485 esse,
1652 444 1793 478 universi

1052 496 1147 529 etiam
1175 497 1355 540 refragante
1381 497 1615 531 consuetudine
1641 497 1789 531 Orientis.

1051 550 1194 594 Cumque
1236 550 1473 584 hebdomadam
1512 550 1791 594 quadragesimam

1050 603 1298 646 praecedentem
1318 604 1404 637 natio
1425 609 1529 637 vestra
1550 603 1719 637 lacticiniis
1740 614 1792 638 so-

1050 655 1087 690 lis
1108 656 1176 690 sine
1198 656 1348 690 carnibus
1376 657 1554 700 transigere
1575 656 1789 699 consueverit,

1050 719 1135 742 nunc
1150 709 1301 743 carnibus
1318 709 1400 743 vesci
1415 710 1533 754 passim
1551 720 1663 743 omnes
1677 710 1792 746 solere.

1049 763 1140 803 Quod
1174 764 1206 797 in
1240 764 1462 798 benedicenda
1498 765 1608 797 mensa
1639 764 1792 798 sacerdos

1048 817 1164 861 panem
1190 817 1332 862 primum
1358 817 1497 862 amplius
1522 827 1587 851 non
1612 817 1788 859 benedicit,

1047 881 1152 914 neque
1171 871 1370 904 adstantibus
1387 871 1510 913 tribuit,
1524 871 1607 904 sieut
1620 881 1696 904 usus
1713 876 1791 911 erat,

1047 924 1172 958 sublato
1195 924 1254 958 hoc
1276 924 1371 957 etiam
1394 934 1483 957 more
1505 923 1613 957 multis
1634 923 1665 956 in
1686 923 1775 956 locis.

1091 979 1107 1020 ἓ
1128 977 1158 1011 3.
1183 978 1266 1017 Quas
1287 978 1419 1022 quidem
1441 978 1589 1022 antiquas
1610 982 1786 1010 consuetu-

1046 1030 1155 1072 dines,
1182 1031 1334 1075 quoniam
1362 1031 1443 1064 nihil
1473 1037 1584 1064 contra
1612 1030 1709 1064 fidem
1737 1040 1789 1063 ea-
1830 1045 1989 1076 ouosmresic

1046 1083 1199 1117 tholicam
1233 1085 1351 1118 habere
1377 1084 1634 1128 dignoscuntur,
1662 1082 1786 1116 restitui
1802 1072 1953 1120 ἑιέῗιὲέέῗιῖῗῗε
1969 1079 1989 1094 ⁹¹

1045 1141 1077 1170 et
1101 1137 1241 1179 servari,
1271 1144 1305 1171 ut
1329 1137 1532 1182 praefertur,
1567 1136 1668 1170 libere
1693 1146 1787 1180 posse

1044 1190 1316 1235 <quibuscumque
1334 1191 1481 1232 decretis,
1503 1189 1787 1223 constitutionibus

1044 1250 1073 1276 ct
1106 1244 1365 1278 ordinationibus
1396 1244 1552 1289 praedicti
1584 1243 1786 1288 patriarchae

1043 1300 1213 1334 contrariis
1238 1311 1302 1333 non
1330 1300 1562 1344 obstantibus),
1594 1300 1786 1333 auctoritate

1042 1356 1229 1400 apostolica,
1253 1362 1362 1389 tenore
1383 1355 1614 1400 praesentium,
1636 1356 1785 1389 concedi—

1043 1421 1113 1444 mus
1134 1416 1162 1444 et
1184 1410 1401 1453 indulgemus.

1085 1465 1100 1507 ξ
1121 1464 1150 1497 4.
1179 1465 1335 1509 Insuper,
1363 1465 1515 1509 quoniam
1537 1466 1580 1499 sic
1601 1466 1696 1499 etiam
1725 1477 1779 1500 ex-

1040 1519 1151 1564 pedire
1177 1519 1208 1551 in
1232 1519 1368 1552 Domino
1394 1519 1588 1563 accepimus,
1616 1521 1674 1553 sub
1700 1532 1778 1555 ana-
1807 1529 1985 1559 ,anathemamu-

1794 1557 1896 1585 rmnturii
1903 1557 1937 1582 qui
1944 1562 1986 1582 epi-

1042 1573 1190 1606 thematis
1214 1574 1317 1616 poena
1345 1573 1555 1616 prohibemus
1581 1574 1704 1618 (sirmis
1725 1586 1777 1609 re-
1797 1588 1984 1630 {figgojugzffigrs-

1041 1626 1245 1660 manentibus
1269 1637 1434 1660 sacrorum
1463 1638 1624 1661 canonum
1651 1634 1681 1662 et
1702 1640 1780 1673 apo-
1797 1636 1983 1683 griffi-2¹·isrer1ur-

1039 1680 1224 1714 stolicaruin
1259 1681 1523 1715 constitutionum
1555 1682 1712 1727 poenis),
1742 1694 1782 1716 ne
1812 1676 1817 1683 ‘
1851 1678 1855 1682 ’

1040 1734 1209 1779 quisquam
1228 1735 1440 1779 imposterum
1462 1736 1576 1769 audeat
1599 1736 1781 1770 fraternita-

1041 1791 1101 1822 tem
1126 1794 1223 1829 tuam,
1249 1794 1384 1833 tuosque
1405 1800 1606 1823 successores
1626 1790 1783 1824 violenter

1040 1841 1192 1876 inducere
1214 1843 1326 1887 quovis
1346 1843 1442 1876 modo
1463 1843 1502 1876 ad
1524 1844 1780 1887 promovendum

1039 1896 1179 1940 aliquem
1206 1897 1245 1929 ad
1271 1897 1461 1939 dignitates,
1489 1897 1536 1929 rel
1557 1898 1698 1940 gradus,
1726 1909 1781 1932 seu

1039 1950 1169 1983 ordines
1195 1950 1438 1991 ecclesiasticos,
1460 1961 1538 1984 uere
1564 1951 1732 1995 episcopos
1751 1963 1783 1984 a-

1039 2004 1162 2048 liosque
1175 2005 1334 2048 praelatos
1349 2004 1580 2037 ecclesiasticos
1601 2006 1782 2049 quomodo-

1038 2058 1113 2091 libet
1135 2070 1192 2102 per
1210 2069 1241 2091 se
1257 2059 1303 2091 rel
1319 2058 1397 2091 aiios
1418 2058 1586 2102 impediat,
1608 2059 1781 2102 quominus

1037 2123 1125 2145 suam
1135 2114 1254 2156 possint
1267 2112 1512 2145 ecclesiasticam
1526 2112 1779 2146 iurisdictionem

1038 2166 1068 2199 in
1083 2167 1228 2200 subditos
1241 2177 1316 2200 suos
1331 2166 1526 2210 ubicumque
1540 2167 1683 2200 locorum
1698 2167 1779 2201 intra

1037 2219 1116 2253 fines
1141 2219 1188 2253 sui
1216 2220 1369 2253 territorii
1388 2220 1591 2261 ,constitutos
1618 2220 1704 2254 iuxta
1729 2232 1776 2254 sa-

1036 2284 1163 2308 crorum
1183 2284 1342 2307 canonum
1361 2279 1477 2307 statuta
1495 2274 1594 2307 libere
1613 2285 1772 2308 exercere.

1079 2329 1095 2369 g
1116 2327 1146 2360 5.
1171 2328 1336 2361 Praeterea
1355 2338 1518 2361 sacrorum
1539 2338 1698 2361 canonum
1722 2329 1774 2361 de-

1034 2387 1119 2414 creta
1143 2381 1205 2422 illa,
1234 2392 1315 2425 quae
1342 2381 1563 2414 ecclesiasticis
1576 2382 1722 2426 personis
1743 2383 1773 2416 in
1817 2387 1976 2408 ³¹¹1¹0r¹=³¹i⁰³11

1033 2440 1151 2468 sortem
1173 2435 1298 2467 Domini
1314 2435 1433 2467 roi-:itis
1452 2435 1595 2468 debitum
1615 2436 1772 2470 honorem
1789 2414 1977 2461 31:2¹*‘:3¹3ffl53¹13·¹·¹1¹2

1034 2488 1216 2521 habendum
1233 2499 1298 2521 esse
1314 2489 1502 2525 ‹lt—eorunm,
1518 2500 1552 2521 ac·
1571 2489 1773 2531 gravissimas
1789 2470 1922 2541 Ξὶἷῆῗζζὶιῐῶἷω
1932 2475 1975 2514 ¹:¹1⁸:

1033 2553 1150 2586 poenas
1169 2543 1459 2585 triusgressoribus
1478 2543 1648 2585 irrog:u]t¹,
1672 2544 1772 2577 invio·
1811 2538 1817 2541 w
1861 2537 1866 2541 ”
1905 2537 1908 2541 ’

1032 2597 1093 2630 lata
1119 2598 1204 2641 apud
1231 2598 1393 2630 nationem
1420 2602 1555 2630 vestram
1584 2597 1714 2640 rigere,
1740 2605 1773 2632 ut

1069 2661 1076 2686 l
1101 2659 1245 2695 Perperam
1262 2660 1325 2688 edit.
1337 2659 1417 2687 Maiu.
1436 2659 1501 2695 legit
1518 2659 1645 2695 irriqant
1666 2661 1704 2696 (ti.
1721 2662 1770 2696 13).
