2227 3241
283 282 337 311 An.
359 283 390 312 c.
406 284 475 312 1603
520 275 564 309 24

321 347 466 373 Transumptis

284 374 352 395 danda
362 373 420 394 fides.

304 1516 390 1537 Ercctas
399 1517 463 1537 etde-

282 1544 464 1564 lamundum-:esi

283 1569 427 1590 viil-*utinensi
452 1577 463 1590 a

283 1596 396 1621 Greg.thl
406 1603 466 1622 paro-

283 1622 342 1642 rina<
354 1629 391 1647 pro
408 1624 464 1643 Mau-

282 1649 311 1670 ri<
322 1650 403 1671 nomer
417 1656 448 1670 coi
457 1662 464 1667 -

284 1682 348 1697 xersis
359 1680 465 1703 terensem

525 335 540 376 ,Q
570 334 599 367 5.
631 333 785 368 Volumus
811 338 917 367 autem
939 339 975 368 ut
998 335 1215 379 praesentium

481 388 699 432 transumptis,
719 388 813 421 etiam
837 388 1011 432 impressis,
1038 399 1137 422 manu
1161 401 1216 424 no·

481 441 551 475 tarii
579 441 698 485 publici
727 440 928 485 subscriptis,
954 447 985 475 et
1009 441 1114 485 sigillo
1137 442 1216 477 dicti

480 493 648 527 cardinalis
664 493 864 537 protectoris,
885 499 940 528 aut
956 495 1087 529 alterius
1103 506 1216 540 perso-

479 557 538 579 nae
562 545 594 578 iu
615 545 766 588 dignitate
786 546 999 581 ecclesiastica
1024 548 1217 583 constitutae

479 599 756 639 munitis,eadem‚
783 611 864 643 quae
881 603 1103 645 praesentibus
1120 603 1217 637 habe-

479 658 578 690 retur,
605 651 685 686 fides
709 652 875 687 habeatur.

521 706 636 738 Datum
661 705 781 739 Romae
805 708 890 751 apud
918 707 950 741 S.
977 709 1130 751 Marcum,
1157 710 1216 743 sub

479 758 598 791 annulo
622 758 805 802 piscatoris,
832 760 883 795 die
902 771 976 795 xx1v
996 762 1064 795 iulii
1096 771 1213 804 nocui,

478 810 682 854 pontificatus
698 813 798 846 nostri
815 824 899 847 anno
918 824 973 848 ΧΠ.

514 872 572 899 Dat.
594 872 637 900 die
656 873 691 900 24
705 874 762 901 iulii
777 875 856 911 1603,
872 876 967 910 pontif.
988 885 1032 904 an.
1051 885 1097 904 xii.

766 991 930 1025 CCCXXII.

478 1062 630 1095 Declarat
637 1073 697 1106 per
705 1063 925 1096 avocationem
936 1074 1121 1105 causarum,
1135 1075 1219 1108 quae

523 1116 685 1148 occasione
710 1116 884 1149 dotationis
902 1117 1138 1160 parochiarum
1158 1129 1218 1162 pro

524 1169 651 1201 Mauris
663 1169 706 1202 acl
718 1169 815 1212 fidem
829 1170 1047 1204 christianam
1060 1173 1219 1205 conversis

522 1226 702 1254 erectarum
731 1223 880 1256 subortae
906 1227 993 1264 sunt,
1030 1224 1220 1258 huiusmodi

520 1275 756 1318 parochiarum
769 1276 958 1309 erectionem
971 1281 1000 1310 ct
1020 1277 1219 1311 dotationem

521 1338 587 1361 non
606 1339 670 1361 esse
690 1329 952 1364 ream-dandam.

693 1403 826 1431 Clemens
847 1404 926 1437 Papa
945 1404 1030 1438 v111,

591 1449 625 1477 ad
641 1452 816 1483 perpetuam
832 1449 877 1476 rei
897 1450 1076 1477 memoriam.

524 1514 538 1556 g
563 1513 593 1546 1.
618 1512 700 1546 Alias
717 1513 756 1546 ad
785 1523 843 1546 nos
861 1515 995 1558 perlato,
1015 1515 1101 1557 quod
1119 1514 1219 1548 felicis

480 1565 709 1600 recordationis
723 1565 895 1609 Gregorius
909 1567 992 1611 Papa
1005 1567 1074 1600 Xlll
1088 1567 1219 1611 praede-

480 1629 586 1653 cessor
595 1625 713 1659 noster,
724 1620 808 1653 iuxta
818 1620 1006 1663 prudentem
1019 1626 1049 1654 et
1059 1626 1217 1654 maturam

480 1672 746 1706 consultationem
764 1684 781 1705 a
799 1673 969 1706 venerabili
986 1673 1083 1707 fratre
1101 1674 1219 1708 archie-

481 1727 614 1770 piscopo
628 1726 842 1760 Valentineusi
856 1727 895 1760 de
908 1726 1020 1760 ordine
1036 1727 1139 1761 clarae
1157 1738 1219 1761 me-

480 1779 601 1813 moriae
620 1780 757 1824 Philippi
779 1781 804 1813 ll
826 1780 1050 1824 Hispaniarum
1069 1782 1150 1824 regis
1167 1792 1218 1814 ca-

480 1833 589 1867 tholici
611 1833 1009 1873 saetam,adinsti²uendos
1029 1834 1062 1867 in
1084 1834 1147 1868 fide
1168 1845 1218 1868 ca-

482 1887 596 1920 tholica
607 1897 673 1927 eos,
682 1887 735 1931 qui
746 1887 784 1921 de
794 1898 911 1931 genere
921 1887 948 1920 M
953 1888 1216 1922 aomethanorum

481 1950 536 1973 seu
556 1940 761 1974 Moriscorum
783 1941 814 1974 in
835 1941 921 1975 dicto
941 1951 1042 1984 regno
1056 1941 1219 1977 Valentiae

482 1994 689 2027 christianam
718 1994 815 2027 fidem
840 2000 1037 2039 receperant,
1062 2006 1120 2029 nec
1143 1996 1219 2030 satis

481 2047 565 2080 sirmi
581 2047 614 2080 in
632 2057 667 2080 ea
684 2047 748 2081 fide
766 2048 949 2088 manebant,
965 2049 1105 2082 diversas
1126 2059 1219 2092 paro-

481 2099 598 2133 chiales
621 2100 769 2134 ecclesias
790 2102 822 2134 in
847 2102 936 2141 locis,
954 2102 986 2135 in
999 2102 1118 2146 quibus
1142 2102 1236 2136 dicti'

481 2152 606 2187 Morisci
620 2153 851 2195 inhabitabant,
868 2155 1035 2198 erigendas
1048 2155 1219 2189 mandave-
1235 2169 1236 2183 ἢ

482 2211 548 2248 rat,
575 2216 630 2240 seu
655 2207 831 2241 erectiones
855 2219 872 2240 a
897 2208 983 2242 dieto
1007 2209 1220 2253 archiepisco-

481 2271 522 2305 po
547 2260 731 2293 huiusmodi
754 2262 987 2305 parochialium
1012 2262 1218 2297 ecclesiarum

482 2315 578 2347 l'actas
602 2313 864 2355 confirmaverat,
897 2322 927 2349 et
951 2326 1009 2360 pro
1034 2317 1218 2350 earumdem

482 2367 521 2400 de
543 2376 626 2400 novo
651 2372 830 2400 erectarum
855 2369 1087 2412 parochialium
1112 2370 1216 2403 eccle-

481 2421 602 2455 siarum
627 2420 716 2460 dote,
744 2420 936 2465 illarumque
961 2428 1120 2456 rectorum
1145 2434 1221 2457 con-

482 2485 562 2517 grua
578 2474 820 2516 sustentatione,
833 2475 1004 2509 nonnullas
1021 2481 1108 2509 taxas
1124 2486 1221 2521 super

483 2527 639 2562 fructibus
669 2538 797 2561 mensae
826 2529 1127 2574 archiepiscopalis,
1161 2541 1219 2565 nec

482 2591 547 2614 non
572 2581 780 2624 dignitatum,
809 2581 1054 2616 canonicatuum
1084 2589 1115 2617 et
1142 2584 1219 2618 alio-

484 2645 554 2667 rum
579 2634 811 2669 beneficiorum
830 2635 1134 2678 ecclesiasticorum,
1156 2643 1186 2672 et
1202 2649 1219 2671 a

520 2698 530 2723 t
555 2695 591 2723 Ex
607 2697 715 2732 Regest.
726 2698 753 2725 in
768 2698 870 2726 Secret.
883 2698 1018 2726 Brevium.

1058 286 1153 311 BULLA
1159 287 1235 313 RIUM
1260 289 1411 314 Romnum

1251 338 1413 371 nonnullis
1437 338 1532 372 etiam
1560 339 1805 382 particularibus
1833 339 1990 374 dioecesis

1250 391 1434 425 valentinae
1449 393 1605 436 personis,
1619 403 1701 436 quae
1714 393 1909 427 decimarum
1927 394 1990 428 sive

1251 445 1464 488 primitiarum
1485 445 1644 479 dictorum
1661 446 1805 479 locorum
1821 447 1991 491 participes

1250 503 1336 537 sunt,
1365 499 1588 542 persolvendas
1612 499 1820 543 imposuerat,
1841 505 1935 543 prout
1958 500 1990 534 in

1251 552 1383 586 diversis
1408 552 1549 586 eiusdem
1577 553 1720 597 Gregorii
1740 554 1991 597 praedecessoris

1251 605 1361 640 litteris
1394 606 1520 650 plenius
1553 607 1756 640 continetur:
1781 606 1991 641 nihilominus

1250 669 1316 692 non
1351 660 1484 693 deerant
1503 660 1607 700 multi,
1634 670 1715 704 quos
1745 659 1777 692 in
1802 660 1989 694 huiusmodi

1251 713 1530 754 contributionem,
1550 713 1637 747 iuxta
1654 713 1771 747 dictam
1789 718 1990 754 taxam,con-

1251 776 1379 799 currere
1414 766 1604 810 oportebat,
1635 766 1688 810 qui
1721 765 1990 801 contributionem

1251 818 1290 851 ad
1316 829 1371 852 eos
1387 829 1445 862 pro
1462 824 1530 852 rata
1547 819 1746 853 decimarum
1764 819 1811 853 vel
1828 818 1987 862 primitia-

1251 882 1335 912 rum,
1355 882 1435 916 quas
1455 872 1687 916 percipiebant,
1705 870 1912 916 spectantia¹,
1931 871 1991 905 sub

1252 931 1415 968 praetextu
1449 925 1536 969 quod
1572 926 1698 970 aliquae
1733 925 1866 959 istarum
1890 936 1988 969 paro-

1252 977 1402 1011 chialium
1415 984 1607 1019 erectarum,
1621 979 1742 1022 absque
1754 977 1992 1012 contributione

1252 1029 1425 1072 praedicta,
1453 1029 1649 1064 sufficientes
1683 1036 1813 1064 centum
1836 1030 1991 1064 librarum

1252 1088 1400 1117 monetae
1413 1083 1541 1117 illarum
1556 1083 1696 1127 partium
1710 1094 1834 1117 annuos
1847 1082 1992 1117 redditus

1253 1135 1435 1179 designatos
1458 1135 1630 1178 habebant,
1657 1137 1731 1170 licet
1755 1137 1831 1171 alias
1854 1147 1991 1171 numero

1253 1187 1502 1233 quinquaginta'
1518 1200 1554 1224 ex
1572 1189 1663 1224 dictis
1677 1189 1914 1235 parochialibus
1926 1189 1989 1224 fru-

1253 1246 1321 1275 ctus
1338 1241 1377 1274 ad
1389 1252 1549 1275 summam
1568 1249 1696 1277 centum
1713 1243 1869 1277 librarum
1884 1242 1991 1277 huius·

1253 1294 1338 1327 modi
1352 1294 1558 1328 ascendentes
1578 1305 1643 1329 non
1660 1297 1777 1330 habere
1802 1297 1989 1335 faterentur,

1253 1348 1356 1380 facere
1367 1348 1576 1382 recusabant:
1595 1360 1733 1393 cumque
1746 1349 1778 1382 id
1790 1350 1874 1383 malo
1888 1359 1991 1383 exem-

1252 1402 1306 1446 plo
1321 1407 1414 1444 esset,
1430 1413 1466 1437 ac
1489 1403 1523 1436 in
1541 1403 1715 1437 maximum
1737 1405 1923 1438 earumdem
1939 1417 1991 1451 pa-

1252 1455 1442 1490 rochialium
1460 1462 1621 1490 rectorum
1641 1457 1873 1501 praeiudicium
1887 1470 1991 1503 verge-

1252 1518 1311 1553 ret,
1323 1512 1511 1555 fructusque
1526 1512 1636 1545 salutis
1651 1511 1840 1554 animarum,
1852 1523 1990 1557 quarum

1251 1567 1347 1598 causa
1371 1570 1457 1599 tanta
1486 1565 1518 1599 in
1551 1566 1735 1600 carumdem
1760 1566 1990 1610 parochialium

1251 1618 1458 1652 ecclesiarum
1487 1619 1648 1653 erectione
1672 1624 1703 1653 et
1727 1619 1889 1653 dotatione
1921 1619 1991 1654 dili-

1251 1673 1358 1716 gentia
1374 1672 1516 1706 adhibita
1535 1673 1647 1713 suerat,
1667 1673 1912 1717 consequutioni
1925 1683 1991 1708 non

1252 1725 1415 1760 modicum
1439 1725 1607 1760 afferretur
1632 1726 1919 1771 impedimentum3
1943 1727 1992 1761 id-

1252 1779 1337 1814 circo
1358 1790 1417 1823 pro
1434 1785 1524 1824 parte
1541 1780 1716 1814 charissimi
1734 1780 1766 1813 in
1785 1780 1910 1814 Christo
1936 1780 1991 1814 filii

1251 1834 1350 1867 nostri
1368 1834 1505 1878 Philippi
1524 1834 1579 1873 111,
1596 1834 1822 1878 Hispaniarum
1836 1834 1919 1878 regis
1932 1845 1988 1868 ca—

1251 1887 1375 1929 tholici,
1397 1887 1490 1922 nobis
1513 1887 1677 1921 humiliter
1695 1888 1884 1932 supplicato,
1903 1893 1939 1922 ut
1958 1888 1990 1921 in

1250 1940 1432 1985 praemissis
1456 1945 1634 1985 opportune
1650 1941 1816 1985 providere
1840 1941 1879 1975 de
1901 1941 1992 1975 beni-

1251 1994 1371 2037 gnitate
1394 1995 1566 2038 apostolica
1583 1994 1811 2037 dignaremur:

1297 2047 1312 2090 ξ
1331 2046 1360 2080 2.
1382 2047 1444 2080 Nos
1468 2047 1647 2081 litterarum
1661 2047 1736 2081 dicti
1751 2047 1892 2090 Gregorii
1904 2057 1991 2091 prae-

1252 2153 1369 2198 pressis
1389 2154 1554 2194 habentes,
1567 2155 1701 2198 illasque
1718 2153 1944 2188 confirmantes
1961 2159 1992 2188 et

1253 2208 1478 2252 approbantes,
1505 2208 1690 2242 huiusmodi
1704 2207 1990 2253 supplicationibus

1251 2262 1407 2304 inclinati,
1434 2262 1552 2297 dilecto
1569 2262 1636 2296 filio
1660 2268 1770 2296 nostro
1795 2266 1826 2295 et
1849 2261 1987 2305 Aposto-

1252 2315 1332 2350 licae
1349 2315 1441 2349 Sedis
1455 2316 1488 2349 in
1505 2325 1602 2360 regno
1620 2315 1845 2359 Hispaniarum
1859 2313 1989 2354 nuncio,

1252 2380 1309 2413 per
1334 2369 1412 2403 alias
1435 2373 1559 2403 nostras
1572 2369 1605 2402 in
1632 2369 1733 2402 forma
1750 2367 1853 2401 Brevis
1870 2366 1992 2401 litteras

1252 2423 1402 2458 dedimus
1421 2423 1454 2457 in
1486 2423 1657 2463 mandatis,
1681 2427 1838 2466 quatenus
1865 2431 1922 2466 per
1946 2432 1990 2458 se.

1251 2477 1300 2511 vel
1324 2476 1436 2517 alium,
1455 2487 1512 2510 seu
1528 2475 1622 2515 alios,
1647 2485 1729 2519 quos
1752 2475 1792 2508 ad
1818 2469 1854 2509 id
1880 2473 1990 2508 duxis—

1253 2536 1300 2564 set
1309 2529 1520 2575 deputandos,
1533 2529 1639 2573 quoad
1652 2529 1883 2573 quinquaginta
1899 2528 1991 2573 quin-

1289 2611 1299 2637 1
1323 2610 1407 2646 Lege:
1423 2611 1599 2645 spectantem
1614 2611 1650 2642 (u.
1667 2609 1715 2644 τ.).

1287 2654 1304 2681 2
1325 2654 1448 2682 Fortasse
1469 2653 1614 2689 legendum
1638 2653 1834 2690 quinquaginta
1858 2653 1988 2689 quinque,

1253 2703 1282 2727 ut
1297 2708 1330 2727 ex
1344 2707 1405 2727 mox
1419 2697 1541 2727 dicendis
1555 2697 1659 2734 patebit
1673 2700 1710 2733 (u.
1725 2698 1772 2733 T.)-

2000 291 2054 319 An.
2075 290 2104 319 C.
2121 291 2189 320 1603

2043 2055 2191 2086 Commissatu-

2007 2088 2047 2108 que
2055 2088 2131 2103 nuncio
2140 2088 2190 2108 apo-

1252 2100 1428 2134 decessoris
1453 2106 1581 2135 tenores
1605 2107 1636 2135 et
1660 2100 1751 2134 datas
1775 2106 1852 2134 tuno
1868 2111 1925 2144 pro
1945 2111 1993 2134 ex-
2005 2109 2081 2138 statice
2098 2115 2190 2136 exequu-

2006 2137 2092 2157 tionem.
