2227 3241
74 215 125 242 An.
141 213 169 241 C.
194 211 259 239 1607

134 273 251 297 uniusmoct

74 304 174 325 statutum
215 306 250 321 sus

73 329 147 357 pendit
161 327 245 349 Paulus.

122 2193 200 2222 sicque
221 2200 266 2217 ser·

82 2221 126 2242 vari
136 2222 250 2249 praecipit.

254 279 259 293 i
319 258 380 301 §⁸2-
402 257 605 302 Quapropter
625 268 693 298 nos,
718 257 834 301 quibus
852 267 1016 290 sacrorum

253 311 435 347 'canonum
457 313 629 346 commissa
650 319 695 346 est
717 311 881 351 custodia,
906 321 945 344 ue
967 321 1017 343 ec-

274 366 451 400 clesiastica
471 366 676 399 subvertatur
697 365 877 409 disciplina,
907 375 943 397 ex
962 375 1019 397 no-

273 420 329 453 stri
362 420 561 464 apostolatus
587 419 711 460 officio,
736 429 800 462 quo
828 418 935 451 diviua
965 417 1015 451 di-

273 473 382 515 gnatio
408 472 497 515 fungi
512 472 840 506 voluitlmmilitatem
860 477 1014 512 nostram,

273 526 526 569 suprascriptum
565 531 720 558 statutum
757 536 812 558 seu
851 525 1016 557 decretum

273 579 383 622 (quod
403 578 576 621 diligenter
600 578 895 617 consideravimus,
924 584 954 611 et
978 578 1017 611 ab

273 632 343 665 aliis
363 631 562 665 considerari
588 638 619 665 et
648 632 824 665 examinari
859 632 1017 675 fecimus)

273 688 399 719 matura
429 696 527 729 super
558 696 595 719 eo
628 685 736 719 babitu
763 686 1014 725 deliberatione,

272 738 462 772 auctoritate
487 738 687 782 apostolica,
722 738 940 782 praesentium
973 744 1017 771 te-

272 802 363 833 nore,
383 792 620 836 suspendimus,
642 798 683 832 et,
710 798 813 825 stante
831 792 1016 825 huiusmodi

272 846 495 890 suspensione,
511 846 688 890 capitulum
708 851 861 886 vestrum,
878 852 933 878 aut
950 845 1018 878 eius

273 906 304 932 et
324 909 545 943 quascumque
566 899 655 940 alias,
679 899 719 932 ad
746 910 826 943 quas
851 899 1014 932 Salisbur-

273 951 378 994 gensis
399 951 633 996 archiepiscopi
663 952 776 986 electio
794 958 926 996 spectat,
947 963 1017 996 per-

273 1016 368 1039 sonas
387 1016 452 1039 non
473 1006 573 1048 ligare
594 1017 699 1050 neque
717 1012 852 1047 arctare,
874 1006 1018 1051 nullique

274 1057 408 1101 eligibili
438 1059 600 1092 ullatenus
631 1059 875 1103 praeiudicare,
904 1060 1016 1093 eadem

273 1111 465 1145 auctoritate
486 1112 709 1153 decernimus,
738 1113 783 1146 ita
811 1119 843 1146 ut
866 1113 1015 1157 quando-

274 1175 413 1208 cumque
433 1165 602 1198 ecclesiam
623 1165 899 1209 Salishurgensem
922 1166 1017 1200 desti—

275 1217 318 1251 tui
337 1218 510 1261 contigerit
529 1219 645 1252 solatio
667 1220 815 1264 pastoris,
832 1220 940 1253 nullus
966 1230 1017 1253 ca-

275 1272 479 1313 nonicorum,
499 1282 605 1316 neque
625 1273 690 1306 ulla
705 1273 841 1306 aliarum
860 1274 1017 1306 dictarum

274 1336 512 1369 personarum,
540 1327 580 1360 ad
606 1338 685 1371 quas
712 1328 876 1371 praedicta
906 1328 1019 1361 electio

275 1378 426 1423 pertinet,
450 1386 505 1413 aut
525 1380 603 1413 alias
628 1381 785 1423 eligibiles
805 1387 890 1421 suut,
915 1381 1019 1414 cuius-

277 1443 417 1476 cumque
442 1434 580 1476 gradus,
610 1434 793 1476 dignitatis,
818 1435 1016 1470 nobilitatis.

277 1486 472 1521 conditionis
501 1493 531 1521 et
559 1488 835 1531 praeeminentiae
860 1488 1016 1527 existant,

277 1541 316 1574 ab
334 1541 490 1575 electione
508 1541 609 1575 activa
628 1542 676 1575 vel
695 1542 829 1586 passiva,
853 1550 908 1576 aut
929 1553 946 1575 a
964 1553 1020 1586 po-

277 1595 460 1636 stulatione,
482 1595 592 1638 vigore
623 1596 730 1629 statuti
762 1596 947 1630 huiusmodi
980 1597 1020 1629 ita

277 1648 435 1692 suspensi,
464 1648 674 1682 excludantur
709 1655 763 1682 aut
797 1650 1018 1693 repellantur,

277 1706 377 1745 prout
396 1701 521 1736 excludi
547 1708 601 1735 aut
624 1702 737 1746 repelli
759 1713 824 1736 non
849 1713 943 1746 posse
963 1713 1022 1736 nec

279 1755 398 1789 debere
412 1755 577 1800 praedicta
592 1756 783 1789 auctoritate
802 1756 1018 1792 decernimus:

278 1808 380 1843 firmis
404 1809 616 1843 nihilominus
641 1817 672 1844 et
696 1810 727 1843 in
745 1810 860 1844 eodem
887 1816 968 1844 statu
990 1811 1020 1843 in

279 1863 413 1897 caeteris
432 1864 675 1898 remanentibus
698 1864 792 1898 vestri
807 1864 938 1909 capituli
953 1865 1022 1909 qui-

279 1916 480 1961 buscumque
504 1917 575 1950 aliis
602 1917 904 1959 constitutionibus,
932 1919 1019 1951 eius-

280 1970 419 2014 demque
440 1976 471 2004 et
490 1971 722 2004 canonicorum
749 1982 784 2004 ac
815 1972 1016 2015 supradicta-

280 2035 351 2057 rum
376 2035 588 2068 personarum
608 2025 743 2058 iuribus.
765 2025 887 2064 Quibus
911 2026 1018 2058 omni-

280 2078 340 2112 bus
365 2084 396 2112 et
413 2078 547 2121 singulis
572 2089 636 2112 non
651 2079 850 2113 intendimus
868 2080 898 2112 iu
913 2079 1022 2124 aliquo

280 2131 515 2175 praeiudicare.

326 2188 342 2229 S
363 2185 393 2219 3.
418 2186 522 2225 Quare
547 2186 636 2220 vobis
657 2186 807 2220 omnibus
825 2192 854 2219 et
875 2186 1019 2229 singulis,

279 2239 415 2284 aliisque
429 2240 469 2273 ad
483 2249 563 2284 quos
577 2240 756 2273 electionis¹
772 2240 954 2284 praedictae
968 2252 1023 2273 ne-

280 2293 403 2336 gotium
425 2293 673 2338 quomodolibet
692 2299 829 2338 spectat,
854 2304 911 2337 per
939 2304 1018 2337 apo-

279 2347 393 2381 stolica
423 2347 543 2391 scripta
573 2347 804 2391 praecipiendo
832 2348 1022 2381 mandamus

921 209 1045 232 lesstts
1069 210 1084 232 V
1104 210 1155 232 ΡΙ).

1701 196 1765 229 385

1053 257 1168 290 clesiae
1194 256 1382 296 vacatione,
1411 256 1442 288 in
1476 255 1597 288 iudicio
1630 254 1676 287 rel
1709 259 1796 286 extra

1053 310 1118 342 ullo
1140 310 1237 342 modo
1254 309 1390 342 utamini
1409 316 1437 342 et
1457 308 1631 353 respective
1651 313 1792 341 utantur.

1098 363 1165 405 §4
1198 364 1266 396 Non
1293 363 1494 396 obstantibus
1523 361 1689 406 quibusvis
1714 371 1793 394 con-

1052 416 1271 449 stitutionibus
1300 423 1327 449 ct
1359 416 1617 450 ordinationibus
1644 415 1798 460 apostoli-

1053 469 1097 502 cis
1112 497 1119 510 ,
1155 480 1191 502 ac
1223 470 1419 513 privilegiis,
1455 469 1587 503 indultis
1620 476 1650 503 et
1682 469 1798 502 litteris

1052 522 1236 566 apostolicis
1261 523 1351 556 vobis
1380 529 1408 556 et
1435 523 1504 556 aliis
1537 522 1720 566 praedictis,
1749 523 1797 555 rel

1052 582 1191 608 vestrum
1213 581 1243 608 et
1264 575 1393 608 illorum
1417 576 1559 616 cuilibet,
1583 576 1641 609 sub
1663 575 1798 620 quibus-

1052 639 1191 672 cumque
1210 629 1376 662 tenoribus
1394 635 1424 662 et
1445 629 1568 669 formis,
1590 636 1619 662 et
1638 640 1710 662 eum
1732 629 1799 673 qui-

1053 682 1159 716 busvis
1186 682 1283 715 etiam
1316 682 1598 725 derogatoriarum
1628 683 1799 725 derogato-

1052 735 1130 775 riis,
1165 735 1301 779 aliisque
1333 735 1571 768 efficacioribus
1601 741 1632 768 et
1662 735 1798 769 insolitis

1052 787 1214 827 clausulis,
1238 798 1275 820 ac
1292 788 1494 821 irritantibus
1512 794 1543 821 et
1560 788 1630 822 aliis
1649 788 1797 830 decretis,

1051 842 1084 874 in
1102 852 1221 884 genere
1233 842 1281 875 vel
1296 842 1328 874 in
1345 842 1463 886 specie,
1488 848 1542 875 aut
1561 842 1649 883 alias,
1671 843 1703 875 in
1721 853 1799 876 eon-

1054 895 1187 928 trarium
1201 895 1454 939 praemissorum
1468 895 1716 939 quomodolibet
1729 906 1800 929 con-

1052 948 1160 989 cessis,
1181 948 1379 982 confirmatis
1400 955 1431 982 et
1454 948 1652 993 approbatis.
1676 948 1798 988 Quibus

1053 1002 1203 1035 omnibus
1223 1008 1254 1036 et
1274 1003 1420 1046 singulis,
1442 1002 1567 1036 etiamsi
1585 1013 1644 1046 pro
1667 1002 1797 1036 illorum

1051 1054 1225 1089 sufficienti
1260 1055 1470 1098 derogatione
1496 1056 1536 1089 de
1565 1055 1627 1088 illis
1662 1065 1795 1089 eorum-

1053 1119 1115 1152 que
1138 1109 1210 1142 totis
1232 1109 1398 1142 tenoribus
1418 1109 1577 1153 specialis,
1598 1108 1749 1153 specifica
1769 1115 1799 1142 et

1053 1163 1092 1196 ad
1129 1163 1265 1196 verbum
1302 1173 1454 1207 expressa
1492 1162 1612 1196 mentio
1649 1162 1799 1196 habenda

1053 1223 1146 1257 esset,
1171 1223 1299 1250 tenores
1320 1216 1520 1257 huiusmodi,
1543 1227 1579 1249 ae
1596 1216 1621 1249 si
1640 1216 1679 1249 de
1699 1216 1798 1249 verbo

1053 1272 1093 1305 ad
1107 1271 1240 1304 verbum
1256 1271 1485 1311 insererentur,
1502 1270 1724 1315 praesentibus
1738 1280 1798 1314 pro

1054 1326 1209 1370 expressis
1223 1326 1388 1368 habentes,
1401 1326 1460 1359 hac
1472 1326 1540 1359 vice
1554 1326 1718 1359 dumtaxat
1731 1336 1800 1368 spe-

1053 1380 1178 1413 cialiter
1199 1386 1230 1414 ct
1250 1391 1399 1424 expresse
1417 1381 1623 1423 derogamus,
1648 1379 1798 1413 caeteris-

1054 1447 1116 1480 que
1135 1437 1305 1470 contrariis
1325 1437 1595 1481 ‹ptibuseumque.

1097 1492 1210 1524 Datum
1229 1492 1351 1524 Romae
1377 1492 1464 1535 apud
1486 1497 1633 1524 sanctum
1654 1492 1796 1532 Petrum,

1054 1546 1112 1579 sub
1129 1546 1249 1578 annulo
1264 1545 1435 1578 Piscatoris
1448 1545 1499 1578 die
1512 1555 1542 1578 lx
1557 1545 1661 1578 martii
1674 1554 1796 1585 iubevu,

1055 1599 1262 1643 pontificatus
1280 1599 1383 1632 nostri
1403 1609 1490 1632 anno
1511 1609 1534 1632 ιι
1550 1597 1568 1632 ¹.

1091 1661 1149 1688 bat.
1170 1661 1212 1688 die
1232 1664 1248 1688 tl
1268 1660 1357 1688 martii
1380 1661 1458 1693 1007,
1474 1659 1570 1695 pontif.
1589 1669 1632 1688 an.
1650 1667 1678 1687 1t.

1373 1842 1477 1875 LXIX,

1057 1968 1211 2002 Prohibet
1225 1969 1402 2012 quominus
1418 1968 1627 2001 ecclesiastici
1643 1970 1735 2013 rcym'
1751 1969 1801 2001 Si-

1100 2022 1198 2054 ciliae
1230 2023 1336 2061 (tores,
1367 2033 1493 2062 racem,
1523 2022 1639 2055 vitulas
1670 2033 1706 2055 ac
1731 2022 1800 2054 alia

1100 2076 1267 2109 animalia
1287 2086 1444 2119 «syrorum
1463 2076 1613 2109 culturae
1633 2075 1733 2108 utilia
1753 2086 1801 2108 oc-

1101 2130 1212 2162 cidant
1223 2128 1243 2162 ².

1297 2211 1408 2238 Paulus
1429 2211 1507 2244 Papa
1528 2211 1559 2243 V,

1199 2267 1234 2291 ad
1255 2264 1389 2292 futuram
1409 2265 1453 2291 rei
1473 2264 1655 2291 memoriam.

1101 2346 1245 2388 Regnum
1271 2345 1398 2379 Siciliae
1424 2345 1508 2378 ultra
1533 2345 1671 2378 l'liarum
1699 2344 1799 2377 illius-

1812 205 1862 231 An.
1879 204 1907 232 C.
1933 204 1997 231 1607

1861 372 1999 392 Obstantibus

1813 399 1909 423 deterat.

1841 2353 1973 2373 Prooemium
1989 2360 2001 2373 :i

1816 2380 1924 2401 fertilitati»
1963 2381 2001 2400 soli

280 2410 320 2433 ne
341 2400 525 2435 huiusmodi
553 2411 612 2445 per
631 2411 689 2434 nos
714 2401 755 2434 ita
785 2412 939 2444 suspenso
961 2406 1023 2434 sta-
1057 2412 1119 2444 que
1144 2401 1249 2433 solum
1269 2400 1310 2433 ita
1332 2399 1434 2433 fertile
1455 2410 1522 2431 csse
1544 2398 1796 2439 considerantes,
1816 2407 1938 2428 deductum.

283 2459 350 2488 tuto
371 2465 428 2488 seu
459 2455 602 2496 decreto,
630 2455 819 2489 adveniente
844 2455 948 2489 dietae
973 2466 1023 2489 ec-

1094 2490 1103 2516 l
1130 2489 1175 2516 llie
1195 2490 1223 2516 ε21
1246 2489 1334 2515 martii
1364 2488 1465 2515 Paulus
1482 2488 1552 2523 Papa
1567 2487 1708 2523 privilegia
1733 2496 1801 2515 mer-

1059 2533 1196 2561 catoribus
1217 2533 1391 2560 Aneonitanis
1407 2541 1421 2559 a
1438 2532 1574 2559 Clemente
1587 2532 1643 2559 l'llI
1660 2540 1799 2567 concessa,

319 2579 329 2606 ¹
354 2578 423 2606 Edit.
440 2579 519 2607 Rom.
532 2579 583 2607 fert
595 2579 757 2614 electioncs;
771 2587 895 2613 erronee,
913 2582 941 2606 ut
953 2583 1025 2615 patet
1059 2582 1085 2605 et
1099 2587 1169 2613 quae
1186 2586 1234 2605 suo
1251 2578 1309 2604 loco
1326 2577 1478 2608 retulimus,
1495 2576 1674 2603 confirmarit.

282 2623 321 2658 (n.
338 2625 386 2656 T.).
458 2621 480 2638 ⁰

338 2676 416 2706 Bult.
432 2676 516 2705 Rom.
536 2677 596 2705 Vot.
613 2677 663 2705 XI.
863 2676 896 2704 49

1095 2623 1111 2649 ἱ).
1132 2622 1169 2650 Ex
1190 2624 1298 2658 Regest.
1321 2622 1347 2648 iu
1367 2623 1473 2649 Secret.
1495 2620 1573 2649 Brev.
