2227 3241
67 230 114 258 An.
131 230 162 256 C.
185 229 252 257 ¹609

108 2488 228 2510 Exordium.

902 231 1022 255 Partes

265 276 327 310 alia
351 275 529 317 roboratis,
552 276 678 310 statutis
706 283 737 310 et
764 278 1024 319 consuetudini-;

266 331 344 371 bus,
367 331 544 375 privilegiis
565 342 717 376 quoque,
746 332 878 366 indultis
902 338 932 366 et
957 321 1024 370 lit-i

267 383 342 416 teris
366 383 550 428 apostolicis
574 383 680 417 eidem
705 384 837 426 (Ji-dini,
858 384 1024 430 illiusque-3

267 436 408 479 generali
434 442 465 470 et
489 437 740 481 provincialibus
766 437 934 478 ministris,
955 432 1025 481 suss,

267 490 460 534 perioribus,
481 490 708 524 definitoribus
725 496 755 525 et
772 491 929 536 personis,
949 489 1025 524 subt

267 544 527 588 quibuscumque
553 544 719 578 tenoribus
750 550 780 578 et
811 545 943 586 formis,
972 556 1008 579 ac

267 607 340 631 oum
359 597 524 642 quibusvis
541 597 637 631 etiam
655 598 934 641 derogatoriarum
954 600 1008 633 de-

268 650 449 694 rogatoriis,
470 656 500 684 et
519 651 589 685 aliis
605 651 753 692 decretis,
771 651 801 685 in
823 663 939 695 genere
961 654 1008 686 vel

267 704 301 736 in
325 703 452 748 speeie,
476 704 571 737 etiam
594 710 684 738 motu
699 732 706 746 ,
727 705 883 747 scientia,
906 712 936 739 et
952 717 1009 751 po-

270 757 390 791 testatis
419 757 619 801 plenitudine
647 758 829 801 similibus,
864 771 900 793 ac
931 760 1009 793 alias

269 811 515 855 quomodolibet
546 806 728 854 concessis,
763 813 948 857 approbatis
980 819 1009 847 et

270 863 439 898 innovatis.
468 864 589 904 Quibus
614 866 931 907 omnibus,etiamsi,
950 877 1009 911 pro

270 917 400 951 illorum
421 917 592 952 sufficienti
619 919 846 962 derogatione,
868 919 945 953 alias
971 920 1010 953 de

271 970 333 1004 illis
357 981 537 1016 eorumque
561 973 633 1006 totis
658 973 823 1006 tenoribus
848 973 1007 1017 specialis,

271 1024 442 1069 specifica,
474 1035 622 1070 expressa
653 1032 684 1060 et
716 1026 881 1060 individua
907 1038 943 1060 ac
972 1027 1010 1060 de

271 1078 369 1111 verbo
394 1079 434 1112 ad
459 1079 593 1113 verbum
621 1080 742 1114 mentio
758 1108 765 1121 ,
800 1092 855 1113 seu
882 1080 1029 1124 quaevis

272 1131 334 1165 alia
350 1133 511 1177 expressio
528 1133 675 1167 habenda
693 1140 784 1175 esset,
807 1139 933 1167 tenores
953 1134 1012 1168 hu-

273 1185 423 1228 iusmodi,
442 1197 478 1220 ae
496 1187 520 1220 si
538 1187 577 1221 de
595 1187 691 1221 verbo
716 1189 756 1221 ad
782 1188 914 1221 verbum
933 1188 1012 1221 nihil

272 1239 400 1284 penitus
431 1241 550 1274 omisso
576 1247 605 1274 et
629 1240 731 1274 forma
756 1241 788 1274 in
814 1241 875 1275 illis
897 1241 1012 1274 tradita

273 1292 436 1325 observata
456 1292 566 1326 inserti
585 1293 700 1334 forent,
717 1293 937 1337 praesentibus
954 1303 1013 1337 pro

274 1345 471 1380 sufficienter
493 1347 648 1390 expressis
666 1347 830 1387 habentes,
856 1347 917 1380 illis
937 1342 1032 1379 alias*

275 1400 307 1433 in
321 1411 378 1434 suo
392 1401 509 1434 robore
525 1401 755 1445 permansuris,
770 1400 828 1433 liae
846 1400 912 1433 viee
927 1400 1014 1433 dum-

275 1459 359 1487 taxat
382 1453 565 1498 specialiter
585 1460 615 1487 et
635 1464 782 1498 expresse
807 1454 1010 1495 derogamus,

276 1507 475 1552 caeterisque
496 1507 665 1540 contrariis
686 1507 956 1552 quibuscumque.

319 1562 431 1595 Datum
457 1561 579 1594 Romae
604 1561 688 1605 apud
714 1566 856 1594 sanctam
883 1559 1013 1593 Mariani

275 1615 446 1655 Maiorem,
471 1615 529 1648 sub
550 1615 671 1648 annulo
689 1614 870 1655 l’iseatoris,
895 1614 945 1647 die
964 1625 1014 1647 xiv
1031 1626 1033 1631 ’

275 1669 400 1713 augusti
419 1668 774 1713 iincx111,pontificatus
791 1668 890 1701 nostri
903 1679 953 1701 an.
969 1679 1010 1702 ix.
1031 1698 1032 1704 ,

311 1731 372 1759 Dat.
388 1731 431 1759 die
449 1731 479 1759 tt
495 1731 601 1767 augusti
620 1730 696 1765 1613,
715 1731 809 1767 pontif.
832 1740 875 1758 an.
893 1738 929 1758 ix,

604 1859 673 1892 CLI.

276 1940 477 1985 Approbate'o
493 1938 741 1974 Constitutionis
753 1937 925 1973 Clementis
938 1937 1020 1971 VIII

320 2004 416 2038 super
461 1992 707 2036 confirmatione
750 1992 1017 2036 Conqrequtionis
1033 1990 1035 2018 1

320 2049 465 2091 fratrum
486 2046 761 2080 Discalceatorum
785 2045 920 2079 Ordinis
939 2056 1016 2078 scin-

321 2102 484 2135 ctissimae
512 2100 684 2134 Trinitatis
706 2099 946 2143 Redemptionis
966 2091 1016 2131 611-

318 2156 495 2199 pti'coruin,
509 2155 716 2199 primitivam
744 2153 891 2197 requiam
913 2152 1017 2185 obscr-

322 2210 482 2250 vantittm,
497 2220 570 2242 cum
586 2208 767 2241 adiectione
780 2206 920 2239 duorum
937 2209 1018 2238 voto-

323 2273 406 2303 rum,
427 2262 517 2295 ultra
537 2261 607 2294 alia
626 2265 697 2293 rota
717 2261 820 2304 ipsius
840 2258 984 2293 Ordinis.

517 2360 627 2386 Paulus
648 2359 725 2391 Papa
744 2359 780 2388 V,

403 2405 438 2432 ad
459 2405 634 2438 perpetuam
653 2404 697 2430 rei
718 2402 898 2430 memoriam.

324 2478 410 2518 Quae
435 2477 486 2521 pie
512 2482 541 2510 et
565 2481 674 2509 sancte
700 2486 716 2507 a
740 2473 893 2508 Romanis
913 2473 1018 2507 Ponti-

282 2531 395 2565 ficibus
412 2529 714 2575 praedecessoribus
732 2528 848 2561 nostris
866 2528 950 2560 circa
972 2538 1019 2559 re-
1035 2534 1037 2549 ν’

281 2584 439 2627 gularium
461 2593 671 2628 personarum
693 2587 808 2615 statum
831 2581 910 2614 facta
931 2586 1016 2621 sunt,
1036 2597 1037 2602 =

282 2648 320 2672 eo
339 2637 489 2671 libentius
503 2637 731 2682 approbamus,
749 2645 813 2680 quo
829 2635 942 2668 exinde
958 2645 1020 2668 ma-
1037 2659 1038 2674 1

1048 232 1066 253 v
1093 231 1137 254 rr.
1683 220 1748 255 615

1041 278 1143 312 iorem
1162 278 1195 313 iu
1213 278 1356 312 Ecclesia
1377 279 1430 312 Dei
1453 278 1622 312 utilitatem
1643 289 1780 323 proven-

1042 338 1145 365 turam
1168 342 1234 365 esse
1255 342 1434 376 speramus.

1084 387 1101 427 g
1131 385 1157 418 l.
1185 385 1300 426 Quare,
1329 396 1402 418 cum
1427 385 1528 419 felicis
1547 385 1780 419 recordationis

1040 438 1185 472 Clemens
1205 439 1290 483 Papa
1308 439 1384 480 Vlll,
1398 440 1627 483 praedecessor
1651 446 1777 481 noster,

1042 503 1137 525 unam
1169 493 1457 536 Congregationem
1492 494 1626 527 fratrum
1656 493 1777 527 Discat-

1041 551 1206 579 centorum
1232 546 1359 580 Ordinis
1383 547 1601 580 sanctissimae
1619 547 1780 580 Trinitatis

1042 606 1072 633 et
1092 599 1335 643 Redemptionis
1355 600 1567 644 captivorum,
1591 600 1646 644 qui
1666 600 1780 644 primi-

1045 653 1138 687 liram
1168 653 1311 696 regulam
1336 653 1492 697 praedicti
1513 653 1640 687 Ordinis
1664 664 1781 697 perpe-

1043 712 1097 740 tuo
1129 707 1319 747 observent,
1351 706 1382 739 in
1402 706 1509 749 regnis
1536 706 1778 750 Hispaniarum,

1042 770 1100 803 per
1124 770 1224 803 unu-m
1251 759 1435 793 ministrum
1460 759 1691 803 provincialem
1719 759 1778 793 eli-

1043 814 1184 856 gendum
1212 825 1247 846 ex
1273 813 1393 846 eisdem
1414 813 1564 846 fratribus
1581 813 1783 847 Discalceatis

1044 867 1218 909 regendam
1233 872 1263 900 et
1276 867 1531 909 gubernandam,
1548 872 1637 900 motu
1651 866 1783 910 proprio

1044 926 1075 954 et
1104 921 1142 954 de
1170 920 1364 965 apostolicae
1391 920 1555 965 potestatis
1582 920 1784 964 plenitudine

1045 973 1201 1015 erexerit,
1236 984 1372 1017 eamque
1404 974 1448 1007 sic
1481 979 1620 1007 erectam
1647 974 1685 1006 ab
1715 974 1783 1007 aliis

1045 1027 1218 1072 provinciis
1243 1027 1398 1071 praedicti
1429 1027 1556 1061 Ordinis
1581 1027 1784 1061 modificatae

1046 1081 1176 1124 regulae
1193 1087 1348 1126 perpetuo
1366 1081 1550 1122 seiunxerit,
1564 1081 1714 1125 ipsosque
1728 1081 1786 1114 sra-

1047 1141 1108 1168 tres
1140 1146 1177 1168 ae
1206 1146 1318 1168 eorum
1346 1135 1460 1168 domos
1484 1134 1523 1167 ab
1546 1134 1635 1168 omni
1657 1140 1688 1168 et
1708 1145 1786 1178 qua-

1047 1199 1185 1232 cumque
1211 1187 1454 1228 iurisdietione,
1481 1187 1662 1221 visitatione
1681 1192 1712 1220 et
1732 1199 1785 1221 su-

1046 1241 1247 1285 perioritate,
1279 1248 1341 1273 tam
1366 1239 1578 1273 commissarii
1605 1240 1784 1283 generalis,

1030 1305 1144 1341 kqnam
1179 1294 1316 1327 aliorum
1353 1294 1573 1327 ministrorum
1601 1294 1785 1338 provincia-

1049 1348 1149 1389 lium,
1183 1359 1218 1381 ac
1254 1347 1391 1381 aliorum
1422 1357 1705 1391 quorumcumque
1730 1359 1786 1380 su-

1048 1402 1212 1446 periorum
1246 1401 1449 1434 modificatae
1481 1401 1611 1443 regulae
1644 1400 1788 1435 eiusdem

1048 1455 1175 1489 Ordinis
1200 1461 1358 1499 perpetuo
1383 1455 1553 1495 exemerit,
1574 1466 1610 1488 ac
1635 1455 1693 1487 sub
1716 1455 1792 1488 obe-

1049 1509 1168 1541 dientia
1186 1514 1216 1541 et
1234 1508 1458 1551 superioritate
1478 1508 1613 1541 ministri
1632 1508 1791 1550 generalis

1049 1562 1124 1595 dicti
1147 1562 1243 1595 totius
1261 1561 1389 1595 Ordinis
1409 1567 1568 1605 perpetuo
1585 1562 1715 1595 subesse
1736 1573 1790 1596 vo-

1050 1615 1155 1655 luerit,
1180 1615 1305 1659 aliaque
1332 1615 1454 1656 fecerit,
1479 1626 1514 1648 ac
1532 1615 1594 1648 alia
1619 1626 1636 1648 a
1663 1621 1737 1649 tuno
1762 1622 1791 1650 et

1049 1679 1107 1713 pro
1134 1675 1278 1712 tempore
1304 1668 1458 1702 existente
1478 1668 1568 1702 Sedis
1587 1670 1790 1713 Apostolicae

1050 1723 1081 1755 in
1116 1722 1210 1755 dictis
1245 1722 1351 1765 regnis
1387 1722 1541 1756 existente
1573 1722 1691 1756 nuncio
1721 1723 1790 1757 fieri

1052 1775 1259 1816 mandaverit,
1284 1781 1379 1819 prout
1404 1775 1436 1808 in
1462 1775 1573 1809 litteris
1600 1775 1675 1809 dieti
1700 1787 1792 1820 prae—

1050 1830 1227 1864 decessoris
1247 1830 1385 1874 desuper
1411 1830 1462 1863 die
1487 1840 1525 1863 xx
1551 1830 1689 1872 augusti,
1707 1840 1789 1874 pon-

1033 1882 1188 1918 'titicatus
1209 1884 1257 1916 sui
1283 1894 1368 1916 anuo
1394 1893 1467 1921 vni,
1493 1883 1644 1916 consectis
1665 1883 1790 1928 plenius

1052 1938 1267 1976 continetur¹3
1297 1938 1422 1982 ipsique
1443 1938 1555 1971 fratres
1580 1938 1788 1979 Discalceati,

1051 2004 1134 2037 quae
1155 1993 1193 2025 ad
1225 2003 1301 2025 suae
1322 1991 1531 2036 professionis
1558 1991 1790 2035 perfectionem

1051 2058 1085 2079 ac
1112 2046 1336 2084 obedientiae,
1361 2044 1560 2089 paupertatis
1586 2051 1615 2078 ct
1640 2044 1791 2078 castitatis

1051 2106 1122 2133 vota
1147 2099 1326 2143 pertinent,
1356 2099 1512 2139 tidelitor,
1535 2105 1564 2131 ut
1588 2098 1787 2142 accepimus,

1051 2152 1300 2190 observaverint,

1096 2208 1111 2248 ξ
1133 2206 1162 2238 2.
1185 2206 1256 2247 Nos,
1272 2205 1373 2239 dictos
1395 2206 1507 2239 fratres
1528 2205 1739 2239 lsstiscateeatos
1761 2212 1789 2239 et

1051 2270 1162 2293 eorum
1185 2259 1361 2303 quemlibet
1382 2270 1399 2292 a
1420 2259 1583 2303 quibusxis
1609 2269 1791 2292 excommu-

1052 2313 1244 2354 nicationis,
1278 2313 1518 2357 suspensionis,
1547 2322 1575 2346 et
1604 2313 1788 2354 interdicti,

1052 2368 1186 2411 aliisque
1213 2367 1435 2400 ecclesiasticis
1453 2367 1629 2407 sententiis,
1651 2367 1793 2400 censuris

1053 2427 1083 2456 et
1109 2421 1232 2465 poenis,
1256 2432 1272 2454 a
1300 2421 1367 2453 iure
1390 2421 1436 2453 rel
1458 2421 1496 2453 1111
1519 2420 1660 2461 homine,
1682 2420 1793 2464 quavis

1053 2475 1220 2509 occasione
1242 2474 1287 2508 vel
1310 2477 1402 2507 61111511
1427 2475 1507 2510 latis.
1528 2475 1552 2507 si
1575 2474 1691 2518 quibus
1712 2486 1793 2518 quo-

1055 2526 1231 2560 modolibet
1256 2526 1398 2559 innodati
1418 2525 1566 2560 existunt.
1585 2526 1623 2558 ad
1645 2525 1792 2558 effectum

1054 2579 1271 2623 praesentiunt
1307 2580 1471 2611 ttumuuat
1504 2579 1789 2622 consequendum,

1095 2643 1100 2668 1
1125 2642 1201 2678 Ipsae
1219 2646 1280 2669 sunt
1297 2642 1348 2669 iam
1364 2650 1445 2677 snpra
1457 2642 1554 2669 citatae
1568 2650 1628 2677 pag.
1646 2642 1693 2668 Glt
1714 2645 1793 2677 (11.1).

1794 230 1841 258 An.
1877 229 1978 259 C.1609

1809 398 1920 419 Euat-ratio
1929 398 1981 419 Con·

1795 426 1912 446 stitutionis
1936 425 1981 446 Cle-

1796 454 1872 473 mentis
1889 452 1944 473 vm.

1858 2207 1992 2229 Confirmatio

1807 2235 1877 2265 dictae
1888 2234 1907 2255 Ο
1919 2237 1992 2256 nstitu-

1807 2264 1877 2282 tionis.
