2227 3241
34 262 84 291 An.
98 260 126 289 C.
148 259 217 289 1605

62 1013 168 1036 ctausutas
177 1012 216 1034 hu-

36 1041 69 1064 {m
76 1041 146 1062 haitan
155 1044 216 1066 prae-

36 1067 151 1090 mutii-as
178 1071 215 1093 ap·

34 1094 100 1125 mn·

0 1598 2 1610 ¹
51 1598 172 1625 indutaque
180 1598 217 1620 liu·

0 1645 2 1648 ,
41 1624 132 1649 ἰιιεωυάἱ.
138 1625 189 1647 ἰΙίάς
197 1625 217 1646 in

0 1669 1 1676 η
41 1651 126 1674 &mera
135 1659 174 1673 nnn
184 1658 217 1673 re-

0 1690 1 1693 =
40 1677 124 1702 numu.
151 1680 217 1700 voi-iti-

40 1705 83 1727 enri
95 1705 178 1727 debere.

87 2318 221 2349 formamque

0 2348 3 2364 i
44 2345 114 2367 nundi
121 2345 182 2367 uticus
191 2352 222 2366 in-

0 2374 1 2385 t
45 2372 106 2394 autu:
119 2373 221 2399 praescri-

230 306 488 352 praedictorum)
502 307 659 340 hactenus
680 317 842 347 concessa,
859 317 976 351 appro—

230 362 315 401 bata,
333 360 524 394 confirmata
539 367 569 394 et
586 361 746 400 innovata,
764 360 893 393 illorum
906 370 975 394 om-

230 415 319 448 nium
341 420 372 448 et
391 414 592 457 singulorum
624 420 752 447 tenores
782 424 884 454 veros,
908 414 975 457 ple-

231 468 349 509 narios,
365 473 395 501 et
410 468 562 511 integros,
583 477 619 501 ac
632 467 656 500 si
679 468 718 500 de
735 467 833 500 verbo
847 467 887 500 ad
905 477 974 500 rer-

231 522 320 563 bum,
343 521 424 554 nihil
444 521 573 565 penitus
588 520 719 560 omisso,
739 520 971 561 insererentur,

233 575 458 619 praesentibus
493 584 554 618 pro
593 573 791 607 sufficienter
819 574 993 618 expressis‘

234 628 360 661 insertis
373 633 403 661 et
413 626 588 670 registratis
601 626 768 668 babentes,
784 626 974 661 auctoritate

232 687 263 714 et
289 687 400 715 tenore
414 679 588 725 praedictis
605 685 761 724 perpetuo
773 690 970 721 revocamus,

231 745 404 775 cassamus,
428 734 634 767 annullamus
659 744 695 767 ac
715 733 836 767 viribus
862 744 975 767 vacua-

232 799 312 822 mus:
331 799 367 821 ac
388 793 548 828 revocata,
573 788 749 828 annullata,
770 793 903 828 cassata,
924 787 974 820 in-

233 841 356 882 valida,
386 841 574 885 viribusque
601 846 631 874 et
651 840 767 874 effectu
787 851 887 874 vacua
907 851 974 874 esse

231 901 262 929 et
286 895 376 936 fore,
404 905 441 929 ac
465 894 588 928 nemini
621 894 780 928 ullatenus
805 894 974 938 suffragari

230 958 324 993 posse
344 954 399 981 aut
419 947 550 988 debere;

276 1004 293 1045 5
313 1001 344 1036 8.
367 1002 553 1035 praesentes
571 1011 701 1046 quoque
719 1001 852 1043 litteras,
877 1002 973 1036 etiam

231 1067 269 1090 ex
289 1066 328 1090 eo
349 1056 436 1100 quod
458 1055 611 1089 interesse
628 1055 784 1089 habentes
804 1066 860 1089 seu
881 1067 975 1100 prae-

232 1109 399 1143 tendentes
431 1108 470 1141 ad
503 1108 564 1141 hoc
597 1108 698 1142 vocati
729 1114 758 1142 et
783 1108 883 1142 auditi
908 1120 992 1142 non<

230 1162 361 1203 fuerint,
383 1162 422 1195 de
442 1161 661 1206 subreptionis
687 1162 734 1195 vel
760 1162 970 1206 obreptionis,

231 1222 286 1249 aut
299 1216 454 1250 nullitatis
466 1215 554 1256 vitio,
572 1226 626 1249 seu
641 1215 828 1250 intentionis
846 1222 974 1250 nostrae
990 1230 992 1237 r

231 1271 278 1304 vel
303 1270 368 1303 alio
388 1280 595 1314 quocumque
620 1270 746 1303 defectu
767 1270 884 1311 notari,
909 1271 971 1303 im-

230 1323 379 1367 pugnari,
393 1322 556 1365 redargui,
570 1329 622 1356 aut
636 1324 975 1380 proptcrea—revocari,

230 1376 410 1417 retractari,
432 1376 596 1420 suspendi,
620 1376 764 1417 limitari,
788 1382 842 1410 aut
869 1377 900 1410 in
926 1378 975 1411 ius

230 1430 279 1463 vel
309 1430 560 1463 controversiam
593 1430 716 1471 vocari,
745 1436 798 1463 aut
823 1431 992 1464 adversus

232 1483 301 1517 illas
321 1483 551 1527 quodcumque
568 1483 689 1525 gratiae
707 1484 754 1516 vel
774 1483 912 1518 iustitiae
926 1495 975 1517 re-

233 1537 375 1571 medium
395 1537 559 1581 impetrari
575 1537 758 1571 nullatenus
778 1548 883 1581 posse3

277 1592 293 1633 g
314 1591 344 1624 9.
368 1591 486 1625 Omnes
498 1597 667 1635 practerea
680 1596 708 1624 et
723 1591 866 1635 singulos
880 1592 972 1625 simi-

231 1646 278 1678 les
299 1645 467 1678 facultates
491 1651 522 1677 et
550 1644 696 1678 licentias
723 1645 912 1678 extrahendi
939 1657 973 1679 ex

233 1700 340 1739 causa,
363 1704 399 1731 ut
424 1698 628 1743 praefertur,
649 1696 786 1732 onerosa
811 1699 871 1732 sibi
892 1710 972 1732 con-

233 1763 337 1786 cessas
361 1763 429 1786 esse
454 1752 631 1795 allegantes
656 1758 685 1785 ct
711 1753 972 1796 praetendentes,

232 1811 405 1850 antequam
428 1805 488 1849 ipsi
514 1806 553 1839 de
579 1811 706 1839 caetero
733 1806 798 1839 ullo
820 1817 975 1850 umquam

232 1865 379 1904 tempore
400 1859 531 1893 illismet
555 1859 760 1893 facultatibus
785 1866 815 1893 et
839 1860 976 1894 licentiis

232 1913 278 1947 uti
303 1913 439 1957 possint,
462 1913 533 1947 illas
557 1913 590 1946 in
614 1913 747 1961 Camerti
768 1915 972 1958 Apostolica,

233 1967 330 2001 citato
351 1967 495 2000 eiusdem
513 1967 664 2001 Gamerae
678 1967 900 2001 commissario
921 1979 976 2011 ge-

232 2013 345 2062 nerali,
366 2019 542 2054 verificari¹
561 2021 679 2054 debere
708 2021 780 2064 (nisi
809 2021 886 2055 alias
916 2033 976 2066 pro

234 2075 350 2108 talibus
361 2074 554 2116 verificatae‚
568 2074 768 2108 examinatae
780 2081 807 2109 et
819 2076 976 2110 admissae

234 2128 364 2170 fuerint,
387 2128 463 2172 quia
488 2128 574 2162 dicto
595 2139 668 2162 casu
695 2129 733 2163 ad
753 2139 869 2162 novam
894 2140 973 2174 prou
993 2137 994 2144 ¹

234 2182 397 2216 bationem
425 2187 455 2215 et
480 2182 734 2216 verilicationem
761 2183 862 2216 teneri
884 2185 976 2217 nolu-

236 2235 330 2279 mus).

280 2291 296 2332 ξ
323 2287 376 2322 10.
410 2290 453 2323 Ac
489 2288 641 2333 deinceps
671 2289 835 2334 perpetuis
863 2291 995 2325 futuris

237 2342 436 2386 temporibus
456 2342 563 2376 nullos
584 2353 866 2387 quarumcumque
880 2343 977 2377 licen—

239 2395 353 2429 tiarum
375 2402 405 2430 et
422 2397 609 2430 facultatum
635 2397 832 2438 huiusmodi,
856 2398 915 2430 nisi
941 2409 976 2431 cx

237 2451 329 2483 causa
340 2452 486 2491 onerosa,
501 2455 535 2483 ut
545 2450 736 2494 praefertur,
749 2460 975 2484 concessarum

238 2502 282 2536 vel
298 2503 579 2537 concedendarum
598 2503 717 2546 rigore,
735 2503 857 2537 etiamsi
876 2509 995 2537 extra-⁴

237 2555 376 2589 ctionem
397 2557 528 2601 propria
548 2557 739 2591 auctoritate
758 2557 893 2591 faciendi
916 2558 995 2592 illis*

236 2609 427 2652 permissum
445 2610 496 2650 sit,
510 2610 721 2644 extractiones
740 2610 976 2644 frumentorum

273 2672 283 2698 1
308 2671 378 2708 Lege
398 2673 486 2708 potius
505 2673 653 2708 verificare
672 2674 713 2709 (n.
735 2675 782 2708 τ.).

868 258 989 283 PAULUS
1014 261 1033 282 V
1059 260 1104 283 PP.

1011 312 1041 340 et
1068 307 1206 341 aliorum
1236 308 1479 353 praedictorum
1509 315 1598 343 extra
1627 309 1753 343 Statum

999 367 1156 401 ⁷nostrum
1176 362 1378 406 praedictum
1394 363 1503 407 aliquo
1523 368 1618 407 pacto
1632 363 1750 404 facere,

1009 424 1068 447 nec
1089 414 1183 447 etiam
1206 415 1327 448 similes
1347 416 1534 450 extrahendi
1556 416 1701 449 licentias
1722 422 1754 450 et

1009 467 1177 500 facultates
1198 468 1410 512 imposterum
1433 469 1567 503 concedi
1584 480 1678 514 posse
1699 474 1754 503 aut

1009 520 1138 561 debere,
1156 521 1216 554 nisi
1229 521 1447 566 chirographo
1459 524 1571 566 (manu
1581 526 1689 557 nostra
1699 529 1755 557 aut

1008 574 1144 607 Romani
1165 574 1328 608 Pontificis
1342 586 1401 619 pro
1420 582 1564 621 tempore
1579 577 1753 620 existentis,

1009 627 1136 670 quoties
1148 628 1302 661 extractio
1316 629 1460 662 facienda
1471 630 1753 674 erit,subsignato)

1008 681 1235 724 praecedente,
1252 681 1397 726 alioquin
1418 682 1564 717 licentias
1578 689 1608 717 et
1621 685 1754 727 faculta-

1010 739 1054 767 tes
1064 734 1423 779 huiusmodi,aliasque,
1434 736 1652 781 chirographo
1666 748 1754 782 prae-

1009 786 1096 820 dicto
1115 797 1181 820 non
1195 788 1420 831 praecedente,
1439 800 1498 833 pro
1518 795 1664 834 tempore
1678 801 1754 825 con-

991 867 993 875 ,
1009 841 1179 881 cedendas,
1191 842 1441 879 etextractiones
1453 842 1625 885 faciendas,
1639 845 1754 886 nullas,

1008 894 1331 938 nulliusqueroboris
1342 901 1371 929 et
1384 896 1538 929 momenti
1551 896 1618 931 fore
1630 902 1661 931 et
1675 908 1753 940 esse,

1008 958 1044 981 ac
1064 948 1150 992 ipsos
1171 948 1375 982 extrahentes
1396 948 1427 982 in
1447 959 1570 993 poenas
1595 951 1748 995 supradi-

1009 1007 1074 1034 ctas
1091 1001 1234 1036 incidere
1252 1007 1283 1036 et
1299 1002 1338 1036 ad
1353 1002 1482 1036 illarum
1502 1004 1753 1047 exequutionem

1008 1061 1120 1088 contra
1134 1055 1205 1089 illos
1217 1055 1485 1090 irremissibiliter
1505 1057 1638 1102 procedi
1658 1068 1754 1102 posse

1008 1115 1038 1142 et
1059 1110 1189 1150 debereg

1053 1164 1069 1205 ἓ
1088 1162 1139 1196 ll.
1157 1163 1273 1208 Sicque
1290 1175 1348 1208 per
1365 1171 1494 1199 sanctae
1515 1166 1680 1200 Romanae
1693 1167 1752 1200 Ec-

1008 1216 1123 1250 clesiae
1141 1218 1367 1260 cau‘ieraiium,
1386 1219 1635 1261 thesaurarium,
1652 1231 1750 1255 anno-

1007 1281 1068 1304 nae
1088 1272 1285 1314 praefectum
1314 1278 1344 1306 et
1370 1273 1499 1317 quosvis
1520 1274 1600 1308 alios
1630 1274 1752 1308 iudices

1008 1324 1249 1358 ordinarios'et
1278 1325 1464 1368 delegatos,
1494 1327 1589 1360 ctiam
1623 1334 1753 1361 sanctae

1008 1378 1172 1412 Romanae
1193 1378 1354 1413 Ecclesiae
1379 1380 1571 1421 cardinales,
1595 1381 1692 1415 etiam
1715 1382 1755 1415 de

1009 1431 1107 1464 latere
1128 1432 1250 1474 legatos
1268 1433 1407 1476 (sublata
1427 1434 1472 1466 eis
1493 1440 1524 1467 et
1544 1445 1654 1467 eorum
1685 1435 1754 1468 cui-

1009 1484 1097 1525 libet,
1119 1485 1230 1528 quaris
1250 1486 1343 1519 aliter
1361 1487 1524 1520 iudicandi
1540 1493 1569 1521 et
1590 1487 1751 1532 interpre—

1011 1538 1097 1571 tandi
1119 1538 1269 1571 facultate
1290 1544 1319 1571 et
1341 1540 1546 1584 auctoritate)
1569 1540 1704 1574 iudicari
1726 1549 1756 1576 et

991 1608 993 1618 ι
1010 1591 1138 1624 definiri
1157 1591 1286 1633 debere,
1311 1604 1346 1625 ac
1364 1593 1385 1625 ii
1397 1593 1492 1626 ritum
1508 1599 1538 1627 et
1551 1594 1645 1628 inane
1663 1595 1754 1639 quid-

1010 1645 1087 1689 quid
1108 1656 1199 1678 secus
1220 1656 1316 1690 super
1337 1646 1385 1680 liis
1407 1658 1423 1679 a
1442 1657 1619 1691 quoquam,
1644 1649 1754 1692 quavis

1010 1700 1214 1741 auctoritate,
1238 1701 1377 1735 scienter
1395 1702 1442 1734 rel
1460 1703 1657 1745 ignoranter,
1676 1713 1753 1737 con-

1012 1754 1104 1797 tigeri
1122 1755 1283 1795 attentari,
1302 1755 1518 1798 deceruimus,
1536 1757 1750 1798 declaramus,

1010 1808 1180 1842 statuimus
1202 1814 1231 1841 et
1249 1809 1450 1843 ordinamus.
1568 1813 1577 1818 ⁴

1010 1969 1070 2002 bus
1090 1969 1288 2012 apostolicis,
1311 1980 1370 2003 nec
1391 1980 1456 2003 non
1475 1971 1601 2004 statutis
1623 1977 1652 2004 et
1672 1981 1750 2005 con-

994 2051 995 2068 3
1011 2023 1267 2064 suetudinilmas,
1277 2023 1373 2057 etiam
1385 2023 1756 2066 iuramento,confirma-

993 2069 995 2125 ᾗ
1013 2076 1099 2109 tione
1114 2076 1302 2120 apostolica,
1327 2077 1373 2110 vel
1396 2077 1506 2121 quavis
1527 2077 1680 2111 firmitate
1694 2079 1755 2112 alia

1012 2129 1185 2171 roboratis,
1209 2130 1471 2165 concessionibus
1491 2142 1634 2175 quoque,
1658 2132 1755 2165 licen-

1014 2185 1074 2224 tiis,
1091 2184 1305 2225 facultatibus,
1322 2185 1498 2228 privilegiis
1512 2192 1542 2219 et
1556 2186 1670 2219 litteris
1684 2197 1756 2230 apo-

1012 2238 1144 2278 stolicis,
1168 2238 1468 2279 conununitatibus‚
1493 2239 1756 2273 universitatibus

1013 2298 1038 2326 et
1056 2292 1125 2325 aliis
1139 2291 1492 2336 etiamparticularibus
1506 2292 1651 2336 personis
1665 2303 1757 2336 prae-

1013 2345 1116 2385 dictis,
1130 2345 1238 2385 etiam,
1254 2350 1289 2378 ut
1300 2346 1491 2388 praefertur,
1509 2345 1712 2389 qualificatis,
1725 2351 1756 2379 et

1013 2398 1177 2442 quibusvis
1197 2398 1267 2431 aliis
1288 2399 1544 2442 quomodolibet,
1565 2399 1660 2432 etiam
1680 2409 1756 2433 cou-

1012 2451 1227 2492 sistorialiter,
1253 2457 1283 2485 et
1303 2452 1342 2485 de
1364 2452 1594 2485 venerabilium
1621 2452 1755 2486 fratrum

1012 2512 1196 2539 nostrorum
1230 2510 1357 2538 sanctae
1396 2505 1560 2538 Romanae
1596 2505 1756 2539 Ecclesiae

1012 2558 1226 2591 cardinalium
1254 2558 1389 2591 consilio
1417 2563 1446 2591 et
1468 2568 1621 2598 assensu,
1646 2563 1677 2591 et
1696 2559 1755 2592 sub

993 2623 995 2651 ξ
1012 2611 1273 2655 quibuscumque
1285 2611 1450 2644 tenoribus
1464 2617 1491 2643 et
1505 2610 1626 2652 formis,
1635 2621 1671 2644 ac
1682 2621 1754 2644 cum

1013 2664 1178 2709 quibusvis
1199 2664 1294 2698 etiam
1314 2657 1596 2707 derogatoriarum
1617 2663 1755 2707 deroga-

1648 248 1713 285 263
1759 260 1810 289 An.
1826 261 1856 289 c.
1879 261 1947 289 1605

1795 1182 1820 1204 Et
1836 1183 1864 1204 ita
1880 1185 1901 1203 et
1913 1188 1954 1204 non

1767 1210 1830 1230 aliter-
1864 1209 1955 1231 iudicari

1767 1237 1834 1258 iubet.

1056 1863 1071 1904 ξ
1095 1860 1145 1894 12.
1169 1861 1239 1894 Nou
1267 1861 1470 1897 obstantibus
1501 1864 1686 1908 praemissis
1718 1876 1755 1898 ac
1783 1885 1956 1911 Quibuscum„

1011 1914 1178 1959 quibusvis
1195 1915 1478 1950 constitutionibus
1496 1923 1526 1950 et
1543 1917 1754 1951 ordinationi-
1769 1917 1815 1958 ¹¹⁰,ssss
1853 1912 1956 1933 ‘’b‘m‘l'
