2227 3241
74 270 123 298 Λη.
139 269 168 297 G.
189 267 257 296 1606

268 315 398 360 quidem
419 316 572 360 quoniam
593 326 659 349 non
676 316 757 350 levia
777 326 874 349 onera
900 316 1008 349 viden-

268 375 340 410 tur,
368 369 461 402 multi
492 369 654 412 religiosi,
683 369 852 403 occasione
877 370 1008 412 accepta

264 423 448 466 praedictae
472 423 694 467 permissionis
725 423 826 456 libere
855 422 894 455 ad
926 421 1004 456 Car-

265 476 491 511 thusianorum
509 477 663 511 Ordinem
685 476 882 517 transeundi,
906 476 945 509 ad
963 476 1008 508 la-

265 530 369 564 xiores
382 531 641 573 commigrarunt
657 530 851 573 religiones;
869 529 1007 573 proinde

266 582 371 617 timeri
385 583 603 623 verisimiliter
618 589 724 627 potest
737 593 776 616 ne
794 582 1006 627 imposterum

266 637 298 669 in
319 637 386 671 dies
408 637 518 681 plures
538 637 623 670 idem
647 637 752 671 facere
773 642 958 681 procurent.

83 701 251 734 ¹rempraepo-
310 687 326 732 ξ
347 689 377 723 3.
401 691 576 734 Propterea
601 691 640 724 ad
672 690 859 724 huiusmodi
886 690 1006 723 malum

70 728 251 785 ῗέἑῖςΰὲᾞὲἷῗᾶ
265 743 517 788 prohibendum,
535 750 565 777 et
582 744 699 778 dictam
718 744 1006 787 Congregationem

69 781 253 839 ῗιῖαἷῗζῖῗιῗιῗηςὸἷῖ
266 798 530 838 conservandam,
555 798 659 831 dictus
678 798 881 842 praepositus
905 807 1004 840 gene-

68 835 250 892 fflii'fi'cissffiss
266 851 342 885 ralis
363 852 450 896 cupit
474 852 572 896 ipsius
593 852 751 895 religiosis
773 851 941 885 transitum
967 851 1007 884 ad

69 889 212 936 gatrauam
227 889 250 910 ¹¹'
266 915 488 949 quoscumque
509 905 588 939 alios
608 905 742 939 Ordines
763 911 793 939 et
820 905 1004 948 religiones,

265 958 361 992 etiam
383 958 669 993 Carthusianorum
695 960 908 1000 eorumdem,
939 959 1007 992 sine

263 1013 395 1057 speciali
415 1016 524 1047 nostra
550 1019 581 1047 et
601 1014 738 1048 Romani
763 1013 928 1048 Pontificis
948 1023 1007 1058 pro

264 1071 409 1110 tempore
427 1067 590 1101 existentis
618 1067 748 1102 licentia
768 1067 947 1112 prohiberi,
976 1073 1007 1100 et

263 1119 335 1153 ideo
356 1120 449 1154 nobis
469 1121 636 1155 humiliter
656 1121 830 1166 supplicari
861 1121 942 1161 fecit,
972 1126 1007 1154 ut

261 1184 358 1218 super
378 1174 439 1208 boc
460 1181 642 1219 opportune
662 1175 831 1219 providere
857 1175 895 1208 de
917 1174 1006 1208 beni-

262 1227 382 1270 gnitate
399 1229 574 1272 apostolica
593 1229 812 1272 dignaremur.

307 1283 324 1323 ξ
344 1281 375 1314 4.
390 1282 453 1315 Nos
467 1282 574 1325 igitur,
595 1282 779 1316 huiusmodi
798 1282 1023 1326 supplicatio-i

262 1334 357 1367 nibus
381 1335 536 1376 inclinati,
561 1346 597 1369 ac
623 1336 661 1369 de
684 1336 818 1369 consilio
837 1335 1004 1369 venerabi-

262 1388 340 1421 lium
365 1389 500 1421 fratrum
526 1394 710 1422 nostrorum
732 1395 861 1422 sanctae
888 1389 1004 1422 Roma-

260 1452 320 1475 nae
345 1442 504 1476 Ecclesiae
526 1442 739 1476 cardinalium
761 1453 857 1487 super
877 1443 1004 1476 consul-

260 1495 435 1529 tationibus
471 1502 501 1529 et
537 1496 674 1539 negotiis
707 1496 940 1540 Episcoporum
974 1502 1002 1529 et

259 1549 468 1592 Regularium
505 1550 763 1594 praepositorum
787 1578 793 1590 ,
833 1550 1002 1593 religiosos

259 1602 402 1636 eiusdem
417 1603 680 1646 Congregationis
697 1603 942 1637 Ministrantium
958 1604 1004 1637 In-

259 1655 360 1689 firmis
389 1657 429 1690 ad
460 1657 565 1701 ipsum
595 1657 690 1690 etiam
717 1657 1001 1691 Cartliusianorum

261 1709 412 1744 Ordinem
439 1711 507 1744 sine
526 1711 655 1755 speciali
677 1714 787 1745 nostra
816 1718 844 1745 et
866 1712 1000 1745 Romani

259 1764 423 1798 Pontificis
441 1775 500 1809 pro
519 1770 665 1809 tempore
683 1765 846 1799 existentis
864 1771 919 1799 aut
938 1776 1020 1805 car-¹

259 1817 415 1851 dinalium
430 1819 650 1862 *supradictae
679 1818 938 1862 congregationis
962 1819 1002 1852 E-

258 1870 466 1915 piscoporum
482 1877 512 1905 et
528 1872 734 1915 Regularium
750 1872 876 1905 licentia
895 1872 1002 1915 (firma

109 1289 141 1310 n·
155 1288 249 1311 decernit

68 1315 149 1338 Paulus.

911 268 1032 293 PAULUS
1053 269 1070 293 V
1091 270 1141 293 PP.

260 1930 408 1959 manente
421 1925 640 1969 prohibitione
658 1925 798 1968 generali
814 1926 1000 1959 transeundi
1017 1966 1018 1979 ἵ

258 1978 297 2012 ad
318 1989 539 2023 quascumque
559 1979 637 2013 alias
664 1979 846 2022 Religiones
871 1983 1018 2024 praeter}

258 2031 496 2074 Cat-thusianos,
521 2044 602 2077 quae
621 2033 650 2066 in
672 2033 764 2067 dictis
784 2034 899 2067 litteris
925 2023 1018 2079 apo-³

257 2086 377 2120 stolicis
409 2093 439 2120 et
463 2098 518 2121 seu
544 2087 828 2121 constitutionibus
855 2087 1017 2121 eiusdem}

255 2139 517 2184 Congregationis
525 2141 919 2175 MinistrantiumInfirmis
929 2152 1001 2175 con-
1015 2175 1017 2186 Α

259 2194 390 2238 tinetur)
401 2196 546 2237 transire,
560 2195 751 2229 auctoritate
762 2195 948 2239 apostolica,
960 2202 1000 2229 te-
1015 2191 1017 2236 ξ

233 2263 238 2268 -
259 2257 338 2281 nore
355 2248 587 2292 praesentium,
602 2253 760 2292 perpetuo
779 2249 998 2292 probibemus.
1015 2238 1016 2291 l

68 2299 246 2351 „ffifflggffffl
304 2303 320 2344 ἕ
342 2301 372 2335 5.
397 2302 465 2335 Non
491 2302 693 2336 obstantibus
713 2303 897 2346 praemissis
917 2302 1016 2336 litte-l

261 2354 303 2388 ris
326 2365 364 2389 ac
388 2355 648 2389 costitutionibus
679 2361 710 2389 et
742 2350 1016 2389 ordinationibus*

260 2409 464 2452 apostolicis,
493 2409 691 2453 caeterisque
722 2409 892 2443 contrariis
921 2410 1015 2460 qui-Q

260 2461 470 2507 buscumque.

302 2516 416 2549 Datum
438 2517 558 2550 Romae
579 2517 663 2561 apud
684 2523 830 2550 sanctum
852 2517 994 2559 Petrum,

259 2568 310 2602 die
335 2580 389 2603 xV1
418 2570 492 2603 maii
519 2580 633 2610 anovi,
667 2570 872 2614 pontificatus
898 2571 1015 2604 nostri*

259 2631 343 2656 anno
362 2632 395 2656 11.
1014 2621 1015 2662 ἶ

294 2684 354 2712 Dat.
376 2684 419 2713 die
441 2686 472 2713 16
492 2686 554 2714 maii
573 2686 653 2718 1606,
673 2686 765 2722 pontif.
788 2694 831 2714 an.
854 2693 881 2713 11.

1686 258 1751 293 315
1797 269 1847 296 An.
1869 268 1984 297 &1606

1379 317 1440 351 XL.

1042 422 1333 466 Indulqentiarum
1350 434 1479 468 quoquo
1496 423 1588 458 modo
1612 424 1783 468 reliqioni-

1086 476 1143 508 bus
1167 481 1196 508 et
1222 476 1400 510 Ordinibus
1425 477 1634 521 reqularibus
1662 489 1784 511 conces-

1086 539 1196 561 sarum
1214 532 1388 571 revocatio,
1416 535 1446 564 et
1469 531 1539 564 alia
1559 530 1784 574 indulyentiaff

1086 592 1158 615 rum
1185 594 1266 617 nova
1292 585 1456 617 concessio.

1279 674 1390 701 Paulus
1417 674 1495 708 Papa
1519 675 1551 705 V,

1183 729 1218 754 ad
1241 727 1374 755 futuram
1395 729 1438 755 rei
1458 728 1640 756 memoriam.

1086 797 1249 831 Romanus
1274 798 1417 832 Pontifex
1445 799 1475 832 in
1497 800 1582 833 Beati
1603 800 1686 834 Petri
1708 802 1784 835 sede

1042 851 1244 892 constitutus,
1266 853 1316 885 cui
1338 853 1422 886 inter
1439 854 1501 887 alia
1519 854 1665 888 coelestis
1683 855 1785 889 indul-

1041 905 1221 947 gentiarum
1244 905 1385 939 thesauri
1404 907 1610 951 dispensandi
1636 919 1713 942 cura
1738 909 1783 942 in-

1041 959 1187 1000 cumbit,
1215 960 1351 994 sollicite
1382 961 1569 1005 prospicere
1595 963 1712 1003 debet,
1748 974 1785 997 ac

1041 1013 1196 1053 solerter,
1222 1020 1258 1047 ut
1288 1014 1475 1048 huiusmodi
1508 1016 1783 1058 indulgentiarum

1041 1067 1238 1111 dispensatio
1270 1074 1300 1101 et
1330 1079 1405 1102 usus
1436 1069 1476 1102 ad
1503 1069 1559 1103 Dei
1587 1070 1722 1112 gloriam
1755 1076 1785 1104 et

1041 1120 1223 1154 animarum
1248 1122 1383 1155 salutem
1410 1123 1585 1167 praecipue
1611 1124 1780 1166 dirigatur,

1040 1179 1070 1206 et
1090 1184 1129 1208 ne
1150 1185 1187 1208 ex
1217 1175 1345 1208 illarum
1372 1176 1609 1220 multiplicitate
1638 1178 1783 1221 confusio

1040 1234 1093 1260 aut
1114 1229 1217 1262 inanis
1242 1229 1462 1274 interpretatio
1489 1231 1661 1264 exoriatur.

1084 1282 1098 1325 g
1120 1281 1148 1315 Δ1.
1174 1283 1323 1323 Proinde,
1342 1294 1414 1316 cum
1429 1284 1529 1317 felicis
1547 1285 1781 1319 recordationis

1039 1335 1184 1369 Clemens
1209 1336 1293 1380 Papa
1318 1336 1384 1369 Vlll
1417 1337 1648 1381 praedecessor
1672 1345 1782 1372 noster

1040 1391 1153 1432 magna
1191 1401 1262 1423 cum
1298 1390 1464 1433 diligentia
1500 1397 1529 1424 et
1564 1391 1781 1425 sollicitudine

1037 1445 1261 1488 procuraverit
1286 1445 1404 1478 abusus
1429 1451 1459 1479 et
1487 1447 1687 1490 corruptelas
1713 1453 1779 1479 tum

1038 1498 1069 1530 in
1103 1498 1373 1532 communicando
1403 1500 1677 1542 indulgentiarum
1708 1501 1778 1534 the-

1037 1562 1162 1592 saul'OS,
1183 1558 1249 1584 tum
1278 1552 1308 1584 in
1331 1553 1427 1585 modo
1450 1553 1520 1587 illos
1541 1554 1718 1598 recipiendi
1739 1555 1781 1588 ir-

1039 1611 1145 1649 reptos
1168 1606 1299 1647 tollere·‚
1322 1612 1351 1639 et
1373 1612 1546 1651 propterea
1563 1610 1620 1641 sua
1640 1609 1780 1652 quadam

1037 1659 1292 1694 Constitutione¹
1311 1661 1448 1694 formam
1471 1663 1679 1705 aggregandi,
1709 1663 1782 1697 insti

1039 1713 1148 1746 tuendi
1179 1719 1209 1746 et
1229 1719 1315 1747 recte
1336 1714 1584 1748 administrandi
1614 1716 1781 1750 societates

1037 1771 1065 1799 et
1099 1767 1376 1801 confraternitates
1408 1768 1671 1813 praescripserit,
1708 1769 1782 1803 licet

1037 1826 1140 1853 morte
1164 1825 1357 1864 praeventus
1377 1821 1460 1854 hanc
1477 1821 1562 1865 piam
1577 1822 1646 1855 eius
1668 1823 1780 1856 volun-

1038 1880 1132 1907 tatem
1148 1875 1186 1907 ad
1202 1873 1330 1907 finalem
1347 1875 1594 1918 exequutionem
1609 1876 1780 1918 deducere,

1035 1938 1140 1972 neque
1161 1928 1270 1969 etiam,
1291 1934 1325 1961 ut
1346 1929 1551 1971 cogitaverat,
1567 1929 1651 1962 circa
1673 1930 1779 1963 indul-

1035 1982 1158 2024 gentias
1179 1992 1198 2014 a·
1215 1982 1379 2026 plerisque
1397 1983 1549 2016 Romanis
1570 1983 1779 2018 Pontificibus

1034 2035 1338 2078 praedecessoribus
1358 2036 1571 2079 religionibus
1596 2043 1626 2070 et
1652 2037 1779 2071 Ordini-

1034 2089 1093 2122 bus
1112 2089 1297 2122 monasticis
1316 2095 1344 2122 et
1367 2090 1628 2124 mendicantibus
1645 2091 1778 2125 diversis

1035 2142 1234 2186 temporibus
1255 2153 1423 2176 concessas
1449 2144 1572 2188 aliquid
1598 2144 1778 2178 deliberare

1033 2196 1193 2239 potuerit,

1078 2250 1094 2291 ἓ
1116 2248 1145 2281 2.
1170 2249 1250 2289 Nos,
1275 2249 1341 2293 qui,
1366 2250 1463 2283 nullis
1490 2250 1608 2283 nostris
1639 2251 1772 2291 meritis,

1033 2303 1087 2335 sed
1113 2303 1180 2335 sola
1200 2303 1254 2336 Dei
1270 2303 1479 2346 benignitate,
1501 2304 1540 2337 ad
1561 2304 1677 2337 summi
1699 2315 1775 2348 apo·
1834 2318 1925 2348 mimum
1941 2319 1975 2339 int·

1032 2357 1166 2390 stolatus
1179 2356 1322 2390 officium
1338 2357 1440 2390 vocati
1455 2368 1575 2398 sumus,
1591 2364 1773 2402 susceptum
1790 2345 1885 2392 {5¹:33¹
1899 2346 1976 2392 5:³23?

1789 2398 1881 2418 nau-lum
1890 2404 1974 2418 counim-

1032 2420 1049 2443 a
1070 2416 1157 2443 tanto
1175 2410 1329 2444 Pontifice
1350 2411 1438 2454 pium
1461 2411 1521 2444 hoc
1535 2422 1615 2455 opus
1633 2411 1674 2444 ad
1692 2411 1775 2455 opti-
1789 2426 1822 2445 211.

1825 864 1946 886 Exordium.

1823 1346 1919 1368 Clemens
1935 1346 1982 1368 viu

1796 1374 1875 1394 abusus
1885 1375 1943 1394 circa
1953 1374 1982 1394 in-

1796 1400 1916 1426 dulgentias
1935 1407 1980 1421 cor-

1796 1433 1864 1453 rigere
1881 1428 1953 1448 voluit.

1014 2470 1015 2501 j
1033 2474 1120 2497 mum
1138 2464 1235 2498 finem
1250 2465 1428 2508 perducere
1444 2465 1619 2508 cupientes,
1637 2465 1690 2498 ubi
1709 2465 1775 2508 pri-

1032 2528 1120 2551 mum
1136 2518 1313 2552 catholicae
1328 2519 1482 2552 ecclesiae
1504 2519 1647 2561 regimen
1668 2529 1773 2552 susce-

1031 2572 1159 2616 pimus,
1199 2573 1438 2606 vencrabilibus
1474 2572 1626 2606 fratribus
1658 2573 1774 2606 nostris

1031 2631 1159 2659 sanctae
1184 2626 1347 2659 Romanae
1365 2625 1524 2659 Ecclesiae
1543 2626 1771 2667 cardinalibus,

1069 2690 1079 2713 1
1103 2687 1166 2716 Vide
1183 2696 1263 2723 supra
1279 2696 1339 2723 pag.
1359 2688 1407 2716 138
1423 2688 1448 2715 b.
1468 2688 1518 2716 vol.
1534 2695 1573 2723 (a.
1586 2689 1634 2723 τ.).
