2227 3241
48 221 100 248 An.
119 219 147 247 C.
170 219 236 247 1607

892 219 1013 243 PAULt's
1037 219 1056 241 V
1080 219 1130 245 PP.

213 300 216 302 ,
250 271 363 301 contra
386 266 604 310 praesentium
626 266 883 310 dispositionem,
908 266 994 310 quod

250 320 353 361 absit,
385 319 659 364 quandocumque
691 319 851 352 faciendas
880 325 911 352 et
935 329 994 363 pro

251 379 396 418 tempore
417 373 575 414 obtentas,
599 373 703 406 nullas
723 383 867 417 prorsus,
885 372 993 406 invali-

251 427 372 471 dasque
386 427 455 460 sore
469 432 498 460 et
512 437 590 469 esse,
609 426 770 470 nullisque
783 426 904 460 viribus
918 426 993 460 sub-

1029 267 1109 307 aliis,
1135 267 1350 301 communiter
1377 267 1423 300 rel
1449 267 1587 308 divisim,
1612 267 1651 300 ab
1672 268 1774 311 Apos-

1030 319 1124 353 toliea
1149 321 1188 353 sit
1206 321 1286 354 Sede
1309 321 1480 361 indultum,
1505 320 1592 364 quod
1613 320 1771 360 interdici,

1029 374 1181 417 suspendi
1203 375 1249 407 vel
1269 375 1541 408 excommunicari
1566 385 1630 408 non
1651 374 1774 418 possint

1028 436 1086 469 per
1107 426 1227 460 litteras
1247 428 1439 471 apostolicas
1459 438 1523 461 non
1539 428 1690 461 facientes
1704 428 1772 472 ple-

1676 209 1740 243 439
1787 218 1835 245 An.
1853 218 1880 244 c.
1906 217 1971 246 1607

250 480 364 521 sitere3

296 535 313 576 g
333 532 364 566 5.
387 533 432 566 Ae
452 543 564 566 omnes
582 538 613 566 et
627 532 770 575 singulos
788 532 818 565 in
840 531 995 576 praemis-

251 586 294 620 sis
323 586 570 630 delinquentes,
603 586 692 619 nulla
723 586 785 618 alia
816 586 993 620 monitione

250 640 476 684 praecedente,
497 644 526 673 et
546 639 667 684 absque
684 650 836 684 processu
858 640 995 684 desuper

251 692 412 733 habendo,
433 692 607 726 sententias
622 698 651 726 et
664 703 786 736 poenas
803 693 995 737 praemissas

251 745 519 779 irremissibiliter
537 756 575 779 eo
594 745 663 790 ipso
686 745 870 787 incurrere,

295 800 312 841 ἓ
333 798 363 832 6.
384 799 422 832 Ει
448 799 487 832 ad
521 799 592 832 illos
621 799 795 832 sententias
820 805 850 832 et
874 809 995 843 poenas

250 851 442 896 praemissas
479 852 707 885 damnabiliter
738 852 910 885 incurrisse
944 852 991 885 le-

251 905 363 948 gitime
387 906 606 950 probandum,
639 906 722 939 solas
742 905 993 950 praemissarum

250 968 462 1002 personarum
484 958 664 1000 instantias,
687 969 800 1003 preces
813 964 842 992 et
857 959 990 1000 favores,

247 1011 346 1052 ,etiam
367 1017 519 1045 oretenus
539 1016 715 1056 porrectas,
739 1012 880 1056 plenam,
901 1011 994 1044 indu-

251 1065 336 1098 biam
358 1071 389 1099 et
408 1065 623 1099 sufficientem
650 1065 682 1098 in
702 1065 822 1099 iudicio
850 1072 880 1099 et
907 1072 1012 1099 extra'

250 1119 348 1153 fidem
370 1120 486 1161 facere,
509 1130 568 1153 nee
585 1120 625 1153 ad
643 1119 674 1153 id
691 1119 892 1164 probationis
910 1120 989 1153 alte-

251 1173 317 1207 rius
338 1173 571 1207 adminiculum
593 1173 735 1217 requiri;

296 1229 311 1270 ξ
333 1230 363 1261 7.
387 1228 425 1261 Et
445 1228 488 1261 ita
501 1239 560 1272 per
580 1239 802 1272 quoscumque
823 1228 944 1262 iudices
965 1235 995 1262 et

250 1282 500 1323 commissarios,
521 1283 632 1327 quavis
652 1284 842 1317 auctoritate
861 1284 1012 1331 fungen-9'

251 1342 306 1378 tes,
324 1337 418 1371 etiam
433 1348 603 1371 causarum
618 1338 728 1371 Palatii
741 1338 916 1382 Apostolici
937 1350 993 1372 au-

250 1391 370 1426 ditores
391 1397 421 1425 et
440 1392 469 1426 S.
486 1392 522 1425 R.
544 1393 577 1425 E.
599 1392 778 1426 cardinales
799 1393 936 1436 (sublata
951 1393 995 1427 eis

250 1451 280 1479 et
300 1455 415 1479 eorum
438 1445 570 1480 cuilibet
587 1446 697 1490 quavis
717 1446 810 1479 aliter
832 1446 993 1480 iudicandi

249 1505 282 1533 et
301 1498 534 1543 interpretandi
556 1499 706 1532 facultate
723 1506 751 1533 et
774 1500 991 1542 auctoritate),

250 1552 385 1587 iudicari
407 1558 437 1586 et
457 1552 585 1586 definiri
604 1553 732 1594 debere,
758 1564 793 1586 ae
814 1553 940 1586 irritum
965 1560 995 1587 et

250 1606 356 1648 inane,
373 1606 399 1639 si
413 1617 504 1640 secus
516 1617 613 1651 super
627 1606 675 1640 his
689 1617 706 1640 a
724 1617 900 1651 quoquam,
917 1618 994 1651 qua-

251 1660 296 1694 vis
317 1660 519 1703 auctoritate,
540 1661 678 1694 scienter
706 1661 752 1694 vel
783 1661 991 1704 ignoranter,
1010 1685 1012 1692 .

250 1713 422 1756 contigerit
439 1713 599 1747 attentari.
1010 1717 1226 1764 ‘Prorossatio
1253 1721 1280 1750 et
1305 1718 1447 1750 artemio
1471 1719 1622 1762 temporis
1648 1720 1689 1751 asl
1707 1722 1774 1752 exi-

294 1767 309 1811 §
327 1766 356 1800 8.
381 1767 450 1801 Non
472 1767 674 1801 obstantibus
688 1768 853 1812 quibusvis
867 1767 1013 1812 aposto-‡
1073 1771 1216 1815 pendunt
1237 1771 1416 1804 subsidium
1439 1771 1545 1804 <locem
1566 1777 1594 1805 cl
1611 1777 1677 1806 eelo
1699 1775 1773 1806 mil-

251 1820 330 1862 licis‚
355 1831 391 1854 ae
412 1821 442 1854 in
463 1820 715 1865 provincialibus
736 1827 763 1854 et
787 1817 1012 1866 synodalibuss
1075 1825 1201 1858 lienum
1216 1826 1256 1858 ab
1277 1825 1503 1871 ecclesiasticis
1522 1837 1697 1870 reynorum
1717 1828 1774 1861 Ca-

250 1874 394 1908 eonciliis
420 1875 530 1916 editis,
559 1875 765 1917 generalibus
791 1876 839 1909 vel
865 1867 1012 1930 specim}
1073 1878 1436 1922 stellaereyicatholiea
1455 1880 1769 1923 persolrfflzdorum².

250 1928 344 1970 libus,
366 1928 650 1962 constitutionibus
671 1935 701 1962 et
721 1929 990 1971 ordinationibus,
1010 1935 1012 1972 t

249 1993 286 2016 ac
310 1982 574 2025 Congregationis
602 1988 632 2015 ct
658 1982 786 2016 Ordinis
807 1974 1012 2027 praedicto-¹

250 2046 342 2076 rum,
375 2035 469 2069 etiam
504 2035 687 2068 iuramento
703 2063 710 2077 ‚
746 2036 992 2069 confirmatione

249 2090 437 2133 apostoliea,
454 2090 500 2123 vel
521 2089 630 2133 quavis
648 2090 800 2124 firmitate
818 2090 876 2123 alia
898 2090 992 2124 robo-
1010 2089 1011 2115 l

249 2142 337 2184 ratis,
358 2143 483 2176 statutis
498 2149 528 2176 et
542 2143 840 2184 eonsuetudinilms,
864 2134 1012 2187 privile-s

249 2197 309 2240 giis
323 2208 464 2242 quoque,
486 2197 617 2231 indultis
632 2203 662 2230 et
676 2198 790 2231 litteris
808 2198 994 2241 apostolicis
1010 2209 1011 2230 t

250 2250 281 2284 in
301 2251 506 2295 ‘contrarium
534 2251 784 2294 praemissorum
811 2252 1010 2294 quoruodo·,

250 2303 328 2337 libet
352 2304 522 2345 concessis,
551 2304 738 2348 approbatis
764 2311 790 2337 et
822 2304 1011 2337 innovatis..
1074 2307 1090 2347 g
1116 2305 1141 2338 l.
1161 2306 1280 2349 Exponi
1302 2307 1395 2340 nobis
1417 2313 1468 2340 tua
1495 2307 1643 2340 maiestas
1668 2317 1771 2351 nuper
1815 2319 1908 2339 cimon<
1928 2319 1973 2340 riu

250 2357 371 2397 Quibus
388 2358 550 2397 omnibus,
568 2368 679 2390 eorum
698 2363 823 2391 tenores
844 2368 994 2402 praesen·
1009 2352 1011 2357 ’
1030 2358 1113 2399 fecit,
1130 2359 1229 2402 quod,
1247 2370 1318 2392 eum
1334 2360 1432 2392 felicis
1454 2359 1686 2393 reeordationis
1702 2360 1769 2393 Cle·
1787 2346 1972 2398 3¹:1¹5?¹53.'¹¹s¹.¹?1:..5-'.‡*.

252 2410 335 2444 tibus
351 2421 411 2455 pro
427 2411 583 2455 expressis
597 2411 767 2451 babentes,
789 2411 850 2444 illis
867 2411 943 2445 alias
962 2412 993 2445 in
1009 2405 1010 2450 J
1029 2421 1119 2445 mens
1142 2412 1226 2456 Papa
1239 2413 1302 2446 tfltt
1321 2414 1556 2457 praedecesser-
1570 2419 1679 2447 noster
1692 2414 1768 2448 olim
1786 2401 1973 2445 L'tfisssset{{f'.t¹ssl¹.ff'-¹1¹}

249 2474 308 2498 suo
328 2465 446 2498 robore
468 2464 697 2509 permansuris,
722 2465 781 2498 liae
803 2465 868 2498 rice
893 2465 993 2498 dum-
1009 2454 1011 2500 ἶ
1027 2465 1202 2509 accepisset
1233 2466 1337 2499 eidem
1373 2467 1530 2500 maiestati
1566 2473 1638 2500 tuae
1671 2478 1769 2510 regna
1786 2452 1971 2505 {¹2¹¹}2‘0'i'1i11¹}ii¹.⁹¹'⁸'

252 2523 335 2551 taxat
360 2519 543 2562 specialiter
564 2524 592 2552 et
615 2529 763 2562 expresse
786 2519 989 2561 derogamus,
1008 2540 1010 2578 4

252 2571 422 2605 contrariis
442 2571 721 2616 quibuscumquc;
745 2577 799 2605 aut
819 2571 845 2605 si
865 2572 1010 2625 praedi-1

252 2623 310 2657 ctis
336 2624 501 2659 Canonicis
526 2625 727 2668 regularibus
753 2625 799 2658 rel
829 2625 1010 2669 quibusvis?

1029 489 1102 512 nam
1118 485 1147 513 et
1162 490 1344 524 expressam
1364 492 1399 515 ac
1417 482 1456 515 de
1476 482 1573 515 verbo
1587 482 1626 515 ad
1639 482 1772 515 verbum

1030 533 1068 566 de
1089 533 1213 566 indulto
1235 534 1419 568 huiusmodi
1441 535 1648 569 mentionem.

1075 587 1090 628 ἓ
1111 585 1141 619 9.
1159 587 1198 619 t't
1211 592 1316 620 autem
1333 587 1445 620 harum
1462 588 1639 621 litterarum
1659 588 1772 621 notitia
1822 602 1879 622 uant-
1891 602 1972 632 coasu-

1030 640 1067 673 ad
1095 650 1207 674 omncs
1241 641 1344 674 dictae
1376 642 1639 684 Congregationis
1670 630 1973 689 sanetiiii''ij'3¹.‘}.'i'1ui3}¹⁴i¹i

1030 693 1203 726 Salvatoris
1220 693 1347 728 Ordinis
1367 695 1466 728 sancti
1482 695 1649 737 Augustini
1671 695 1771 729 Cano·
1786 682 1974 729 iiifffiii31⁵i¹¹b¹⁹³s¹

1029 745 1119 779 nicos
1140 746 1314 789 Regulares
1343 747 1465 781 facilius
1490 748 1647 787 deveniat,
1676 748 1769 781 volu-

1031 810 1100 832 mus
1122 799 1191 832 illas
1220 800 1313 833 etiam
1338 800 1370 834 in
1392 800 1540 845 capitulis
1568 802 1772 844 generalibus

1030 863 1065 886 ac
1083 853 1398 896 congregationibus,
1428 854 1541 888 diaetis
1566 856 1769 899 nuncupatis,

1029 906 1128 939 lectas
1141 906 1185 940 sic
1203 912 1338 949 arctare,
1353 917 1389 941 ac
1402 907 1427 941 si
1442 908 1585 951 legitime
1599 908 1773 952 unicuique

1030 958 1195 993 intimatae
1226 959 1369 1001 fuissent,
1399 960 1593 1005 illarumque
1619 962 1773 1006 exemplis

1030 1012 1126 1046 etiam
1149 1013 1325 1057 impressis,
1350 1024 1447 1047 manu
1473 1014 1590 1058 prioris
1615 1015 1774 1057 generalis

1030 1066 1128 1110 ipsius
1157 1068 1421 1111 Congregationis
1451 1069 1639 1113 subscriptis
1660 1069 1774 1103 eteius

1028 1121 1133 1163 sigillo
1155 1122 1310 1163 munitis,
1339 1122 1485 1156 eamdem
1514 1133 1646 1167 prorsus
1675 1123 1772 1157 fidem

1028 1175 1166 1216 haberi¹,
1190 1186 1272 1220 quae
1298 1176 1520 1220 praesentibus
1542 1177 1725 1219 haberetur,
1748 1180 1772 1212 si

1029 1230 1160 1263 eaedem
1180 1230 1395 1263 exiberentur.

1074 1284 1186 1317 Datum
1202 1285 1322 1317 Romae
1334 1285 1418 1329 apud
1433 1285 1462 1320 S.
1481 1286 1631 1328 Marcum,
1644 1287 1695 1321 die
1710 1298 1772 1321 xxti

1010 1338 1013 1379 ³,
1030 1338 1222 1383 septembris
1242 1349 1365 1379 nnevu,
1387 1350 1471 1372 {tuno
1490 1349 1537 1373 111.

70 546 234 568 contravenien-

52 576 83 595 tes
93 579 118 594 eo
130 573 175 599 ipso
186 578 235 598 μυο-

51 606 89 621 nas
115 599 150 620 bic
171 605 235 620 enun-

49 627 116 648 ciatas
123 626 236 647 iucurrisse

51 653 151 675 declarat.

91 812 195 834 Ambitum
211 817 235 832 ex

50 840 96 861 sola
104 840 203 860 instantia
216 841 237 859 et

49 866 148 894 precibus
172 866 235 887 eliani

50 895 149 914 oretenus
164 897 235 918 porre-

50 921 90 942 ctis
102 919 189 946 probari
200 918 235 940 de-

50 948 124 970 ceruit.

77 1241 102 1262 Et
116 1244 144 1262 ita
162 1243 182 1262 ct
194 1247 235 1262 non

50 1269 120 1298 aliti-r*
143 1268 233 1289 iudicari

49 1298 160 1323 praecipit.

1066 1403 1124 1430 Dat.
1147 1403 1190 1430 die
1212 1403 1244 1431 22
1265 1403 1432 1438 septembris
1456 1404 1532 1437 1607,
1555 1404 1649 1439 pontif.
1671 1413 1714 1432 an.
1730 1413 1771 1432 111.

1332 1592 1474 1624 LXXXV.

68 1829 183 1850 Contrariis
191 1836 233 1850 ‹wm-

50 1856 111 1877 nibus
126 1856 220 1882 desugat.

1119 1985 1300 2013 Charissiiuo
1322 1986 1351 2013 in
1369 1987 1486 2014 Christo
1503 1987 1564 2014 filio
1585 1990 1689 2015 nostro

1088 2031 1224 2064 Philippo
1246 2031 1458 2064 Hispaniarum
1480 2032 1542 2066 regi
1564 2032 1713 2060 catholico

1264 2085 1376 2111 Paulus
1398 2085 1476 2118 Papa
1497 2085 1527 2111 V.

1047 2172 1228 2200 charissime
1245 2173 1275 2199 in
1293 2173 1410 2200 Christo
1429 2174 1473 2200 fili
1493 2177 1608 2207 noster,
1626 2175 1755 2201 salutem

1150 2219 1180 2244 et
1194 2217 1389 2251 apostolicam
1403 2218 1650 2246 benedictionem.

1065 2591 1074 2616 i
1093 2588 1162 2616 Edit.
1179 2589 1259 2617 Main.
1277 2589 1342 2625 legit
1358 2590 1461 2618 habere
1481 2591 1522 2625 (n.
1542 2591 1589 2625 T.).

1062 2634 1078 2661 2
1095 2635 1130 2661 Ex
1147 2634 1251 2671 chest.
1271 2636 1295 2661 in
1313 2636 1413 2661 Set-ret,
1431 2635 1510 2662 Brer.
