2227 3241
41 232 88 262 An.
100 231 129 259 C.
151 230 219 258 ¹605

93 877 185 898 Priorem
202 877 222 897 in

40 904 173 938 possessione
193 903 223 924 fu-

41 936 82 953 mo
96 930 224 951 iurisdictio-

41 963 86 979 nem
105 957 188 978 civilem
203 958 224 976 et

42 983 169 1005 criminalem
190 989 223 1003 su-

41 1015 79 1037 per
111 1011 225 1030 carnunti-os

42 1036 159 1058 ezerr-endi,

100 1462 228 1489 Episcopum

45 1494 93 1510 vero
117 1491 227 1510 airzei-secu

45 1516 99 1536 fliam
109 1517 148 1537 si'm
163 1517 228 1537 »nuli-

44 1548 98 1564 care.

75 2165 191 2186 Declaratiu
203 2167 228 2187 dc

50 2197 90 2218 qua
105 2199 124 2212 iu
136 2193 227 2213 rubrica.

906 232 968 255 [Eo
989 232 1019 254 Xt
1041 233 1091 255 ΡΡ.

238 279 320 313 rium
347 279 447 313 sancti
470 279 639 322 Augustini
666 279 698 312 in
717 279 903 323 principatu
923 279 998 312 Car-1

237 333 399 368 thaloniae
419 339 450 366 et
470 333 624 367 comitatu
637 332 826 366 Rossilionis
841 337 872 365 et
893 332 979 366 Ceri-

239 387 343 420 taniae
357 387 535 427 existentia,
553 398 588 420 ex
603 386 706 420 causis
720 392 795 419 tunc
813 385 980 429 expressis,
996 405 997 416 η

237 439 355 474 Ordine
380 440 546 484 praedicto
571 439 603 472 in
629 440 691 473 illis
715 445 873 483 perpetuo
898 417 998 483 snp-¹

236 504 347 538 presso
365 500 396 527 et
415 493 566 534 extincto,
594 493 635 526 ad
658 492 917 526 saecularitatem
949 492 979 525 in

238 546 390 580 omnibus
415 552 445 580 et
469 557 526 590 per
551 546 660 579 onmia
685 552 715 579 et
738 546 845 589 quoad
871 545 980 578 omnia

236 607 393 645 perpetuo
420 599 598 640 reduxerit,
622 605 653 632 et
681 599 797 632 deinde
816 599 923 643 aliqua
943 610 980 632 ex

238 654 357 688 eisdem
374 653 578 687 monasteriis
593 653 624 686 in
639 653 825 696 collegiatas
839 653 980 697 insignes

237 707 383 747 erexerit,
406 712 505 750 prout
521 707 553 739 in
574 706 707 740 diversis
728 706 826 750 ipsius
846 708 981 750 praede-

237 761 373 795 cessoris
392 760 507 794 litteris
525 761 664 805 desuper
681 761 837 805 expeditis
854 761 980 805 plenius

238 814 422 848 continetur
435 813 460 855 ¹;

283 869 300 910 g
321 870 351 900 02.
384 867 547 912 Cumque,
568 868 650 901 sicut
670 868 866 912 accepimus,
890 869 981 912 prior

239 921 426 964 collegiatae
437 921 591 955 ecclesiae
602 922 714 955 beatae
727 922 843 955 Mariae
857 923 895 955 dc
908 922 982 957 Cor-

238 975 323 1008 nella
337 975 482 1008 Elnensis
496 975 661 1017 dioecesis,
676 975 715 1008 ab
730 976 979 1009 immemorabili

241 1034 385 1073 tempore
406 1029 497 1069 citra,
515 1028 664 1062 habuerit
684 1034 715 1062 et
734 1030 914 1063 exercuerit
935 1030 981 1063 iu-

241 1081 460 1115 risdictionem
475 1081 600 1114 civilem
616 1087 646 1115 et
659 1081 874 1125 criminalem,
885 1082 980 1116 etiam

241 1136 272 1169 in
297 1135 487 1169 criminibus
512 1141 599 1169 extra
624 1136 788 1178 regulam,
823 1136 854 1169 in
887 1148 982 1170 cano-

240 1188 374 1222 nonicos
395 1188 538 1222 eiusdem
557 1189 722 1230 ecclcsiae,
740 1190 794 1233 qui
816 1190 982 1233 praedicto

239 1242 342 1287 priori
367 1243 554 1276 eanonicam
581 1243 798 1276 obedientiam
820 1249 982 1287 praestare

241 1297 325 1330 soliti
351 1296 446 1338 sinti,
470 1303 501 1330 et
521 1298 560 1330 de
580 1297 641 1330 lioc
667 1303 738 1341 post
760 1297 981 1331 reductionem

241 1350 282 1384 ad
307 1351 564 1384 saecularitatem
595 1351 738 1384 eiusdem
768 1351 922 1384 ecclesiae
952 1351 982 1384 in

241 1403 442 1447 possessione
464 1403 568 1437 dictus
587 1404 678 1448 prior
698 1404 891 1448 reperiatur3

287 1457 304 1499 ξ
329 1456 359 1489 3.
391 1456 509 1490 Verum
542 1457 630 1501 (quia
663 1457 854 1490 venerabilis
887 1458 984 1490 frater

242 1510 412 1554 episcopus
425 1510 569 1544 Elnensis
586 1510 779 1554 praetendit,
796 1511 895 1554 quod,
911 1517 984 1554 post

242 1564 465 1597 reductionem
486 1565 526 1598 ad
543 1564 799 1597 saecularitatem
816 1564 918 1597 dictae
933 1575 983 1598 ec-

243 1618 369 1658 clesiae,
382 1618 569 1652 ‘iurisdictio
584 1619 770 1663 supradicta
789 1619 818 1652 in
834 1619 981 1652 eamdem

242 1672 410 1705 eeclesiam
420 1672 552 1716 eiusque
563 1673 734 1706 canonicos
744 1673 784 1706 ad
799 1673 901 1716 ipsum
915 1682 984 1716 per-

244 1726 357 1766 tineat,
383 1737 480 1770 quam
504 1732 610 1759 tamen
627 1737 792 1770 nunquam
815 1732 909 1760 antea
933 1727 984 1759 lia-

242 1779 329 1820 buit,
356 1780 412 1813 sed
437 1780 541 1813 solum
567 1779 616 1812 ius
642 1780 789 1813 visitandi
814 1780 981 1813 ecclesiam

241 1832 452 1876 praedictam,
475 1843 558 1876 quae
585 1833 681 1866 ctiam
707 1833 901 1877 parochialis
920 1833 983 1866 exi-

241 1885 305 1926 stit,
328 1885 453 1929 habuit)
476 1886 689 1919 dubitandum
720 1886 771 1927 sit,
795 1897 834 1920 ne
855 1886 982 1930 aliquae

243 1939 314 1973 lites
339 1945 370 1972 et
386 1939 588 1973 differentiae
609 1951 705 1984 super
721 1940 908 1984 praemissis
928 1940 980 1973 in-

244 1997 291 2025 ter
311 1992 431 2026 dictum
453 1993 640 2037 episcopum
656 2003 693 2026 ex
710 1996 773 2026 una
787 1998 818 2026 et
838 1993 981 2037 priorem

243 2046 443 2089 praedictum
469 2057 505 2080 ex
530 2047 629 2080 altera
654 2047 798 2090 partibus
824 2047 980 2088 oriantur,

244 2109 297 2132 seu
319 2098 381 2132 iam
403 2099 509 2132 forsan
526 2100 677 2133 subortae
698 2100 878 2134 extiterint:

289 2151 345 2194 54.
359 2152 432 2195 Nos,
446 2163 576 2187 omnem
590 2153 881 2187 controversiarum
897 2164 985 2187 occa-

243 2205 365 2239 sionem
379 2206 462 2239 inter
475 2207 705 2240 ecclesiasticas
722 2217 875 2251 personas
893 2218 985 2251 prae-

244 2259 351 2293 cidere
377 2265 406 2293 et
433 2260 502 2292 iura
523 2271 580 2293 sua
600 2261 774 2304 unicuique
795 2271 984 2294 conservare

244 2313 396 2355 volentes,
413 2324 449 2347 ac
463 2313 645 2347 litterarum
660 2324 790 2347 suarum
805 2314 984 2358 praedicta-

244 2377 313 2399 rum
341 2372 486 2401 tenorem
512 2367 736 2412 praesentibus
757 2378 815 2411 pro
837 2378 984 2411 expresso

282 2466 290 2491 1
317 2464 379 2492 Vide
391 2465 513 2492 eamdem
530 2465 613 2492 Clem.
631 2465 687 2492 Vlll
705 2465 794 2492 Const.
808 2474 887 2501 quam
899 2465 973 2492 innui

246 2518 304 2536 nnis
319 2518 400 2546 supra
415 2519 477 2546 pag.
496 2510 547 2537 182
565 2510 605 2545 (n.
628 2511 663 2544 τ).

281 2554 297 2581 Ε).
316 2555 360 2581 Sic
377 2555 474 2591 legitur
489 2555 515 2582 in
534 2555 598 2583 edit.
611 2555 706 2588 Main.;
727 2554 777 2582 nisi
791 2554 881 2596 aliqua
897 2555 985 2582 desint

247 2600 396 2635 supplenda
411 2608 441 2627 ex
458 2600 552 2627 similis
568 2600 671 2627 formae
687 2600 775 2627 Const-
797 2607 804 2626 1
820 2597 902 2635 ipsius
919 2600 985 2627 Leo-

248 2645 288 2671 nis
304 2645 335 2671 xl
353 2653 432 2680 supra
443 2646 526 2673 relata
546 2654 606 2681 pag.
629 2646 676 2673 183
697 2646 733 2681 [n.
750 2646 797 2680 T.).

1012 279 1178 320 babenteS,
1204 285 1235 313 et
1251 279 1404 313 dilectum
1425 278 1527 312 filium
1545 279 1753 324 Hyppolitum

1013 332 1173 375 Frigolam
1202 333 1395 367 modernum
1421 332 1524 366 dictae
1545 333 1698 366 ecclesiae
1716 333 1755 367 de

1013 385 1161 420 Cornelia
1192 388 1334 432 priorem
1368 387 1563 432 specialibus
1594 387 1756 421 favoribus

1013 446 1043 473 et
1056 441 1165 483 gratiis
1180 441 1330 485 prosequi
1346 442 1497 482 volentes,
1515 448 1545 475 et
1557 452 1574 474 a
1591 441 1757 486 quibusvis

1012 495 1372 536 excommunicationis,
1400 495 1621 539 suspensionis
1646 501 1677 529 et
1701 495 1752 528 in-

1013 548 1152 589 terdicti,
1177 549 1312 593 aliisque
1333 549 1556 582 ecclesiasticis
1575 549 1753 590 sententiis,

1013 602 1157 635 censuris
1171 608 1202 635 ct
1219 602 1341 646 poenis,
1357 613 1374 635 a
1392 603 1460 636 iure
1481 603 1529 636 vel
1550 603 1589 635 ab
1611 603 1754 642 homine,

1013 656 1125 700 quavis
1145 657 1314 689 occasione
1333 657 1379 690 vel
1393 659 1488 690 causa
1502 657 1584 697 latis,
1600 657 1757 700 siquibus

1014 709 1261 753 quomodolibet
1286 710 1457 743 innodatus
1482 710 1596 751 existit,
1618 710 1657 743 ad
1683 709 1757 743 effe-

1014 768 1100 795 ctum
1120 763 1338 806 praesentium
1365 764 1529 796 dumtaxat
1549 773 1754 807 consequen-

1014 815 1103 855 dum,
1121 815 1235 848 barum
1256 816 1338 849 serie
1359 816 1558 850 absolventes
1579 822 1610 850 et
1629 816 1758 850 absolu-

1016 875 1082 902 tum
1100 870 1168 903 sore
1182 872 1360 911 censentes,
1377 870 1669 914 supplicationibus
1689 870 1758 904 eius

1015 923 1147 956 nomine
1168 924 1260 956 nobis
1279 934 1376 967 super
1400 924 1461 957 boc
1488 924 1654 958 humiliter
1682 935 1758 969 por-

1015 978 1109 1010 rectis
1124 977 1278 1017 inclinati‚
1297 978 1488 1010 auctoritate
1503 979 1691 1021 apostolica,
1714 985 1758 1012 te-

1015 1041 1093 1063 nore
1108 1031 1325 1074 praesentium
1338 1031 1553 1072 declaramus,
1570 1037 1666 1075 prout
1680 1032 1758 1065 alias

1015 1085 1234 1128 saepedictum
1256 1085 1451 1118 Clementem
1474 1085 1757 1128 praedecessorem

1017 1139 1195 1171 declarasse
1219 1138 1413 1182 accepimus,
1438 1138 1581 1172 eiusdem
1607 1139 1755 1172 Clemen-

1017 1192 1056 1225 tis
1081 1191 1338 1235 praedecessoris
1367 1191 1553 1224 intentionis
1579 1202 1758 1236 numquam

1018 1245 1113 1278 fuisse
1139 1251 1193 1278 aut
1221 1256 1300 1284 csse,
1326 1255 1383 1288 per
1408 1244 1630 1278 reductionem
1657 1246 1760 1279 eccle-

1017 1298 1155 1338 siarum,
1181 1298 1465 1338 monasteriorum,
1494 1298 1685 1341 dignitatum
1702 1327 1709 1339 ,
1729 1303 1760 1332 et

1018 1352 1251 1386 beneficiorum
1273 1352 1400 1385 Ordinis
1412 1357 1439 1385 et
1456 1352 1655 1396 principatus
1668 1363 1761 1396 prae·

1017 1406 1178 1439 dictorum
1204 1407 1244 1439 ad
1269 1406 1525 1439 saecularitatem
1542 1433 1549 1447 ‚
1574 1406 1613 1439 ab
1639 1406 1759 1440 eisdem

1018 1460 1172 1501 ecclesiis,
1197 1460 1412 1500 monasteriis,
1430 1460 1639 1503 dignitatibus
1654 1467 1684 1494 et
1703 1460 1759 1494 be-

1018 1513 1141 1547 neficiis
1161 1541 1166 1553 ‚
1202 1513 1441 1546 iurisdictiones
1460 1541 1466 1554 ,
1496 1513 1736 1557 praerogativas
1750 1542 1757 1555 ,

1018 1567 1301 1611 praeeminentias,
1316 1567 1494 1611 privilegia,
1508 1567 1635 1611 aliaque
1646 1567 1715 1600 iura
1730 1572 1761 1600 et

1018 1621 1242 1655 concessiones
1263 1622 1412 1662 anferre,
1437 1621 1492 1654 sed
1519 1621 1760 1663 regularitatem

1019 1680 1140 1707 tantum
1164 1675 1195 1707 in
1213 1674 1256 1707 eis
1274 1674 1487 1718 supprimere,
1509 1674 1626 1718 illaque
1640 1675 1679 1708 ad
1693 1685 1761 1708 sae-

1018 1729 1218 1762 cularitatem
1250 1728 1437 1762 huiusmodi
1467 1728 1644 1767 reducere,
1668 1729 1760 1762 salvis

1017 1793 1146 1826 semper
1160 1781 1190 1814 in
1211 1792 1270 1815 suo
1289 1781 1406 1814 robore
1429 1781 1693 1825 permanentibus
1713 1782 1761 1816 iu-

1019 1835 1270 1876 risdictionibus,
1284 1835 1525 1879 praerogativis,
1541 1836 1761 1879 praeeminen-

1020 1889 1080 1930 tiis,
1104 1889 1278 1933 privilegiis
1300 1895 1330 1922 et
1349 1889 1418 1922 aliis
1439 1883 1647 1933 supradictis3
1665 1895 1695 1923 et
1714 1889 1760 1923 sic

1018 1944 1113 1977 etiam
1145 1943 1249 1977 dictae
1282 1943 1397 1976 mentis
1430 1948 1461 1976 et
1486 1943 1671 1976 intentionis
1695 1953 1760 1976 non

1019 1997 1126 2037 fuisse,
1151 2008 1208 2041 per
1233 1997 1456 2030 reductionem
1483 1997 1522 2030 ad
1547 1997 1757 2030 saecularita-

1019 2055 1081 2083 tem
1115 2049 1218 2083 dietae
1251 2050 1404 2083 ecclesiae
1435 2049 1547 2083 beatae
1576 2050 1694 2084 Mariae
1723 2050 1761 2083 de

1018 2104 1176 2144 CornelIa,
1199 2104 1228 2136 in
1251 2104 1360 2147 aliquo
1386 2104 1608 2147 praeiudicare
1634 2103 1761 2137 iurisdi-

1019 2157 1116 2190 ctioni
1128 2157 1211 2190 civili
1222 2163 1251 2190 et
1262 2157 1419 2190 criminali
1435 2157 1650 2200 supradictae,
1665 2167 1760 2200 quam

1020 2211 1122 2244 dictus
1152 2211 1241 2254 prior
1266 2211 1418 2244 ccclesiae
1445 2211 1556 2244 beatae
1581 2211 1698 2244 Mariae
1723 2211 1761 2243 de

1019 2264 1168 2297 Cornelia
1187 2263 1217 2295 in
1239 2263 1382 2296 eiusdem
1410 2264 1563 2296 ecrlesiac
1589 2263 1761 2296 canonicos

1019 2323 1122 2358 antea,
1139 2323 1175 2350 ut
1194 2318 1384 2361 praefertur,
1406 2317 1554 2356 babebat,
1575 2317 1629 2349 sed
1651 2317 1761 2350 huius-

1020 2371 1105 2403 modi
1126 2370 1380 2404 iurisdictioncm
1396 2371 1500 2403 cidem
1521 2370 1632 2414 priori,
1651 2376 1683 2402 nt
1705 2381 1761 2403 an-

1020 2430 1088 2464 tca,
1121 2424 1240 2457 salvam
1273 2430 1303 2457 et
1334 2424 1477 2457 illaesam
1510 2423 1702 2456 remansisse
1729 2429 1760 2456 et

1019 2488 1241 2518 remanere,ac
1255 2484 1316 2510 tam
1332 2478 1532 2521 praedictum
1552 2477 1758 2520 llyffliolitnm

1019 2532 1225 2571 modernum,
1247 2542 1343 2574 qnam
1370 2541 1427 2574 pro
1455 2537 1598 2573 ternpore
1625 2530 1760 2563 existen-

1021 2590 1082 2617 tem
1104 2584 1244 2628 priorem
1265 2585 1368 2617 dictae
1393 2584 1546 2617 ecclcsiae
1567 2584 1677 2616 beatae
1698 2584 1759 2616 Ma-

1019 2637 1084 2670 riae
1099 2638 1137 2670 de
1156 2637 1302 2671 Cornelia
1320 2648 1417 2681 super
1431 2637 1615 2670 huiusmodi
1635 2637 1759 2671 iurisdi-

1660 220 1726 255 187
1770 230 1820 258 An.
1835 230 1863 258 c.
1886 231 1954 260 ¹605
