2227 3241
516 302 579 337 686
1058 307 1239 334 eumarum
1263 306 1416 333 nemmem

561 365 667 398 unitur
691 362 882 397 baiulivatus
907 361 1129 405 Turcopilerii,
1155 361 1256 396 donee
1281 360 1414 405 Angliae
1447 368 1582 403 regnum
1606 359 1646 394 ad
1671 358 1885 394 obedientiam
1909 359 1938 394 S.
1964 359 2000 393 A.

560 420 751 458 revertatur,
778 415 851 450 475.
877 415 962 449 Inter
996 413 1170 454 baiulivos,
1205 416 1327 458 priores
1359 417 1390 448 et
1421 414 1533 449 tratres
1567 422 1701 457 magnae
1733 415 1838 448 erucis
1870 422 2006 458 praece-

559 470 666 504 dentia
691 469 848 504 servanda
875 470 962 504 iuxta
986 470 1203 503 antianitatem
1228 469 1422 512 receptionis
1448 476 1582 511 magnae
1606 468 1724 509 erucis,
1749 467 1823 501 551.

471 523 583 568 loseph
608 523 647 557 de
673 522 817 557 Messana
844 526 1027 566 procurator
1052 521 1261 556 Eremitorum
1288 521 1527 556 reformatorum
1545 521 1575 556 S.
1594 522 1765 564 Augustini
1785 521 1817 554 in
1834 519 1942 554 Sicilia
1965 520 2005 554 ad

558 576 1025 621 petendamincorporationem
1041 576 1163 609 illorum
1178 585 1248 610 cum
1263 577 1510 620 congregatione
1521 575 1762 609 reformatorum
1772 572 1890 615 Italiae,
1902 573 1964 608 490
1974 583 2004 607 α.

470 630 582 674 loseph
609 630 791 664 Velaminus
816 629 927 664 Rutski
954 629 1153 673 metropolita
1178 629 1413 671 Ruthenorum,
1440 629 1513 663 195.

469 683 617 719 italorum
642 683 796 728 hospitale
823 683 1028 727 L'iyssipoue‚
1056 683 1130 717 379.

468 736 644 773 lubilaeum
669 737 850 772 universale
877 737 1046 779 indictum,
1074 736 1135 771 197
1161 747 1241 782 seqq.

468 790 644 825 Iubilaeum
668 791 839 832 Peruanis,
866 790 928 824 638
954 801 974 823 a
997 801 1078 835 seqq.

468 843 646 879 lubilaeum
670 844 809 885 Polonis,
836 843 899 877 582
924 853 943 876 α
968 853 1029 887 seq.

468 897 644 932 lubilaeum
669 897 846 939 Maronitis,
873 897 933 930 556
961 896 986 930 b.

469 951 567 986 Iulius
593 952 748 986 Antonius
773 950 943 985 cardinalis
969 950 1101 984 Sanctae
1127 949 1300 984 Severinae
1326 948 1456 985 Ordinis
1481 949 1680 983 Basilitarum
1706 951 1883 993 protector,
1910 947 1952 982 40
1976 957 2004 981 a.

468 1004 565 1040 lulius
590 1006 759 1049 episcopus
784 1003 1041 1048 Herbipolensis,
1069 1003 1132 1036 352
1158 1014 1186 1036 a.
1212 1002 1276 1047 Ipsi
1296 1002 1481 1037 conceditur
1499 1002 1631 1036 facultas
1651 1000 1837 1036 conferendi
1863 1004 1927 1035 tres
1951 1009 2004 1034 ca-

557 1060 734 1099 nonicatus,
761 1068 817 1102 pro
842 1057 997 1100 theologis
1024 1060 1213 1098 reservam,
1239 1055 1423 1090 doctoribus
1447 1058 1525 1090 iuris
1549 1056 1704 1097 canonici,
1731 1054 1810 1088 ibid.

468 1112 706 1156 Iuspatronatus
723 1112 753 1145 in
772 1110 899 1145 Siciliae
917 1115 946 1145 et
963 1110 1129 1145 Sardiniae
1145 1111 1253 1153 regnis
1270 1118 1441 1144 concessus
1458 1110 1526 1153 regi
1542 1108 1783 1153 Hispaniarum,
1811 1107 1874 1142 568
1898 1118 1917 1140 α
1942 1117 2002 1152 seq.

1223 1271 1251 1305 Κ

466 1380 694 1415 Kalendarium
719 1380 896 1414 Romanum
919 1388 937 1412 a
961 1377 1187 1422 Christopboro
1205 1376 1313 1412 Clavio
1334 1377 1423 1411 iussu
1444 1375 1588 1419 Gregorii
1609 1375 1675 1410 Xlll
1696 1375 1910 1418 emendatum,
1931 1376 1950 1410 4
1971 1386 2001 1409 α.

556 1434 694 1468 Alterius
720 1433 896 1467 kalendarii
921 1443 997 1467 usus
1024 1432 1211 1467 interdictus
1236 1440 1253 1465 a
1278 1430 1440 1465 Clemente
1466 1429 1548 1471 Vlll,
1576 1430 1594 1463 4
1619 1429 1644 1463 b.

468 1487 634 1522 Kioviensi
668 1486 824 1520 ecclesiae
849 1485 978 1520 abbatia
1003 1485 1221 1520 Pieczarensis
1253 1484 1410 1530 quomodo
1442 1485 1483 1518 sit
1515 1485 1619 1523 unita,
1647 1483 1685 1517 27
1714 1483 1740 1516 b.
1772 1481 1851 1517 Unio
1883 1482 2000 1517 dissol-

555 1542 646 1584 vitur,
665 1540 742 1574 ibid.
768 1540 985 1584 Metropolitae
1001 1548 1154 1574 concessa
1171 1537 1302 1573 facultas
1324 1537 1525 1579 instituendi,
1552 1540 1582 1570 et
1606 1535 1813 1570 consecrandi
1835 1536 2002 1580 episcopos

557 1597 606 1629 sui
628 1597 717 1637 ritus,
736 1595 798 1628 195
823 1606 842 1627 ιι
866 1604 929 1638 seq.

1222 1752 1243 1785 L

468 1861 585 1904 Laicis,
610 1860 685 1895 dum
710 1860 818 1894 divina
843 1859 947 1893 officia
979 1858 1197 1899 celebrantur,
1223 1859 1253 1891 in
1279 1855 1479 1900 presbyterio
1504 1860 1588 1891 stare
1614 1865 1675 1890 non
1701 1855 1792 1899 licet,
1826 1857 1867 1891 79
1892 1857 1918 1891 b.
1943 1856 2004 1891 Ne-

557 1924 619 1960 que
644 1913 880 1958 magistratibus
905 1913 1093 1956 dignitatum
1119 1912 1213 1946 sedes
1239 1915 1292 1946 aut
1316 1913 1542 1946 canonicorum
1566 1910 1656 1945 stalla
1681 1920 1855 1955 occupare,
1880 1911 1922 1946 80
1945 1921 1976 1944 a.

469 1967 580 2002 Lantes
606 1967 787 2001 cardinalis.
821 1966 898 2000 l'irle
921 1965 1099 2000 Marcellus.

466 2021 686 2056 Lateranensis
703 2021 850 2063 basilica,
866 2021 929 2055 232
944 2024 974 2054 ct
988 2021 1051 2054 528
1065 2031 1093 2053 a.
1112 2019 1202 2061 Quae
1219 2020 1283 2053 sint
1299 2017 1569 2062 archipresbyteri
1586 2017 1750 2052 facultates
1768 2021 1798 2051 et
1814 2016 2002 2060 iurisdictio,

555 2075 617 2109 528
635 2079 665 2109 et
680 2086 760 2120 seqq.
779 2075 815 2109 Ei
833 2078 939 2109 unitur
963 2076 1190 2108 monasterium
1215 2072 1255 2107 de
1280 2071 1409 2106 Claraeo
1436 2072 1614 2115 Ageuensis
1638 2071 1806 2114 dioecesis,
1825 2070 1888 2104 232
1906 2080 1925 2104 a
1941 2080 2001 2115 seq.

553 2128 731 2172 Capitulum
757 2128 1037 2173 comprehenditur
1059 2127 1118 2161 sub
1136 2126 1366 2161 Constitutione
1383 2125 1554 2159 Clementis
1572 2124 1642 2159 V111
1659 2134 1756 2169 super
1781 2124 1874 2159 modo
1899 2123 2003 2158 indul-

555 2184 680 2225 gentias
705 2182 976 2223 communicandi,
1003 2181 1066 2214 654
1091 2192 1152 2225 seq.

468 2235 726 2270 Lateranensium
761 2236 987 2269 canonicorum
1022 2234 1250 2277 congregatio,
1277 2233 1339 2267 268
1366 2244 1394 2266 a.
1427 2233 1459 2266 ln
1493 2232 1671 2266 delinitorio
1703 2232 1844 2277 quinque
1878 2231 2002 2265 vocales

555 2289 708 2333 eligendi,
736 2290 798 2323 268
824 2290 849 2322 b.
875 2290 936 2330 Qui
963 2299 1072 2323 vocem
1098 2287 1216 2321 habent
1246 2287 1277 2319 in
1310 2286 1474 2330 capitulis,
1501 2290 1532 2319 et
1557 2285 1651 2319 dietis
1675 2284 1897 2329 generalibus,
1924 2283 2001 2318 ibid.

557 2342 663 2377 Abbas
683 2343 842 2386 generalis
861 2342 1003 2388 quolibet
1021 2343 1167 2384 triennio,
1185 2344 1215 2374 et
1239 2339 1369 2385 quidem
1387 2340 1566 2374 alternatim
1584 2338 1760 2382 eligendus,
1783 2339 1844 2372 269
1861 2348 1891 2372 a.
1908 2337 2002 2372 Prae-

557 2397 678 2431 laturae
702 2397 826 2431 idoneis
851 2396 972 2441 absque
997 2398 1161 2430 nationum
1185 2394 1388 2429 distinctione
1413 2393 1649 2434 conferendae,
1676 2392 1753 2426 ibid.
1779 2392 1895 2426 Novitii
1926 2394 2003 2437 quet

557 2454 587 2484 et
610 2450 766 2495 quomodo
792 2451 981 2494 reeipiendi,
1010 2451 1072 2483 2Ἲο
1100 2461 1128 2483 (ι.
1157 2449 1345 2483 Procurator
1369 2446 1529 2490 generalis
1564 2447 1690 2481 nonnisi
1722 2445 1829 2490 elapso
1861 2445 1998 2479 triennio

558 2507 627 2547 post
651 2508 813 2548 peractum
835 2504 975 2537 osticium
1002 2505 1032 2537 in
1056 2502 1204 2537 abbatem
1228 2501 1413 2546 generalem
1439 2499 1607 2544 eligendus
1639 2503 1670 2534 et
1699 2500 1860 2539 vicissim,
1886 2496 2000 2531 179-b.

558 2558 741 2592 visitatores
767 2568 827 2592 non
853 2561 985 2601 possunt
1009 2557 1083 2601 eligi
1109 2558 1138 2590 in
1164 2555 1311 2590 abbatem
1337 2556 1480 2598 proximo
1506 2554 1662 2594 triennio,
1690 2552 1765 2586 ibid.

471 2610 626 2646 Laurentii
648 2612 704 2655 (S.)
727 2613 757 2645 in
785 2612 901 2645 Lucina
933 2610 1069 2645 ecelesia
1101 2611 1140 2645 de
1172 2608 1275 2652 Urbe,
1301 2609 1364 2643 362
1394 2608 1420 2641 b.
1445 2607 1617 2651 Collegiata
1650 2608 1679 2639 in
1713 2615 1750 2640 ea
1781 2604 1999 2649 supprimitur,

558 2664 620 2698 303
645 2675 674 2697 a⁴
699 2664 829 2699 Clericis
854 2663 1065 2708 Regularibus
1090 2662 1264 2698 Minoribus
1288 2663 1491 2703 conceditur,
1518 2661 1579 2696 307
1605 2671 1633 2693 a.

471 2716 656 2752 Laurentius
682 2717 854 2761 Dreperius
880 2718 1150 2753 Arenionensium
1175 2715 1258 2761 apud
1285 2716 1400 2751 Sedem
1427 2714 1638 2759 Apostolicam
1665 2716 1788 2754 orator,
1816 2712 1851 2745 81
1882 2722 1909 2744 a.
