2227 3241
251 278 298 302 Λη.
317 275 346 301 C.
366 275 431 302 ¹607

286 1772 298 1791 Α
317 1772 387 1791 Lei-ne
397 1769 413 1790 X
424 1772 443 1790 et

260 1798 365 1819 Clemente
379 1797 421 1821 vn,

479 265 543 298 402

455 324 531 356 tium
547 321 748 364 regularibus
762 320 782 360 ¹,
800 319 953 363 exemptis
968 325 997 352 et
1010 328 1074 352 non
1090 329 1195 352 exem-

452 375 531 419 ptis,
559 373 617 406 sub
649 371 992 406 excommunicationis
1020 371 1102 404 latae
1121 382 1194 404 sen-

454 427 571 461 tentiae
602 429 728 470 poena,
763 426 886 470 quam2-
908 425 1131 459 inobedientes
1155 425 1194 458 ab

453 479 611 524 episcopis
628 479 796 512 inferiores
817 479 982 512 incurrere
1004 479 1139 519 volebat,
1156 489 1196 512 ne

453 544 489 566 ex
512 538 586 566 tunc
611 533 762 577 deinceps
788 532 969 575 magistros,
994 531 1196 565 administra-

454 592 549 628 tores,
567 586 754 627 confratres,
772 585 918 627 nuncios,
941 591 1124 629 receptores
1142 590 1197 618 aut

453 638 625 672 servitores
654 638 815 672 dictorum
840 638 1060 682 hospitalium,
1081 638 1130 671 vel
1156 637 1195 670 ab

453 692 498 725 eis
527 692 696 735 deputatos
721 702 776 724 seu
802 691 1004 735 deputandos
1029 701 1088 735 pro
1118 697 1196 723 tem-

452 755 552 790 pore,
580 756 677 789 super
709 745 915 789 deputatione
947 755 1114 789 capsarum
1141 754 1196 778 seu

454 805 642 832 truncorum
676 798 884 839 huiusmodi,
908 804 963 831 aut
983 798 1060 831 alias
1085 803 1196 831 contra

454 853 591 886 formam
615 852 801 885 facultatum
823 852 960 896 desuper
978 862 994 884 a
1009 851 1091 884 dicta
1116 851 1197 884 Sede

455 915 680 939 concessarum
715 905 885 938 molestare
917 914 972 937 seu
1004 904 1196 948 perturbare

453 964 719 1004 praesumerent:
759 957 951 991 Praeterea⁸
983 957 1066 990 idem
1099 957 1197 990 Iulius

455 1013 683 1057 praedecessor
708 1017 816 1045 noster
840 1011 981 1053 singulas
1006 1021 1097 1051 suas,
1119 1011 1196 1043 dum

454 1065 624 1108 legationis
645 1064 752 1098 officio
783 1061 989 1107 fungeretur',
1013 1073 1048 1097 ac
1069 1063 1145 1097 Sixti
1168 1068 1198 1096 et

454 1118 624 1153 Alexandri
645 1118 931 1162 praedecessorum
958 1117 1195 1161 praedictorum

453 1173 586 1213 litteras,
600 1172 764 1205 facultates
779 1178 810 1204 et
822 1171 1056 1211 concessiones,
1074 1169 1197 1203 omnia-

455 1235 518 1270 que
529 1231 559 1259 et
570 1225 696 1268 singula
706 1224 737 1257 in
752 1224 797 1257 eis
811 1229 971 1264 contenta,
984 1233 1110 1257 necnon
1124 1223 1197 1256 inde

456 1286 592 1325 sequuta
617 1290 853 1324 quaecumque,
874 1279 1064 1313 auctoritate
1098 1288 1194 1322 prae-

458 1336 554 1376 dicta,
578 1346 615 1369 ex
641 1337 728 1369 certa
752 1334 884 1368 scientia
910 1334 1145 1378 approbaverat
1169 1339 1199 1365 et

456 1389 712 1429 confirmaverat,
733 1399 770 1422 ac
787 1398 900 1421 omnes
920 1395 948 1421 et
971 1388 1113 1431 singulos
1135 1394 1196 1421 tam

456 1443 533 1477 iuris
553 1453 648 1487 quam
676 1442 748 1475 facti
774 1442 937 1483 defectus,
961 1442 984 1474 si
1012 1442 1065 1486 qui
1092 1442 1197 1475 forsan

459 1496 688 1530 intervenerint
709 1495 740 1528 in
760 1495 892 1536 eisdem,
916 1496 1131 1539 suppleverat,
1157 1495 1196 1528 il-

456 1552 551 1595 laque
569 1550 677 1583 omnia
695 1555 725 1583 et
744 1549 882 1592 singula,
905 1555 1003 1593 prout
1019 1560 1076 1593 per
1094 1549 1197 1594 ipsum

456 1603 575 1638 Iulium
599 1610 672 1636 tunc
697 1602 849 1645 legatum,
874 1612 909 1634 ac
929 1601 1111 1646 praedictos
1131 1602 1198 1635 Six-

460 1664 525 1690 tum
548 1662 578 1690 et
599 1657 816 1691 Alexandrum
838 1656 1102 1700 praedecessores
1123 1666 1199 1689 con-

459 1722 546 1745 cessa
572 1712 720 1751 fuerant,
749 1710 788 1743 de
816 1720 899 1743 novo
923 1715 1139 1743 concesserat:
1164 1711 1200 1743 Et

459 1765 635 1799 successivo
655 1763 768 1797 similis
786 1763 962 1796 memoriae
976 1763 1037 1796 Leo
1053 1764 1077 1796 X
1092 1768 1119 1796 et
1134 1763 1200 1796 Cle-

459 1829 550 1852 mens
562 1818 623 1860 Vll,
639 1817 733 1851 etiam
754 1817 889 1850 Romani
911 1816 1082 1849 Pontifices
1107 1827 1199 1860 prae-

459 1873 654 1911 decessores,
678 1870 787 1904 omnia
812 1875 843 1903 et
866 1869 991 1912 singula
1016 1869 1197 1913 privilegia,

459 1924 600 1966 indulta,
622 1924 804 1965 libertates,
829 1923 1065 1963 immunitates,
1089 1923 1198 1956 indul-

459 1978 593 2021 gentias,
620 1977 824 2012 remissiones
842 1983 870 2010 et
889 1977 1007 2020 gratias
1021 1988 1037 2010 a
1052 1977 1137 2010 Sixto
1149 1976 1197 2017 lv,

459 2033 640 2066 Alexandro
666 2032 713 2071 vt,
737 2031 817 2065 lulio
838 2031 863 2065 ll
885 2031 1020 2075 aliisque
1049 2030 1201 2064 Romanis

459 2085 672 2120 Pontificibus
693 2085 997 2129 praedecessoribus
1022 2085 1087 2118 suis
1117 2084 1201 2118 dicto

459 2139 609 2183 hospitali
630 2138 732 2172 sancti
751 2138 899 2181 Remigii,
917 2138 1066 2182 illiusque
1087 2138 1202 2181 magis-

460 2192 528 2233 tris,
545 2191 869 2233 administratoribus,
892 2191 1116 2232 confratribus,
1134 2202 1201 2225 ser-

461 2245 629 2286 vitoribus,
646 2244 771 2278 nunciis
786 2250 816 2278 et
837 2245 1107 2285 benefactoribus,
1129 2256 1202 2278 nec-

460 2310 525 2334 non
539 2300 701 2333 libertates
716 2305 746 2333 et
760 2300 977 2343 exemptiones
989 2299 1200 2333 saecularium

461 2353 663 2387 exactionum
680 2363 696 2386 a
710 2352 839 2395 regibus
860 2359 888 2386 et
905 2352 1107 2397 principibus
1119 2352 1202 2385 aliis-

495 2460 507 2486 1
532 2459 601 2486 Edit.
615 2459 695 2487 ttain.
712 2459 775 2494 tegit
798 2459 1007 2489 saecular-rhum
1034 2467 1156 2492 erronee,
1173 2462 1204 2486 ut

461 2503 576 2540 quisque
592 2503 664 2531 videt
679 2505 718 2537 (n.
733 2503 780 2538 rt).

498 2548 513 2575 2
533 2548 604 2574 Edit.
621 2547 700 2574 Main.
718 2547 782 2582 tegit
797 2555 868 2582 quas
882 2548 919 2581 (n.
932 2548 981 2577 ¹11).

497 2593 513 2619 3
533 2592 603 2619 Edit,
626 2591 707 2619 Main.
729 2592 795 2626 legit
811 2595 978 2626 propterera
996 2595 1021 2618 at
1037 2592 1204 2627 verolegen-

463 2637 526 2664 dum
547 2645 606 2664 esse
628 2640 782 2671 praeterea
804 2645 835 2664 ex
856 2636 914 2664 loeo
940 2636 1068 2672 parallelo
1084 2636 1128 2663 cit.
1146 2636 1204 2663 Cle-

464 2682 561 2709 mentis
572 2682 624 2709 Vlll
637 2681 841 2711 Constitutionis
856 2685 929 2709 certo
945 2684 1051 2709 constat
1066 2689 1105 2716 tn.
1122 2682 1169 2715 τ.).

1020 271 1115 295 Bt'LLA
1123 271 1197 295 RtUM
1223 271 1375 296 ROMANUM

1229 328 1291 362 que
1303 316 1566 351 christifidelibus
1577 328 1727 352 concessa
1744 320 1856 353 eadem
1868 320 1966 364 Apos-

1232 371 1325 405 tolica
1345 370 1536 404 auctoritate
1549 370 1670 414 pariter
1681 377 1838 416 perpetuo
1852 383 1968 416 appro-

1229 424 1360 457 baverat
1379 429 1409 457 et
1426 423 1674 457 confirmaverat
1686 424 1706 465 ¹,
1729 430 1825 468 prout
1846 424 1878 458 in
1897 425 1964 458 sin-

1229 476 1312 519 gulis
1332 476 1618 520 praedecessorum
1633 481 1664 510 et
1681 476 1751 510 Iulii
1764 476 1860 520 legati
1876 488 1969 521 prae-

1230 530 1389 564 dictorum
1402 529 1516 563 litteris
1529 530 1667 574 desuper
1680 530 1833 564 confectis
1843 529 1969 574 plenius

1231 583 1471 617 continebatur:
1502 583 1540 616 Et
1571 582 1601 616 in
1628 583 1738 617 eadem
1772 582 1970 627 expositione

1230 636 1402 669 subiuncto
1423 641 1606 680 temporum
1633 635 1851 679 malignitate,
1874 641 1905 669 et
1923 636 1968 668 vi-

1230 689 1378 732 gentibus
1393 689 1567 722 multorum
1586 699 1744 723 annorum
1757 689 1840 722 serie
1854 688 1886 722 in
1899 689 1970 722 uni-

1230 744 1319 776 versa
1337 742 1437 776 Gallia
1451 742 1611 776 bellorum
1628 741 1880 786 tempestatibus,
1895 742 1970 776 effe-

1231 802 1315 829 ctum
1336 795 1432 829 fuisse
1453 801 1486 829 ut
1506 795 1679 829 christiana
1696 795 1834 829 charitas
1851 795 1967 829 admo-

1232 849 1308 882 dum
1327 849 1493 892 neglecta‚
1517 859 1553 882 ac
1574 858 1728 882 numerus
1749 857 1920 882 caecorum
1941 855 1971 882 et

1231 913 1409 947 pauperum
1422 903 1453 935 in
1465 902 1550 936 dicto
1563 902 1713 947 hospitali
1725 902 1824 936 sancti
1835 902 1971 945 Remigii

1231 961 1343 989 auctus
1363 961 1455 996 esset,
1479 966 1515 989 ac
1536 955 1649 989 exinde
1668 958 1730 988 tam
1749 954 1838 999 pium
1857 965 1938 999 opus
1954 965 1972 988 a

1231 1009 1396 1052 praedicto
1417 1014 1527 1043 sancto
1547 1008 1708 1042 Ludovico
1721 1019 1797 1051 rege
1810 1007 1973 1042 charitatis

1232 1062 1346 1095 affectu
1368 1062 1547 1095 institutum
1573 1062 1666 1096 facile
1692 1061 1839 1106 deperire
1856 1067 1973 1106 posset,

1232 1116 1292 1149 nisi
1313 1115 1441 1160 piorum
1472 1116 1616 1150 fidelium
1643 1116 1856 1161 eleemosynis
1876 1116 1970 1150 adiu-

1232 1174 1297 1202 tum
1320 1170 1416 1210 foret,
1439 1169 1623 1204 huiusmodi
1645 1179 1721 1203 vero
1741 1169 1895 1202 auxilium
1916 1180 1973 1213 pa-

1232 1234 1302 1256 rum
1324 1223 1503 1267 proficuum
1520 1229 1549 1257 et
1562 1224 1640 1257 utile
1656 1233 1836 1264 evasurum,
1857 1223 1915 1256 nisi
1933 1223 1973 1256 ad

1233 1278 1508 1323 elecmosynarum
1532 1278 1682 1312 collectas
1701 1287 1858 1321 personae
1875 1277 1974 1321 parti-

1233 1333 1356 1366 culares
1387 1344 1444 1377 per
1475 1339 1576 1367 totum
1608 1343 1743 1376 regnum
1772 1333 1971 1377 praedictum

1233 1388 1474 1432 deputarentur:
1489 1387 1691 1432 Quapropter
1708 1387 1811 1421 dictus
1830 1387 1974 1422 Clemens

1235 1442 1462 1485 praedecessor
1475 1441 1772 1485 supplicationibus,
1785 1441 1903 1475 eisdem
1918 1452 1974 1475 no-

1236 1494 1376 1528 minibus
1401 1494 1461 1528 sibi
1486 1494 1652 1528 humiliter
1679 1495 1857 1539 porrectis,
1881 1498 1916 1529 ea
1942 1495 1973 1528 in

1234 1551 1324 1591 parte
1345 1547 1527 1588 inclinatus,
1551 1547 1660 1581 omnia
1681 1553 1711 1581 et
1731 1548 1858 1590 singula
1877 1548 1973 1592 privi-

1235 1601 1327 1643 legia,
1351 1601 1496 1641 indulta,
1526 1601 1709 1642 libertates,
1742 1601 1971 1643 immunitates,

1234 1654 1460 1697 indulgentias,
1478 1654 1694 1695 remissiones,
1710 1655 1932 1689 eoncessiones
1945 1661 1976 1689 et

1235 1707 1352 1750 gratias
1370 1707 1408 1740 ab
1423 1707 1543 1740 eisdem
1562 1707 1649 1741 Sixto
1663 1707 1712 1749 lV,
1733 1708 1913 1742 Alexandro
1926 1708 1975 1750 VI,

1236 1760 1397 1794 Clemente
1425 1761 1474 1794 VII
1503 1760 1637 1804 aliisque
1665 1761 1816 1795 Romanis
1835 1761 1972 1795 Pontifi-

1235 1814 1325 1847 cibus
1349 1814 1651 1858 praedecessoribus
1681 1814 1799 1848 nostris
1823 1814 1974 1859 hospitali

1235 1868 1334 1901 sancti
1348 1868 1496 1911 Remigii,
1510 1868 1659 1912 illiusque
1678 1868 1848 1911 magistris,
1873 1868 1975 1902 adrni-

1236 1921 1470 1961 nistratoribus,
1495 1921 1723 1961 confratribus,
1751 1921 1972 1962 servitoribus,

1236 1974 1360 2008 nunciis
1378 1979 1408 2007 et
1420 1974 1679 2008 benefactoribus
1692 1974 1876 2018 praedictis,
1890 1985 1977 2008 com-

1237 2027 1378 2061 muniter
1396 2028 1442 2060 vel
1457 2027 1651 2071 specialiter,
1671 2038 1799 2061 necnon
1813 2028 1977 2062 libertates

1236 2087 1264 2115 et
1280 2080 1499 2126 exemptiones
1513 2081 1725 2114 saecularium
1742 2081 1941 2115 exactionum
1960 2093 1978 2115 a

1236 2135 1365 2178 regibus
1391 2140 1422 2168 et
1445 2134 1646 2179 principibus
1667 2134 1802 2179 aliisque
1822 2135 1974 2168 christili-

1237 2189 1363 2226 delibus
1384 2199 1536 2222 concessa
1557 2194 1588 2222 et
1612 2188 1747 2231 elargita
1772 2189 1974 2232 (dummodo,
1994 2230 1997 2232 .

1237 2243 1343 2286 quoad
1363 2248 1437 2276 tnnc
1462 2252 1527 2276 non
1553 2253 1712 2286 expressa,
1738 2242 1792 2275 illa
1816 2247 1921 2276 essent
1946 2242 1977 2275 in

1238 2307 1294 2329 usu
1316 2307 1352 2329 ac
1370 2295 1458 2329 licita
1479 2301 1510 2329 et
1528 2296 1674 2336 honesta,
1698 2295 1862 2340 sacrisque
1882 2306 1977 2329 cano-

1237 2349 1330 2383 nibus
1352 2355 1381 2382 et
1402 2349 1476 2382 dicti
1490 2348 1621 2382 Concilii
1642 2348 1819 2382 Tridentini
1840 2348 1978 2382 decretis

1238 2403 1371 2437 minime
1387 2403 1575 2446 contraria),
1591 2413 1717 2436 necnon
1744 2402 1850 2447 quoad
1872 2403 1974 2436 facul-

1238 2461 1334 2491 tatem
1366 2456 1505 2490 habendi
1537 2467 1647 2500 capsas
1678 2466 1734 2490 seu
1766 2460 1897 2490 truncos
1929 2455 1978 2489 bis

1274 2547 1285 2573 1
1308 2545 1451 2573 Videretur
1466 2546 1610 2581 legendum
1625 2545 1858 2581 approbaverant
1872 2548 1899 2573 el
1913 2553 1977 2572 con-

1237 2590 1430 2625 firmaverant
1441 2612 1449 2625 ,
1474 2598 1535 2617 nam
1561 2590 1708 2625 praecessit
1731 2590 1784 2617 Leo
1811 2590 1837 2617 X
1858 2592 1885 2617 ee
1915 2590 1977 2617 Gle-

1238 2643 1318 2662 mens
1335 2635 1389 2662 VII
1402 2636 1492 2663 etiam
1507 2634 1634 2663 Romani
1650 2635 1802 2669 Pontifices
1810 2634 1978 2669 praedeces-

1238 2688 1314 2708 sores
1330 2686 1366 2713 ω.
1377 2680 1424 2714 τ.).

1982 272 2029 298 An.
2047 272 2077 299 C.
2098 271 2162 300 1607

2041 1387 2056 1408 Λ
2077 1388 2172 1410 Clemen-

1990 1416 2010 1436 tu
2026 1414 2080 1437 vlu.
