2227 3241
989 248 1172 271 nttLLAntttM
1197 247 1351 272 ROMANUM

1189 296 1372 329 minandum
1405 296 1682 337 demandavimus,
1713 302 1837 332 mature
1866 296 1928 330 dis-

1009 380 1014 385 ,
1187 351 1288 389 cussa,
1303 350 1341 383 de
1352 351 1542 383 eorumdem
1556 350 1768 383 cardinalium
1782 350 1928 391 consilio,

418 396 618 429 Venerabilis
643 407 750 429 serras
777 398 836 430 Dei
862 398 1043 431 latitavit-*us
1068 400 1149 432 Ber-
1187 402 1425 445 praedictorum
1448 403 1586 447 Philippi
1606 403 1699 445 regis,
1716 403 1805 445 regni
1821 403 1929 437 Valen-

458 450 594 482 trcontns
609 451 771 484 beatorum
786 462 918 485 numero
932 452 1151 486 adscribitur.
1189 455 1261 495 tiae,
1283 461 1311 488 et
1344 454 1472 489 Ordinis
1499 456 1634 489 fratrum
1666 456 1926 489 Praedicatorum

1111 507 1133 532 ¹
1186 508 1477 552 supplicationibus
1498 508 1652 549 inclinati,
1677 509 1762 553 quod
1789 509 1929 553 inposte-

1187 571 1256 593 rum
1277 562 1379 595 dictus
1404 562 1581 596 Ludovicus
1606 563 1798 596 Bertrandus
1815 563 1928 596 Beatus

1186 616 1377 659 nuncupari,
1400 616 1503 660 deque
1524 626 1561 649 eo
1583 616 1614 648 in
1636 616 1769 649 civitatis
1789 621 1820 649 et
1837 616 1928 659 regni

1169 667 1350 717 {valentiae
1371 669 1522 702 omnibus
1549 669 1752 703 monasteriis
1769 675 1799 702 et
1819 669 1925 702 eccle--

457 716 489 748 ln
511 716 592 749 Sede
618 717 772 761 principis
794 719 1033 762 Apostolorum,
1057 719 1154 753 nullis
1169 719 1171 722 ⁴
1187 722 1241 755 siis
1263 723 1399 756 fratrum
1432 729 1528 767 atque
1564 723 1752 757 monialium
1783 723 1925 756 eiusdem

412 768 485 802 licet
506 770 623 802 nostris
643 771 894 813 suffragantibus
915 772 1050 814 meritis,
1067 773 1155 807 aDo-
1170 795 1171 807 t
1187 773 1315 808 Ordinis
1336 776 1600 810 Praedicatoruin
1622 776 1661 809 ab
1682 776 1758 820 ipsis
1779 776 1928 810 fratribus

413 822 499 855 mino
520 823 694 864 constituti,
711 825 771 868 piis
786 825 1017 859 catholicorum
1040 837 1152 869 regum
1187 833 1218 860 et.
1235 828 1452 863 monialibuus
1476 830 1528 864 die
1552 830 1676 864 decima
1700 832 1784 864 nona
1810 830 1927 864 mensis

411 880 442 908 et
462 875 599 909 aliorum
626 877 770 911 fidelium
798 879 888 919 rotis,
913 879 1031 923 quibus
1056 880 1154 913 virtu-
1187 881 1351 923 octobris,
1372 894 1466 926 quae,
1489 890 1525 917 ut
1549 884 1712 924 asseritur,
1737 884 1804 917 eius
1821 884 1927 917 obitus

412 934 477 961 tum
493 929 648 963 Dominus
663 930 693 962 in
707 931 806 964 servis
819 932 884 965 suis
901 932 1149 971 honorificatur,
1170 940 1171 960 1
1188 934 1258 967 die·
1276 941 1333 975 est,
1357 936 1491 980 singulis
1509 937 1601 971 annis
1621 937 1768 971 Officium
1787 943 1817 971 et
1835 937 1927 971 Missa

411 982 548 1016 libenter
567 984 741 1017 annuimus
762 991 791 1017 et
814 987 989 1029 apostolica
1015 987 1154 1020 auctori·
1170 1000 1171 1007 ¹
1188 988 1226 1021 de
1248 991 1411 1023 communi
1434 991 1529 1023 unius
1554 991 1748 1025 confessoris
1766 1001 1829 1024 non
1847 1001 1928 1035 pon-

413 1041 476 1069 tate
497 1036 713 1079 indulgemus,
735 1045 829 1082 prout
853 1040 883 1072 in
909 1040 1045 1073 Domino
1071 1050 1150 1073 ron·
1169 1039 1172 1052 ‘
1189 1041 1282 1075 tiliois
1302 1044 1478 1076 secundum
1497 1044 1592 1077 ritum
1615 1049 1645 1077 et
1662 1044 1926 1077 consuetudinem

411 1089 566 1132 spicimus
584 1092 744 1134 expedire.
1188 1095 1234 1127 sui
1262 1095 1390 1130 Ordinis
1407 1097 1563 1130 celebrari
1580 1098 1682 1131 libere.
1700 1103 1729 1131 et
1750 1097 1835 1131 licito
1855 1108 1929 1142 pos-

239 1155 396 1186 ehinppusrex
457 1144 473 1184 ξ
499 1143 528 1176 1.
558 1144 640 1177 Sane
667 1145 845 1179 charissimi
878 1147 909 1179 in
941 1147 1065 1180 Christo
1096 1148 1225 1181 titiitsii
1242 1155 1269 1182 et
1286 1150 1397 1190 valeat,
1415 1151 1800 1194 apostolicaauctoritate,
1817 1157 1927 1185 tenore

211 1181 396 1234 „llssssllssssff‘iffllss
412 1192 512 1229 nostri
534 1197 672 1242 Philippi
694 1199 918 1242 Hispaniarum
941 1201 1024 1242 regis
1045 1201 1154 1234 catlio-
1170 1207 1171 1219 ¹
1187 1204 1414 1246 praesentium,
1436 1210 1592 1248 perpetuo
1606 1205 1812 1238 concedimus
1833 1210 1860 1239 et
1880 1205 1927 1238 in-

217 245 268 272 An.
287 244 314 272 C.
333 245 399 272 1608
446 235 510 269 534
1940 246 1995 274 An,
2008 246 2038 274 ρ,
2057 247 2127 288 1603

741 295 838 332 cxlv.

657 567 767 594 Paulus
784 568 861 601 Papa
878 568 909 599 V,

533 619 569 646 ad
590 623 764 654 perpetuam
785 621 828 648 rei
850 621 1030 650 memoriam.

242 730 362 752 Exordium.

211 1235 299 1255 rabilem
308 1234 397 1255 Ludovi-

209 1260 401 1282 cumBertrantlurn

210 1288 296 1308 beatum
320 1289 397 1311 vocari,

212 1314 346 1344 officiumque
371 1314 396 1334 tle

211 1347 246 1363 ΕΟ,
269 1347 396 1367 miss-'imque
430 1358 435 1363 .

210 1368 251 1393 leui
267 1370 348 1393 petunt.

250 2458 324 2478 Annuit
340 2457 392 2479 Pon-

208 2484 264 2506 tifex.

414 1250 477 1291 lici,
494 1251 583 1293 regni
599 1252 772 1292 valentiae,
791 1259 820 1287 et
836 1254 931 1287 totius
944 1254 1071 1288 Ordinis
1092 1256 1171 1289 fra-³v

415 1309 497 1337 trum
516 1305 777 1340 praedicatorum
800 1309 931 1341 nomine
953 1309 1045 1342 nobis
1058 1319 1153 1353 expo-

411 1364 506 1391 situm
529 1359 598 1400 suit,
622 1361 708 1404 quod
731 1361 833 1395 bonae
852 1363 1028 1396 memoriae
1048 1364 1152 1396 Ludo-

411 1412 497 1444 vicus
511 1412 703 1446 Bertrandus
722 1415 918 1456 Valentinus,
936 1416 1010 1449 dicti
1026 1416 1152 1450 Ordinis

410 1465 542 1498 fratrum
566 1466 826 1501 Praedicatorum
848 1470 1022 1512 professus,
1045 1471 1152 1503 multis

409 1523 437 1550 et
458 1519 582 1552 eximiis
604 1520 774 1553 virtutibus
795 1528 823 1554 et
843 1523 952 1564 gratiis
974 1524 1092 1562 vivens,
1116 1528 1170 1556 act

409 1572 641 1606 miraculorum
662 1573 747 1606 dono
768 1585 784 1606 a
802 1575 939 1607 Domino
961 1581 1023 1608 tam
1045 1576 1074 1609 in
1090 1577 1169 1609 vita*

409 1635 505 1667 quam
534 1632 605 1669 post
638 1632 773 1659 mortem
811 1627 986 1661 illustratus
1020 1630 1076 1662 suit
1094 1657 1100 1669 ‚
1121 1636 1169 1663 et,

410 1678 481 1711 ideo
503 1688 617 1721 magna
640 1686 684 1712 est
713 1680 807 1713 etiam
832 1691 906 1722 eiga
937 1682 1004 1715 eins
1031 1674 1169 1717 nomen*1

409 1736 440 1764 et
461 1732 650 1765 memoriam
683 1734 877 1777 populorum
908 1741 939 1768 et.
965 1737 1148 1779 Aragonum

409 1785 500 1827 regni
516 1786 654 1819 devotio.
672 1788 874 1832 Quapropter
889 1794 951 1822 tam
967 1790 1069 1823 dictus
1082 1791 1152 1823 Phi-

409 1839 514 1883 lippus
528 1849 593 1880 rex,
616 1850 711 1883 quam
732 1851 879 1883 regnum,
901 1848 928 1876 et
950 1842 1036 1876 Ordo
1057 1854 1150 1887 prae-

409 1892 497 1932 dicti,
521 1894 618 1926 se'mcl
640 1900 670 1927 et
691 1894 820 1933 iterum,
857 1896 948 1929 nobis
975 1897 1147 1940 supplirari

409 1946 563 1986 fecerunt,
578 1952 624 1986 ut,
642 1947 744 1980 donec
770 1949 1023 1983 canonizationis
1048 1951 1150 1984 liono-

407 2009 487 2037 rem,
505 2010 600 2042 quem
621 2001 706 2033 dicto
721 2001 882 2035 Ludovico
900 2003 941 2035 ob
963 2004 1148 2038 excellentia

407 2052 476 2085 eius
502 2053 614 2086 merita
643 2054 817 2096 aliquando
835 2055 942 2089 divina
964 2056 1148 2100 adspirante

406 2105 504 2146 gratia
524 2105 668 2138 habitum
692 2107 728 2139 iri
747 2114 888 2150 sperant,
906 2109 944 2141 ab
965 2111 1148 2153 Apostolica

406 2158 486 2192 Sede
504 2159 687 2202 impetrent,
703 2161 851 2193 eumdem
868 2162 1062 2196 Ludovicum
1078 2164 1148 2197 bea·
1163 2161 1165 2183 Ἰ

408 2217 473 2244 tum
497 2213 601 2245 vocari
624 2219 655 2246 et
672 2214 710 2246 de
732 2215 845 2247 eodem
864 2215 1009 2249 Officium
1029 2223 1059 2250 et
1079 2218 1146 2250 Mis-

406 2265 515 2298 samin
526 2266 651 2299 civitate
663 2272 691 2300 et
705 2278 803 2309 regno
817 2269 979 2303 Valentiae
994 2276 1145 2314 tanquam

407 2319 446 2351 de
465 2320 649 2352 consessore
674 2331 737 2353 non
766 2322 919 2365 pontifice
948 2323 996 2365 agi
1026 2330 1143 2367 posset,

407 2372 596 2406 auctoritate
611 2374 784 2417 apostolica
803 2375 1055 2418 indulgeremus.

452 2428 468 2467 g
489 2425 519 2458 Ξ).
540 2426 644 2466 Quare
665 2437 733 2468 nos,
749 2438 783 2461 re
799 2428 889 2471 prius
906 2440 964 2472 per
981 2430 1148 2463 vonerabi-

408 2479 453 2512 tes
481 2480 595 2513 fratres
624 2486 752 2514 nostros
778 2482 808 2515 S.
842 2482 876 2515 tt.
910 2483 941 2515 E.
969 2484 1147 2517 cardinales

408 2532 508 2566 sacris
523 2533 637 2567 ritibus
651 2535 840 2577 praefectos,
855 2535 973 2579 quibus
991 2546 1060 2569 eam
1076 2547 1147 2570 oxa-

1188 1257 1368 1299 dulgemus.

1231 1310 1245 1353 ἓ
1271 1309 1300 1343 3.
1322 1311 1390 1344 Non
1417 1311 1618 1345 obstantibus
1643 1312 1924 1346 constitutionibus

1168 1398 1170 1409 4
1186 1369 1217 1395 et
1238 1363 1494 1398 ordinationibus
1512 1366 1706 1409 apostolici&
1727 1366 1924 1413 caeterisque

1187 1417 1357 1451 contrariis
1375 1418 1645 1463 quibuscumque.

1231 1469 1343 1503 Datum
1368 1471 1488 1505 Romae
1515 1472 1599 1516 apud
1618 1472 1662 1506 :S
1683 1473 1842 1512 Marcum,
1865 1473 1924 1506 sub

1188 1523 1307 1557 annulo
1330 1525 1509 1566 piscatoris,
1534 1526 1584 1559 die
1609 1536 1662 1560 XIX
1691 1518 1759 1560 iulii
1784 1536 1920 1567 uncvm,

1187 1577 1392 1619 pontificatus
1416 1579 1516 1612 nostri
1542 1589 1626 1612 anno
1645 1579 1704 1613 1v¹.

1223 1638 1283 1665 Dat.
1301 1639 1343 1666 die
1361 1640 1392 1666 19
1409 1639 1463 1666 iulii
1482 1640 1558 1674 1608,
1576 1641 1671 1676 pontis.
1693 1649 1736 1668 an.
1755 1647 1789 1668 tv.

1222 1898 1231 1922 1
1257 1896 1355 1923 Eadem
1372 1897 1415 1924 die
1433 1897 1527 1925 Paulus
1544 1899 1595 1925 ΡΡ.
1612 1899 1708 1926 litteris
1728 1879 1883 1936 apostolicis
1898 1900 1926 1928 iu

1185 1940 1270 1967 form-51
1291 1941 1382 1968 Brevis
1401 1942 1480 1976 datis,
1497 1947 1524 1970 et
1539 1943 1637 1978 quibus
1653 1944 1758 1971 initium
1773 1948 1814 1972 est
1831 1945 1926 1972 Totius

1183 1985 1270 2021 orbis,
1291 1985 1445 2014 facultatem
1467 1987 1494 2014 P.
1511 1987 1631 2015 Tbomae
1650 1996 1665 2015 a
1685 1989 1745 2015 Iesu
1765 1989 1926 2016 Carmelitae

1184 2028 1358 2063 Discalceato‚
1371 2031 1425 2058 viro
1437 2031 1597 2063 clarissimo,
1608 2040 1639 2059 ac
1653 2033 1696 2068 iis,
1708 2033 1754 2068 qui
1764 2032 1926 2060 ecclesiasti-

1183 2081 1240 2100 cam
1257 2073 1354 2101 callent
1369 2073 1518 2108 historiam,
1532 2076 1653 2111 apprime
1670 2080 1733 2104 noto
1748 2085 1840 2113 opere*
1852 2077 1924 2113 quod

1183 2117 1282 2153 publici
1297 2118 1363 2145 iuris
1378 2119 1452 2153 fecit⁷
1466 2120 1507 2147 De
1516 2121 1696 2149 conversione
1709 2122 1838 2149 omnium
1852 2122 1925 2149 Gen-

1183 2163 1272 2197 tium,
1289 2163 1443 2191 facultatem
1460 2166 1594 2192 concessit
1613 2166 1787 2193 seminarium
1805 2166 1924 2202 Ulyssip-

1183 2216 1253 2242 pone
1268 2208 1389 2244 erigendi
1406 2218 1453 2245 pro
1469 2210 1615 2237 istruendis
1635 2210 1742 2238 Ordinis
1761 2211 1801 2238 sui
1815 2211 1923 2239 missio-

1182 2252 1283 2287 nariis,
1299 2254 1344 2289 qui
1365 2253 1391 2280 in
1412 2262 1494 2289 regno
1514 2254 1643 2290 Congensi
1657 2278 1664 2289 ‚
1686 2255 1798 2291 aliisque
1818 2255 1923 2283 Africae

1182 2296 1315 2331 partibus,
1333 2298 1524 2333 propagandae
1543 2298 1706 2326 christianae
1731 2299 1793 2326 fidei
1812 2307 1922 2335 operam

1182 2341 1287 2369 darent.
1309 2342 1364 2370 Nos
1383 2351 1429 2369 eas
1449 2343 1640 2371 ommittendas
1667 2344 1820 2380 putavimus
1833 2364 1840 2378 ,
1861 2352 1922 2371 cum

1181 2386 1355 2421 excquutioni
1375 2387 1554 2415 demandatae
1573 2396 1626 2416 non
1647 2388 1758 2416 fuerint.
1780 2388 1864 2423 Congi
1884 2388 1922 2415 si-

1181 2431 1301 2466 quidem,
1318 2432 1425 2460 Asricae
1444 2437 1471 2460 et
1490 2433 1617 2461 Brasiliae
1632 2433 1775 2461 missiones
1790 2433 1839 2461 ΡΡ.
1855 2435 1923 2470 Cap-

1182 2475 1302 2510 puccinis
1316 2477 1474 2504 commissae
1489 2477 1658 2513 postmodum
1670 2478 1789 2512 fuerunt,
1800 2486 1850 2505 nec
1864 2478 1922 2506 siue

1182 2518 1244 2546 fidei
1260 2523 1367 2547 nostrae
1382 2521 1574 2548 emolumento.
1588 2521 1712 2549 Erectum
1729 2525 1817 2549 tamen
1833 2526 1922 2558 poste-

1181 2563 1298 2591 rioribus
1321 2565 1489 2601 temporibus
1512 2565 1563 2592 suit.
1586 2565 1759 2593 seminarium
1783 2575 1831 2602 pro
1855 2567 1921 2593 mis-

445 2648 452 2673 t
479 2647 514 2674 Ex
535 2653 633 2684 regest.
655 2650 679 2675 in
701 2650 799 2677 Serret.
823 2650 897 2677 ltu-ev.

782 2752 801 2771 0

1181 2608 1304 2635 sionariis
1324 2608 1476 2636 Carmelitis
1491 2609 1666 2637 Discalceatis
1682 2610 1715 2637 ad
1732 2610 1813 2638 aedes
1833 2611 1919 2638 sancti

1183 2652 1304 2680 Pancrati
1325 2657 1400 2681 extra
1420 2654 1498 2682 Urbis
1517 2654 1635 2682 moenia.

2146 1293 2148 1297 '
2156 1297 2158 1305 l

1952 1314 2067 1342 Derogatio
2077 1321 2120 1338 eonv
2155 1315 2159 1317 “

1939 1343 2059 1365 tran-iorum.
2164 1346 2167 1350 '
