2227 3241
51 255 99 282 An.
115 253 142 281 C.
170 253 236 281 ¹⁶04

102 1167 130 1188 Ac
146 1166 166 1188 in
181 1168 224 1188 suis

0 1199 1 1204 ¹
42 1193 176 1215 dioecesibus
196 1194 223 1215 ab

0 1223 2 1243 1
42 1220 154 1248 episcopis.

75 2126 218 2153 'transumptis

38 2152 105 2174 danda
115 2153 174 2174 tides.

10 2776 13 2863 t

861 255 897 279 CL
903 256 1007 280 EMENS
1028 257 1085 280 vtlt
1107 258 1156 281 PP.

1679 250 1737 283 113
1784 260 1832 287 An.
1854 260 1882 287 c.
1902 260 1968 288 1604

247 306 277 334 Θῑ
297 301 454 345 Pl'inssiPis
474 303 703 346 APOS¹0¹0¹U¹¹¹
725 303 764 336 de
786 302 880 343 ffb&
906 308 936 336 θῑ
957 303 988 336 ῙΠ
1023 315 1143 348 annulo
1157 314 1339 357 Piscatoris,
1352 316 1403 350 die
1418 325 1462 351 ru
1478 316 1658 351 decembris
1673 327 1770 352 nucuy

245 354 314 387 acie
331 354 440 399 Campi
458 355 583 397 Florae,
605 366 695 388 more
715 356 811 389 solito
829 356 987 399 publicari
1022 367 1229 410 pontificatus
1249 369 1351 402 nostri
1372 380 1457 403 anno
1474 380 1542 404 xni.

245 412 278 440 et
296 407 381 450 affigi
395 434 402 447 ,
426 413 521 452 atque
547 409 584 441 iis
606 409 680 442 inde
700 409 815 442 amotis
829 436 837 450 ‚
861 419 987 442 earum-

245 460 319 493 dem
341 462 497 505 exempla,
522 462 617 495 etiam
641 462 808 506 impressa,
832 462 875 495 ibi
896 463 988 495 affixa

245 513 405 558 relinqui,
427 515 575 559 factaque
605 515 848 559 pubblicatione
875 516 988 549 huius-

244 567 344 608 modi,
365 578 477 601 omnes
496 568 661 611 regulares
682 568 828 610 Ordines,
855 569 987 612 religio-

242 630 322 661 nes,
351 619 495 654 instituta
526 626 557 654 et
590 621 984 663 archiconsraternitates,

243 673 509 716 congregationes
544 680 575 707 et
606 675 886 708 confraternitates
917 686 987 709 sae-

243 725 400 758 cularium
416 753 424 767 ,
448 736 530 770 quae
562 726 594 759 in
618 726 702 760 L'rbe
734 728 888 772 quidem,
916 735 988 773 post

242 787 398 819 mensem,
419 789 501 822 quae
526 789 602 812 vero
629 779 660 812 in
680 780 820 824 Europa,
843 787 913 824 post
934 782 988 815 de-

242 841 312 865 cem
331 842 467 874 menses,
494 843 576 876 quae
606 833 737 866 demum
767 840 855 868 extra
880 835 983 869 Euro-

240 894 315 929 pam
341 885 472 926 suerint,
510 892 584 930 post
607 887 789 920 octodecim
814 898 941 922 nenses
969 901 987 923 a

241 938 293 972 die
306 938 558 982 pubblicationis
582 940 769 975 huiusmodi
794 949 985 986 computan-

241 991 317 1033 dos,
338 992 474 1036 perinde
494 993 623 1027 afficere
638 1000 668 1027 et
681 1001 817 1037 arctare,
834 1007 871 1030 ac
890 997 915 1029 si
938 1007 986 1030 ea-

240 1054 312 1078 rum
330 1045 463 1079 cuilibet
491 1046 682 1080 nominatim
702 1048 882 1083 insinuatae
902 1050 982 1084 suis-

240 1103 321 1131 sent.

284 1153 301 1194 g
316 1151 367 1185 16.
383 1153 421 1186 Ε1
433 1153 656 1197 nihilominus,
671 1161 706 1189 ut
720 1156 786 1200 ipse
800 1163 984 1201 praesentes

238 1204 364 1240 litterae
381 1207 524 1241 notiores
543 1208 631 1250 fiant,
653 1211 820 1254 magisque
834 1212 984 1246 omnibus

238 1258 453 1302 innotescant,
471 1262 627 1297 universis
648 1269 678 1297 et
696 1264 830 1307 singulis
851 1276 982 1300 venera-

237 1313 356 1348 bilibus
377 1316 529 1350 fratribus
554 1319 756 1361 patriarchis,
780 1321 983 1364 primatibus,

237 1369 500 1415 archiepiscopis,
518 1373 688 1417 episcopis,
706 1380 737 1408 et
751 1375 820 1409 aliis
837 1377 981 1410 locorum

236 1422 416 1457 Ordinariis
436 1436 495 1468 per
515 1426 643 1460 easdem
672 1435 858 1471 praesentes
887 1441 979 1464 com-

236 1476 396 1511 mittimus
421 1483 452 1512 et
475 1480 668 1514 mandamus
683 1509 690 1522 ,
714 1488 749 1515 ut
772 1494 830 1527 per
853 1495 905 1526 se,
934 1486 980 1519 vel

236 1530 348 1572 alium,
375 1542 432 1565 seu
457 1532 547 1575 alios,
571 1533 666 1569 hasce
687 1541 813 1570 nostras
838 1538 976 1582 litteras,

234 1590 407 1629 postquam
433 1596 544 1620 earum
571 1589 752 1633 exemplum
773 1593 976 1636 receperint,

235 1648 291 1672 seu
312 1649 424 1672 earum
445 1640 593 1674 notitiam
608 1642 793 1685 habuerint,
809 1647 908 1679 semel
926 1653 980 1681 aut

234 1692 368 1736 pluries,
390 1699 489 1738 prout
513 1695 558 1729 eis
584 1696 685 1739 magis
706 1699 855 1742 expedire
876 1700 977 1734 visum

233 1746 341 1788 suerit,
362 1747 395 1780 in
412 1748 478 1782 suis
496 1749 736 1785 cathedralibus
754 1758 784 1786 et
801 1754 979 1790 maioribus

233 1800 411 1844 respective
430 1802 573 1836 ecclesiis
590 1803 766 1847 civitatum,
782 1807 977 1851 oppidorum

233 1858 266 1886 et
281 1853 427 1887 locorum
449 1865 731 1902 quorumcumque
753 1869 866 1893 eorum
887 1861 978 1896 dioe-

233 1917 362 1949 cesum,
387 1909 463 1942 dum
486 1909 518 1943 in
539 1920 592 1944 eas
612 1912 717 1945 maior
735 1914 847 1958 populi
869 1916 978 1949 multi-

233 1962 310 1996 tudo
342 1963 382 1996 ad
415 1963 522 1997 divina
554 1966 758 2009 convenerit,
791 1968 979 2003 solemniter

231 2015 421 2060 pubblicent
441 2022 472 2050 et
495 2018 676 2062 pubblieari
702 2022 892 2056 auctoritate
921 2034 978 2057 no-

232 2072 299 2103 stra
315 2071 470 2105 mandent
490 2083 527 2105 ac
548 2073 675 2107 saciant.

277 2123 367 2166 517.
398 2124 590 2167 Caeterum,
626 2127 702 2171 quia
731 2128 861 2163 difficile
894 2131 977 2164 soret

231 2177 359 2211 easdem
385 2184 571 2222 praesentes
595 2180 636 2213 ad
661 2180 787 2224 singula
816 2183 897 2223 loca,
921 2184 975 2217 ubi

230 2240 312 2274 opus
332 2238 425 2272 esset,
440 2233 568 2274 deferri,
588 2235 736 2268 volumus
755 2241 785 2269 et
802 2236 898 2269 simili
921 2248 976 2271 au-

230 2285 379 2319 ctoritate
397 2286 612 2329 decernimus,
635 2294 668 2321 ut
686 2299 797 2322 earum
817 2295 976 2324 transum-

229 2337 303 2381 ptis,
320 2338 415 2372 etiam
435 2339 610 2383 impressis,
625 2351 724 2374 manu
735 2342 870 2376 alicuius
885 2350 975 2377 nota-

231 2391 269 2424 rii
287 2392 431 2436 pubblici
452 2393 651 2438 subscriptis,
670 2400 699 2428 et
714 2395 820 2437 sigillo
838 2397 974 2431 alicuius

229 2455 387 2488 personae
402 2446 433 2479 in
450 2447 606 2489 dignitate
625 2448 838 2483 ecelesiastica
857 2451 974 2484 consti-

230 2503 318 2532 tutae
340 2499 480 2541 munitis,
495 2501 606 2535 eadem
625 2502 746 2546 ubique
760 2503 839 2536 fides
856 2503 974 2537 habea-

231 2557 293 2593 tur,
316 2563 398 2596 quae
424 2554 565 2598 ipsismet
593 2555 705 2589 litteris
730 2556 923 2599 haberetur,
947 2558 972 2591 si

231 2612 337 2639 essent
354 2607 514 2641 exhibitae
536 2609 582 2642 vel
605 2615 763 2643 ostensae.

1058 428 1117 456 Dat.
1140 429 1183 457 die
1205 431 1219 457 7
1240 430 1394 474 decembris
1416 433 1495 465 1604,
1513 433 1607 469 pontis.
1630 442 1674 461 au.
1693 441 1750 461 xnt.

1294 593 1489 628 CCCLx111¹.

1021 688 1189 723 statutum
1210 692 1438 735 ttlcapitttlttm
1460 695 1607 737 yencrule
1630 694 1765 729 Ordinis

1067 744 1288 779 cisterciensis
1303 748 1466 790 reyztlaris
1485 749 1717 784 observantiae
1731 752 1766 784 in

1066 798 1175 841 rcgym's
1193 799 1352 833 castellae
1370 802 1461 834 lertio
1479 813 1606 846 quoque
1618 815 1705 838 αηηο
1719 815 1765 838 66-

1066 851 1208 884 lebretnr
1220 851 1240 885 ⁹.

1225 942 1358 970 Clemens
1380 944 1459 978 Papa
1478 945 1558 974 VIII.

1143 994 1178 1020 ad
1195 998 1372 1029 perpetuam
1391 997 1436 1023 rei
1457 998 1637 1027 memoriam.

1064 1055 1105 1088 Ex
1125 1056 1270 1091 iniuncto
1295 1058 1390 1092 nobis
1415 1061 1612 1104 apostolicae
1630 1064 1764 1097 servitu-

1021 1108 1058 1142 tis
1076 1110 1202 1151 officio,
1228 1111 1267 1145 ad
1293 1122 1330 1145 ea
1350 1113 1488 1147 sollicito
1509 1115 1615 1149 studio
1635 1126 1764 1161 semper

1019 1162 1234 1205 intendimus,
1257 1175 1316 1209 per
1337 1177 1420 1210 quae
1440 1169 1640 1211 regularium
1663 1171 1763 1205 refor-

1020 1216 1170 1258 mationi,
1195 1219 1230 1251 a'c
1254 1229 1413 1264 prospero
1439 1226 1469 1254 et
1494 1222 1576 1255 felici
1604 1223 1762 1265 gubernio

1018 1276 1201 1313 opportune
1230 1273 1431 1316 consulitur,
1456 1281 1553 1318 prout
1573 1275 1605 1309 in
1625 1277 1762 1312 Domino

1017 1324 1189 1358 salubriter
1209 1327 1359 1370 expedire
1381 1329 1608 1373 conspicimus.

1062 1379 1078 1419 ξ
1102 1378 1126 1411 1.
1152 1378 1324 1423 Cupientes
1345 1381 1465 1425 itaque,
1491 1389 1524 1416 ut
1549 1384 1761 1428 Congregatio

1016 1432 1118 1465 sancti
1136 1433 1291 1467 Bernardi
1313 1435 1538 1479 Hispaniarum
1566 1437 1695 1472 Ordinis
1712 1440 1761 1474 Ci-

1014 1485 1197 1519 sterciensis
1214 1487 1254 1520 ad
1272 1488 1438 1532 antiquam
1457 1491 1639 1533 regularem
1653 1492 1763 1526 ohser-

1015 1538 1155 1571 vantiam
1184 1545 1215 1572 et
1240 1541 1381 1574 debitam
1415 1543 1681 1579 reformationem
1713 1557 1762 1580 re-

1015 1591 1164 1633 ducatur,
1184 1599 1274 1627 motu
1291 1595 1426 1639 proprio
1445 1602 1475 1630 ct
1495 1608 1531 1630 ex
1549 1601 1636 1632 certa
1653 1604 1762 1634 nostra

1013 1645 1145 1680 scientia
1166 1657 1202 1680 ac
1229 1651 1353 1682 matura
1371 1649 1624 1693 deliberatione,
1646 1652 1762 1687 harum

1013 1699 1106 1741 serie,
1134 1706 1292 1745 perpetuo
1317 1703 1487 1737 statuimus
1508 1710 1539 1738 61.
1559 1700 1758 1748 ordinamus,

1014 1758 1046 1786 ut
1068 1753 1230 1798 deinceps,
1253 1765 1313 1799 pro
1331 1756 1476 1790 eiusdem
1498 1758 1762 1802 Congregationis

1012 1817 1171 1852 prospero
1202 1809 1372 1852 regimine,
1405 1811 1582 1855 capitulum
1610 1815 1760 1856 generale

1013 1860 1108 1894 tertio
1128 1871 1259 1906 quoque
1281 1873 1365 1896 anno
1387 1864 1579 1899 celebretur.

1059 1916 1075 1956 ἓ
1096 1914 1126 1948 2.
1147 1915 1184 1948 Et
1203 1916 1228 1949 si
1247 1916 1330 1951 forte
1344 1917 1426 1951 intra
1441 1918 1562 1952 dictum
1582 1920 1756 1955 triennium
1773 1923 1958 1976 ωεξξὸζῇῇῇῗρζ

1013 1969 1218 2010 generalatus
1242 1970 1384 2004 osticium
1410 1983 1465 2006 5611
1496 1974 1754 2010 administratio·
1773 1980 1959 2029 ¹¹11¹3¹¹⁰gg¹¹¹jifffi¹l¹lg

1013 2033 1087 2056 nem
1108 2023 1295 2058 huiusmodi
1321 2036 1434 2060 vacare
1460 2028 1649 2071 contigerit,
1671 2031 1756 2074 capi-
1772 2034 1910 2052 “‘'·¹¹*'⁶‘³‘¹¹¹‘·

1015 2077 1116 2109 tulum
1143 2077 1230 2110 iuxta
1256 2078 1331 2112 dicti
1360 2079 1488 2114 Ordinis
1513 2082 1757 2117 constitutiones

1012 2136 1043 2163 et
1063 2131 1242 2165 laudabiles
1262 2134 1513 2168 consuetudines
1533 2146 1592 2180 pro
1610 2137 1682 2169 novi
1704 2148 1757 2179 ge-

1011 2184 1130 2217 neralis
1147 2185 1304 2219 electione
1326 2187 1365 2220 de
1390 2198 1472 2221 novo
1495 2189 1685 2223 octeni-cun:

1056 2240 1072 2279 ἓ
1094 2238 1124 2271 3.
1146 2239 1180 2272 In
1198 2250 1263 2283 quo
1285 2241 1427 2285 capitulo
1448 2243 1640 2276 reformator
1657 2254 1754 2286 gene·
1771 2244 1957 2297 αμῇζξζςζξᾌξζζςῇ

1010 2291 1085 2325 ralis
1110 2292 1150 2325 ad
1180 2293 1344 2328 residuum
1377 2295 1519 2329 eiusdem
1548 2297 1697 2334 triennii.
1726 2300 1954 2345 Clssssssss⁵tilii¹ciii1¹iss¹¹⁰

1010 2354 1075 2378 non
1096 2346 1191 2387 ultra,
1216 2347 1364 2389 eligatur,
1389 2349 1430 2382 ita
1452 2355 1485 2382 ut
1511 2350 1605 2383 tertio
1626 2360 1755 2394 quoque

1010 2408 1094 2432 anno
1114 2410 1215 2433 novus
1237 2402 1431 2435 reformator
1455 2403 1615 2445 generalis
1634 2404 1756 2437 consti-

1010 2457 1134 2493 tuatur,
1163 2464 1179 2486 a
1207 2457 1268 2487 tota
1296 2455 1549 2497 Congregatione
1576 2457 1695 2497 libere,
1724 2464 1755 2491 et

1009 2505 1078 2538 sine
1104 2507 1308 2541 restrictione
1328 2509 1367 2541 ad
1390 2510 1621 2543 determinatas
1643 2521 1753 2554 perso-

1806 1083 1927 1104 Exordium.

1843 1390 1962 1416 Capitulum

1778 1418 1876 1441 generate
1896 1417 1962 1443 quoti·

1778 1443 1812 1463 bet
1824 1445 1914 1463 triennio
1928 1450 1961 1465 re-

1778 1470 1913 1490 lebraudum.

1047 2586 1055 2611 1
1081 2585 1117 2612 Ex
1138 2588 1248 2622 chest.
1271 2588 1297 2614 111
1317 2589 1420 2615 Set-ret.
1443 2589 1518 2616 ttrcv.

1043 2631 1059 2656 2
1081 2631 1144 2658 Vide
1160 2632 1240 2659 etiam
1256 2633 1327 2667 apud
1345 2633 1504 2669 llcnriquez,
1521 2635 1630 2669 Ileqnla
1647 2636 1752 2665 Ordin.

274 2658 387 2694 Datum
418 2661 539 2696 Romae
568 2663 654 2709 apud
674 2663 703 2698 S.
732 2664 883 2707 Petrum,
914 2665 973 2699 sub
1010 2674 1139 2710 cisterc„
1162 2684 1222 2711 pag.
1245 2677 1305 2704 1180.
