2227 3241
272 284 320 310 Αη.
339 284 368 311 Γ..
390 283 455 310 1604
504 273 566 307 r136
1050 282 1233 306 certantum
1253 282 1406 307 Remuria

1994 283 2044 310 An.
2062 283 2090 310 C.
2111 284 2175 315 1000
2202 304 2212 310 ,.

1285 332 1302 373 g
1320 330 1349 363 1.
1370 329 1447 364 Cum
1462 329 1581 373 itaque,
1597 329 1678 363 sicut
1694 330 1888 374 accepimus,
1907 330 1979 375 qui·
2010 344 2176 368 canturam.

291 1737 385 1758 Am'ntus
395 1743 413 1756 ιιι
423 1736 459 1756 Εε-

275 1764 341 1792 clesia
351 1763 388 1783 1)ιί
400 1763 460 1784 valde

275 1795 414 1816 pernictosus.

470 341 611 375 quoque,
636 329 767 363 indultis
784 340 820 362 ac
841 329 955 363 litteris
975 328 1159 373 apostolicis
1176 329 1226 385 ιη’,

471 383 667 417 contrarium
683 381 927 426 quomodolibet
944 382 1114 423 concessis,
1134 393 1208 416 con-

469 436 605 470 firmatis
630 442 661 469 et
687 435 855 468 innovatis.
885 435 1006 474 Quibus
1034 436 1205 478 omnibus,

470 499 580 522 eorum
600 494 738 528 tenores,
755 498 792 521 ac
804 488 829 521 si
846 489 885 522 de
901 489 999 522 verbo
1017 489 1057 522 ad
1074 490 1207 523 verbum

470 542 728 586 exprimerentur
756 548 785 575 et
811 542 1039 583 insererentur,
1060 553 1209 586 praesen-

471 595 555 628 tibus
571 605 630 638 pro
648 594 845 628 sufficienter
861 595 1018 639 expressis
1035 601 1066 629 et
1083 596 1210 629 insertis

470 647 642 687 habentes,
670 647 733 681 illis
758 647 835 681 alias
862 648 894 681 in
918 658 976 682 suo
1001 648 1119 682 robore
1138 659 1210 692 per-

471 700 641 739 mansuris,
662 700 721 733 hac
737 700 804 734 vice
823 701 988 734 dumtaxat
1003 701 1043 734 ad
1061 701 1209 734 effectum

470 753 688 797 praesentium
718 753 901 797 specialiter
925 760 955 787 et
975 764 1122 798 expresse
1149 755 1207 788 de-

471 816 635 849 rogamus,
659 807 859 852 caeterisque
885 808 1056 841 contrariis
1076 808 1209 852 quibus-

471 870 621 904 cumque.

514 914 627 947 Datum
646 915 766 948 Romae
793 914 878 958 apud
895 920 1039 948 sanctum
1058 914 1207 955 Petrum,

469 966 529 999 sub
554 968 675 1000 annulo
696 967 877 1008 Piscatoris‚
897 968 948 1001 die
971 978 1049 1002 xxiii
1077 978 1210 1001 novem-

470 1019 536 1054 bris
556 1030 655 1055 MDclv
679 1021 885 1065 pontificatus
900 1017 1010 1055 'nostri
1035 1032 1120 1054 anno
1140 1032 1207 1055 xiii.

506 1078 563 1106 Dat.
585 1079 628 1107 die
648 1080 682 1107 23
701 1080 856 1107 novembris
875 1080 962 1116 1604,
984 1081 1077 1117 pontis.
1094 1089 1137 1108 an.
1156 1087 1209 1108 xm.

766 1267 911 1302 CCCLXI.

472 1394 518 1427 De
548 1394 673 1426 «mmm
706 1394 864 1436 fratribus
896 1395 1050 1427 Eremitis
1082 1393 1213 1427 Ordinis

515 1448 621 1480 sancti
638 1448 818 1491 Anam-lim·
836 1447 1018 1480 interdicto.

647 1559 802 1590 Clemens
823 1559 915 1600 Papa
936 1559 1036 1596 vm,

597 1618 637 1645 Ad
657 1622 833 1652 perpetuam
852 1619 897 1646 rei
917 1618 1098 1646 memoriam.

519 1716 676 1756 Quoniam
712 1726 808 1749 nemo
839 1716 934 1749 debet
962 1715 1022 1749 sibi
1053 1726 1216 1749 assumere

474 1770 649 1810 honorem,
670 1769 731 1802 nisi
761 1774 890 1803 vocatus
915 1779 932 1802 a
955 1769 1020 1802 Dco
1050 1774 1214 1812 tamquam

476 1822 597 1863 Araon,
621 1828 651 1856 et
671 1833 689 1855 a
709 1822 866 1865 regularis
887 1822 968 1855 vitae
990 1822 1134 1856 instituto
1151 1823 1216 1856 val-

476 1876 515 1910 de
535 1876 676 1910 alienum
694 1881 741 1909 est
761 1881 795 1908 ut
815 1876 956 1918 religiosi
970 1875 1028 1909 viri
1046 1876 1140 1920 (quos
1160 1876 1218 1910 ho-

475 1941 593 1964 norum
623 1936 654 1964 et
678 1930 871 1973 dignitatum
905 1930 1024 1972 gradus
1050 1930 1217 1964 sanctitate

475 1983 558 2017 vitae
579 1994 615 2017 ac
635 1984 705 2017 aliis
732 1983 891 2026 religiosis
915 1983 1086 2016 virtutibus
1111 1983 1218 2027 potius

475 2037 655 2081 promereri
669 2048 764 2081 quam
777 2043 940 2081 appetere,
957 2047 1076 2081 eosque
1090 2038 1218 2079 gradus,

477 2101 549 2124 cum
564 2091 603 2124 ad
616 2101 671 2124 eos
683 2095 900 2130 assumuntur,
916 2089 1104 2123 obedienter
1123 2090 1219 2123 susci-

476 2155 564 2188 pere,
585 2150 815 2188 susceptosque
836 2143 1002 2176 humiliter
1019 2143 1220 2177 administra-

477 2209 512 2232 re
541 2198 658 2241 decet),
683 2196 872 2230 mendicatis
897 2196 1109 2230 saecularium
1131 2207 1221 2240 prae-

477 2252 587 2285 sertim
613 2261 825 2295 personarum
850 2250 963 2283 studiis
978 2277 985 2290 ‚
1008 2250 1049 2283 ad
1080 2260 1134 2283 eos
1158 2250 1218 2283 sibi

476 2305 600 2338 aditum
622 2304 802 2348 patefacere
821 2304 1028 2344 contendant,
1048 2303 1134 2336 unde
1151 2314 1218 2336 ma-

477 2369 539 2401 gna
560 2358 591 2391 in
609 2357 746 2391 Ecclesia
769 2357 823 2390 Dei
847 2356 1005 2400 pernicies
1025 2356 1140 2390 adferri
1161 2367 1215 2390 so-

477 2411 540 2444 let:
562 2421 631 2451 nos,
656 2410 710 2454 qui
734 2420 794 2454 pro
815 2409 958 2442 muneris
984 2409 1084 2443 nostri
1111 2409 1219 2443 debito

478 2463 511 2497 in
531 2464 592 2497 hoc
613 2463 817 2507 potissimum
841 2463 990 2496 laborare
1010 2473 1075 2496 non
1097 2462 1219 2496 desisti-

481 2528 551 2550 mus
571 2523 606 2563 qt
626 2516 841 2550 ecclesiastica
870 2516 1092 2560 regularisque
1117 2516 1217 2549 disci-

480 2571 571 2614 plina
590 2570 726 2614 pristino
747 2569 880 2603 candori
910 2569 1118 2611 restituatur,
1145 2570 1220 2603 huic

482 2624 566 2656 malo
596 2629 817 2667 opportunum
849 2623 1029 2657 remedium
1058 2623 1217 2656 adhiben-

484 2677 558 2710 dum
581 2676 775 2710 censuimus,

1242 383 1315 416 dam
1337 383 1369 415 in
1386 382 1505 416 Ordine
1521 382 1735 415 Eremitarum
1752 383 1853 416 sancti
1870 383 1980 426 Augu÷

1240 436 1326 476 stini,
1350 435 1555 479 professionis
1576 440 1608 468 et
1624 435 1768 478 regulae,
1791 445 1887 479 quam
1904 446 1979 480 pro-

1242 489 1313 522 fessi
1333 494 1418 529 sunt,
1438 488 1565 532 penitus
1582 488 1799 529 immemores,
1816 488 1980 533 nimiaque

1242 541 1432 584 dignitatum
1447 546 1478 574 et
1491 540 1674 574 officiorum
1689 541 1979 575 ecclesiasticorum

1242 595 1275 627 in
1293 594 1554 637 dictaReligione
1578 595 1880 638 consequendorum
1906 605 1977 628 am-

1243 647 1365 681 bitione
1390 647 1488 688 ducti,
1516 658 1576 691 pro
1603 647 1640 681 iis
1665 647 1911 692 consequendis,
1931 659 1982 682 ec-

1243 699 1496 733 clesiasticorum
1518 705 1548 733 et
1564 700 1778 734 saecularium
1798 700 1981 745 principum

1243 753 1349 787 studia
1368 753 1554 797 requirant,
1578 759 1610 787 et
1629 764 1647 787 a
1663 759 1794 788 sanctae
1818 754 1984 788 Romanae

1244 806 1403 840 Ecclesiae
1424 806 1643 840 cardinalibus
1670 806 1805 851 aliisque
1831 807 1983 851 praelatis

1245 860 1526 894 commendatitias
1539 861 1672 902 litteras,
1696 860 1841 905 aliosque
1861 860 1984 894 favores

1245 919 1275 947 et
1306 913 1424 956 gratias
1458 919 1632 958 propterea
1666 918 1838 958 expetant,
1867 913 1985 958 quihus

1245 967 1357 1008 adiuti,
1385 978 1466 1011 quos
1491 967 1551 1011 ipsi
1573 978 1609 1001 ex
1629 978 1661 1001 se
1681 967 1901 1012 promeruisse
1924 966 1985 1000 mi-

1244 1020 1331 1053 nime
1352 1020 1530 1061 confidunt,
1556 1021 1674 1064 gradus
1695 1025 1726 1054 et
1754 1019 1926 1063 dignitates
1951 1019 1985 1053 in

1245 1074 1357 1107 eadem
1369 1074 1536 1117 Religione
1554 1075 1706 1119 consequi
1726 1075 1862 1115 valeant3
1878 1073 1988 1118 sicque

1245 1128 1389 1161 eiusdem
1406 1127 1582 1171 Religionis
1595 1128 1748 1172 quietem,
1758 1137 1824 1161 non
1840 1127 1909 1161 sine
1921 1126 1986 1160 ani-

1246 1191 1371 1214 marum
1393 1191 1523 1214 suarum
1544 1181 1701 1225 periculo,
1720 1180 1922 1226 perturbant;

1291 1235 1307 1275 ξ
1326 1233 1356 1266 2.
1376 1234 1440 1267 Nos
1457 1234 1577 1267 malum
1598 1233 1660 1267 hoc
1679 1234 1719 1266 ab
1739 1233 1854 1267 eodem
1867 1233 2009 1297 Ordinet
2036 1235 2227 1298 ροεὲμιωιι--Ῐᾎ

2011 1282 2033 1297 ra
2043 1282 2076 1297 am
2094 1282 2127 1298 ten
2136 1282 2165 1298 es.
2188 1291 2227 1316 u„

1246 1292 1275 1319 et
1297 1286 1465 1329 Religione
1480 1314 1487 1327 ,
1511 1287 1601 1320 euius
1625 1297 1817 1331 prosperum
1841 1286 1987 1329 regimen

1247 1345 1278 1373 et
1294 1340 1531 1373 incrementum
1549 1341 1589 1373 ad
1605 1340 1766 1374 Ecclesiae
1777 1345 1906 1373 sanctae
1921 1339 1986 1373 uti-

1247 1393 1367 1427 litatem
1383 1393 1516 1427 sinceris
1529 1399 1717 1437 exoptamus
1735 1393 1912 1434 affectibus,
1929 1403 1988 1438 pro

1247 1449 1354 1480 nostra
1386 1447 1539 1490 pastorali
1568 1447 1785 1480 sollieitudine
1805 1447 1991 1491 propellere

1247 1510 1457 1544 summopere
1477 1500 1662 1544 cupientes,
1684 1505 1774 1534 motu
1794 1501 1939 1545 proprio,
1959 1506 1990 1535 et

1248 1563 1286 1586 ex
1305 1556 1392 1586 certa
1414 1555 1524 1586 nostra
1548 1552 1691 1594 scientia,
1712 1564 1749 1592 ac
1773 1554 1813 1588 de
1838 1554 1992 1598 apostoli-

1248 1617 1304 1640 cae
1320 1606 1487 1650 potestatis
1507 1606 1720 1650 plenitudine,
1742 1617 1799 1640 eos
1825 1618 1938 1641 omnes
1961 1614 1992 1642 et

1249 1659 1392 1702 singulos
1417 1660 1529 1693 fratres
1549 1659 1626 1693 dicti
1647 1659 1775 1694 Ordinis
1800 1666 1831 1693 et
1851 1656 1992 1704 Religio—

1249 1711 1297 1745 nis
1311 1711 1542 1756 cuiuscumque
1557 1717 1668 1754 sta-tus,
1685 1713 1814 1755 gradus,
1834 1713 1991 1747 conditio-

1250 1766 1311 1808 nis,
1326 1765 1592 1811 praeminentiae‚
1607 1766 1770 1810 qualitatis
1780 1772 1811 1800 et
1828 1767 1992 1810 dignitatis

1251 1819 1431 1861 existentes,
1443 1820 1497 1863 qui
1516 1820 1556 1853 de
1576 1825 1703 1853 caetero
1721 1821 1760 1854 ad
1777 1821 1989 1865 praelaturas,

1250 1874 1379 1917 gradus,
1402 1874 1553 1916 honores,
1574 1874 1766 1917 dignitates,
1786 1875 1991 1913 administra,—

1252 1928 1365 1969 tiones,
1385 1927 1565 1961 functiones
1586 1932 1618 1961 et
1635 1927 1696 1961 alia
1716 1927 1822 1962 officia
1841 1928 1918 1962 dicti
1935 1929 1992 1963 Or-

1251 1981 1334 2014 dinis
1354 1986 1385 2014 et
1403 1981 1579 2024 Religionis
1599 1982 1798 2026 assequenda
1810 1982 1935 2024 intenti,
1951 1983 1992 2017 ad

1252 2034 1435 2079 principum
1466 2041 1497 2067 et
1524 2035 1764 2079 praelatorum,
1788 2046 1825 2068 ac
1854 2035 1991 2070 aliarum

1253 2097 1534 2132 quarumcumque
1551 2097 1775 2132 personarum,
1800 2093 1863 2122 tarn
1884 2089 1989 2122 eccle-

1251 2141 1449 2175 siasticarum
1464 2151 1562 2186 quam
1576 2141 1801 2184 saecularium,
1815 2142 1856 2175 de
1867 2142 1992 2185 gremio

1256 2195 1360 2229 dictae
1376 2194 1552 2238 Religionis
1571 2204 1637 2228 non
1657 2194 1872 2236 existentium,
1895 2194 1992 2229 etiam

1252 2248 1468 2282 cardinalatus
1488 2248 1624 2288 honore,
1645 2258 1682 2281 ac
1702 2258 1907 2292 quacumque
1922 2258 1992 2282 sae-

1252 2302 1354 2336 culari
1372 2302 1527 2345 dignitate
1547 2307 1578 2335 et
1597 2301 1795 2343 excellentia,
1812 2301 1909 2335 etiam
1930 2302 1992 2335 irn-

1251 2356 1364 2400 periali
1386 2383 1394 2397 ,
1431 2355 1532 2398 regali
1570 2361 1601 2389 et
1635 2355 1742 2388 ducali
1776 2355 1989 2398 fulgentium,

1252 2410 1376 2453 favores
1396 2408 1608 2450 recurrerint3
1625 2409 1673 2442 vel
1686 2408 1782 2441 etiam
1796 2408 1906 2452 pactis,
1923 2410 1993 2453 pol-

1252 2462 1502 2503 licitationibus,
1526 2461 1660 2505 aliisque
1687 2461 1767 2502 viis,
1795 2461 1915 2496 directe
1943 2463 1992 2496 vel

1253 2516 1421 2557 indirecte,
1443 2516 1551 2559 palam
1570 2515 1620 2548 vel
1636 2514 1773 2555 occulte,
1796 2515 1836 2548 ad
1862 2515 1989 2558 praela-

1254 2575 1350 2610 turas,
1377 2569 1512 2612 gradus,
1535 2568 1692 2609 honores,
1720 2567 1902 2610 dignitates,
1930 2568 1990 2602 ad-

1254 2621 1505 2656 ministrationes
1519 2647 1527 2663 ,
1550 2620 1730 2654 functiones
1754 2625 1785 2654 et
1804 2620 1866 2654 alia
1886 2620 1994 2662 officia

1253 2675 1419 2721 praedicta
1436 2674 1612 2708 obtinenda
1622 2673 1846 2719 aspiraverint,
1862 2675 1911 2708 vel
1924 2674 1993 2708 aliis

1994 371 2034 392 dae
2050 372 2176 398 prohibitio-
