2227 3241
61 251 113 279 An.
130 250 157 278 C.
181 250 247 278 1608

104 1380 197 1401 Fami-es
213 1385 247 1400 ex·

61 1407 188 1433 quireutium
196 1412 247 1434 pue-

94 1754 247 1775 Prohibitiouis

63 1781 177 1808 ampliatio.

80 2285 192 2312 Dorogatio
201 2292 249 2308 con-

67 2313 185 2334 uariorum.

905 242 1025 273 Pactus
1049 248 1069 271 v
1094 248 1139 272 Pr.

1683 235 1743 270 511
1794 245 1842 273 An.
1859 243 1887 272 C.
1910 244 1976 272 1608

256 297 346 332 statis
377 297 602 342 plenitudine,
635 296 760 331 dilectis
791 295 865 330 filiis
899 295 1000 340 priori
1034 295 1207 336 indultum,
1239 295 1326 339 quod
1348 294 1514 336 interdici,
1538 293 1702 339 suspendi,
1729 293 1777 327 vel

257 349 422 392 generali,
453 359 491 383 ae
516 347 780 393 provincialibus,
813 353 843 381 et
867 346 1001 391 reliquis

257 401 386 436 Ordinis
410 402 510 436 sancti
530 401 700 445 Augustini
725 401 860 434 fratrum
881 400 1001 434 Eremi-

259 460 364 488 tarum
389 454 552 499 praelatis,
576 463 674 495 nunc,
709 460 740 487 et
766 464 825 498 pro
856 459 1002 497 tempore

258 508 479 549 existentibus,
502 508 535 542 in
559 508 676 542 virtute
701 513 829 542 sanctae
846 507 1001 541 obedien-

259 561 344 603 tiae,
376 572 414 595 ac
441 561 501 595 sub
528 560 870 596 excommunicationis
898 562 1002 604 poena

258 615 329 659 ipso
360 615 445 648 sacto
483 614 692 655 incurrenda‚
715 613 933 658 praecipimus
973 619 1003 647 et

259 661 462 709 mandamus,
482 677 523 701 ne
543 667 584 701 ad
604 667 788 701 instantiam
806 672 852 700 ret
872 666 1003 710 requisi-

260 721 382 756 tionem
396 731 676 766 quarumcumque
693 731 919 765 personarum,
937 725 1001 754 tam

260 776 417 810 laicarum
458 785 555 820 quam
592 774 883 809 ecclesiasticarum
915 780 1003 808 extra

259 829 381 863 dictum
417 829 568 863 Ordinem
602 828 849 862 constitutarum
864 855 872 869 ,
907 827 1002 861 etiam

260 882 478 916 cardinalatus
498 881 633 923 honore,
657 887 689 915 et
708 891 913 925 quacumque
933 891 1003 915 sae-

260 935 362 970 culari
379 935 535 978 dignitate
559 940 590 969 et
615 934 815 974 excellentia,
835 934 931 968 etiam
950 935 1004 968 du-

260 988 332 1030 cali,
350 989 462 1032 regali,
481 994 512 1022 et
529 988 689 1032 imperiali
708 988 910 1031 fulgentium,
935 987 1002 1021 cui-

259 1041 305 1075 vis
325 1041 403 1075 dicti
427 1040 555 1075 Ordinis
574 1041 726 1084 religioso
744 1041 843 1074 ullam
867 1041 1002 1084 gratiam

260 1096 452 1136 concedere,
474 1096 522 1129 vel
546 1106 667 1140 poenas
685 1095 808 1140 aliquas
825 1095 1000 1136 remittere,

260 1161 316 1185 seu
336 1150 473 1194 gradus,
497 1150 648 1191 honores,
676 1149 857 1192 dignitates,
882 1149 1000 1189 officia,

261 1212 292 1239 et
311 1204 616 1245 administrationes,
638 1204 829 1245 functiones,
854 1209 884 1237 et
908 1214 1003 1247 prae-

261 1260 382 1293 laturas
412 1259 554 1293 eiusdem
584 1258 711 1292 Ordinis
744 1259 921 1292 concedere
947 1268 1003 1291 au-

262 1314 369 1348 deant.

307 1370 323 1410 ξ
344 1366 375 1400 Q.
399 1366 549 1407 Quinimo
580 1366 656 1400 dicti
681 1366 808 1400 Ordinis
836 1367 948 1399 iratres
975 1372 1002 1399 et

262 1420 430 1464 religiosos
444 1447 452 1461 ,
476 1420 530 1464 qui
545 1447 552 1461 ,
576 1425 687 1453 contra
709 1420 853 1459 decreta,
876 1420 937 1453 hac
957 1420 1004 1453 ria

262 1480 294 1509 et
313 1474 362 1508 his
383 1474 497 1508 mediis
516 1484 575 1518 per
599 1474 796 1518 conquisitos
824 1475 946 1507 {livores
975 1480 1004 1507 et

261 1527 414 1571 suffragia
433 1527 556 1572 aliquid
587 1527 647 1561 sibi
678 1527 940 1571 procuraverint,
965 1528 1004 1561 ad

262 1582 337 1616 talia
365 1587 396 1616 et
421 1581 537 1615 similia
563 1591 600 1614 ac
629 1581 723 1614 etiam
746 1581 869 1614 maiora
894 1581 925 1613 in
952 1591 1005 1614 eo-

263 1636 336 1669 dem
351 1634 470 1670 Ordine
490 1635 717 1680 consequenda
737 1640 893 1679 perpetuo
912 1634 1004 1668 inha-

262 1689 344 1723 biles
364 1689 576 1723 declaramus.

308 1744 324 1785 ἓ
345 1742 376 1776 3.
399 1743 534 1787 Insuper
559 1742 651 1776 dictis
672 1742 829 1786 religiosis
851 1748 882 1775 et
901 1742 1004 1775 fratri-

262 1797 322 1830 bus
342 1796 488 1830 eiusdem
513 1796 641 1831 Ordinis
661 1797 920 1840 quibuscumque
944 1796 1004 1830 sub

262 1850 383 1884 eisdem
404 1850 517 1895 poenis
542 1849 779 1894 praecipimus,
808 1855 838 1883 et
858 1860 1004 1894 expresse

262 1903 496 1945 interdicimus,
509 1909 544 1937 ut
563 1913 629 1937 non
649 1903 753 1937 solum
768 1903 801 1936 in
821 1903 1004 1947 praemissis

262 1956 413 1990 omnibus
430 1957 555 1990 favores
575 1956 761 1990 huiusmodi
782 1956 915 1989 minime
934 1967 1006 2000 pro-

262 2021 398 2052 curare,
431 2011 487 2044 sed
517 2021 577 2044 nec
609 2010 705 2044 etiam
737 2016 851 2055 sponte
880 2011 1005 2044 oblatos

262 2070 318 2100 aut
336 2065 377 2098 ab
398 2065 443 2099 eis
467 2065 600 2099 minime
629 2071 818 2109 procuratos
846 2065 1001 2109 recipere,

263 2125 294 2153 et
313 2118 460 2153 similiter
479 2129 520 2152 ne
539 2119 579 2152 ad
597 2118 683 2152 hune
703 2118 851 2152 effectum
870 2129 1005 2151 munera

263 2173 371 2218 aliqua
397 2173 570 2218 praedictis
600 2172 747 2217 personis
772 2172 921 2206 exhibere
951 2182 1006 2205 an-

264 2227 362 2261 deant
383 2237 439 2260 seu
459 2233 676 2271 praesumant.

309 2282 326 2323 ἓ
347 2280 377 2314 4.
405 2280 474 2314 Non
500 2280 701 2314 obstantibus
723 2280 1005 2314 constitutionibus

265 2340 296 2368 et
313 2333 572 2368 ordinationibus
586 2333 781 2378 apostolicis,
796 2333 936 2378 dictique
950 2334 1006 2367 Or-

265 2387 348 2421 dinis
374 2388 500 2422 statutis
525 2394 555 2421 et
581 2387 886 2426 consuetudinibus,
910 2387 1004 2420 etiam

265 2441 456 2482 iuramento,
483 2441 730 2475 confirmatione
751 2441 936 2484 apostolica,
959 2441 1004 2473 rel

265 2492 375 2537 quavis
396 2492 548 2526 firmitate
569 2493 629 2525 alia
650 2492 831 2532 roboratis,
855 2491 1004 2525 caeteris-

265 2556 328 2589 que
349 2546 519 2580 contrariis
540 2546 817 2590 quibuscumque:
842 2551 895 2579 aut
916 2546 940 2579 si
961 2545 1005 2578 ei-

266 2599 338 2632 dem
353 2599 478 2641 ordini,
498 2605 528 2633 et
548 2599 699 2633 fratribus
721 2598 902 2643 praedictis,
920 2609 1006 2631 coin—

266 2651 407 2687 muniter
420 2657 474 2687 aut
487 2652 623 2696 dlvisim,
636 2652 675 2687 ab
688 2651 863 2698 apostolica
877 2651 915 2686 sit
927 2651 1006 2686 Sede

1035 349 1306 383 excommunicari
1332 360 1397 383 non
1424 349 1547 394 possint
1573 358 1631 392 per
1654 348 1778 381 litteras

1035 402 1227 446 apostolicas
1247 413 1312 436 non
1333 403 1486 436 facientes
1511 403 1639 447 plenam
1667 407 1697 435 et
1723 411 1777 434 ex-

1034 466 1189 500 pressam,
1213 466 1249 489 ac
1270 457 1309 489 de
1334 457 1430 490 verbo
1451 457 1491 489 ad
1516 456 1649 490 verbum
1671 455 1710 488 de
1730 454 1778 488 in-

1035 509 1126 543 dulto
1154 509 1339 543 huiusmodi
1364 510 1574 543 mentionem.

1080 565 1097 605 g
1123 563 1152 596 5.
1177 564 1331 597 Volumus
1361 570 1487 604 autem,
1512 563 1598 608 quod
1619 572 1774 607 praesen-

1037 616 1115 650 tium
1136 617 1317 651 litterarum
1339 618 1565 662 transumptis,
1594 617 1690 650 etiam
1717 616 1777 649 im-

1035 669 1174 713 pressis,
1210 680 1308 703 manu
1339 671 1474 703 alicuius
1504 669 1622 703 notarii
1657 669 1778 713 publici

1035 723 1243 767 subscriptis,
1278 729 1308 756 et
1335 724 1440 766 sigillo
1466 723 1600 756 alicuius
1621 732 1779 767 personae

1036 776 1068 809 in
1089 776 1244 819 dignitate
1265 777 1477 811 ecclesiastica
1499 777 1689 810 constitutae
1710 786 1780 809 mu-

1035 829 1111 863 nitis
1125 857 1132 871 ‚
1161 830 1272 864 eadem
1294 841 1427 874 prorsus
1449 830 1527 864 tides
1548 830 1668 874 ubique
1689 828 1780 862 adhi-

1036 883 1152 917 heatur
1166 911 1173 924 ‚
1197 894 1279 927 qnae
1306 884 1528 928 praesentibus
1550 883 1776 924 adhiberetur,

1037 937 1062 971 si
1086 938 1191 970 forent
1216 937 1373 971 exhibitae
1396 938 1444 971 vel
1470 943 1626 971 ostensae.

1081 991 1195 1025 Datum
1214 992 1335 1024 Romae
1354 992 1439 1035 apud
1457 997 1602 1024 sanctum
1624 991 1776 1030 Marcum,

1037 1045 1096 1078 sub
1117 1044 1238 1078 annulo
1256 1044 1425 1078 Piscatoris
1443 1045 1494 1078 die
1512 1055 1542 1078 iv
1560 1044 1628 1078 iulii
1646 1054 1779 1087 nncvni,

1038 1097 1244 1142 pontificatus
1264 1098 1365 1132 nostri
1384 1109 1468 1131 anno
1489 1109 1531 1132 iv.

1074 1152 1134 1179 Dat.
1152 1151 1194 1179 die
1211 1152 1228 1178 4
1243 1151 1299 1179 iulii
1315 1152 1396 1185 1608,
1414 1152 1511 1187 pontif.
1533 1160 1577 1180 an.
1595 1160 1629 1180 lv.

1828 571 1978 599 Transumpto-

1793 604 1837 619 rum
1852 598 1911 620 fides.

1376 1285 1449 1318 ClX.

1040 1365 1261 1408 Confirmatio*
1278 1367 1391 1398 erectio
1409 1365 1538 1409 collessii
1555 1366 1731 1407 doctorum,
1753 1371 1781 1399 et

1085 1419 1296 1451 bibliothecae
1316 1419 1563 1459 Amores-ianae,
1585 1429 1708 1452 necnon
1727 1429 1782 1452 sex

1082 1472 1367 1516 cappellamiarum
1394 1483 1451 1516 pei·
1475 1472 1679 1505 cardinalem
1704 1473 1781 1505 Fri-

1082 1526 1227 1558 ‹tei-icum
1247 1526 1481 1558 Borromttcttm
1513 1526 1547 1558 ιή
1567 1526 1697 1559 eccles-iti
1718 1537 1782 1559 me-

1083 1579 1281 1623 lropole'tami
1315 1579 1553 1612 ilIetle'olaneust'
1581 1584 1780 1614 erectarum.-

1084 1632 1239 1676 titulique
1264 1632 1420 1665 nonnulli
1448 1632 1628 1666 doctoribus
1650 1633 1781 1677 praedi-

1082 1688 1141 1721 ctis
1166 1687 1415 1721 eoneeduntm'.
1578 1692 1584 1697 “

1256 1786 1368 1813 Paulus
1389 1786 1562 1820 Episcopus,

1230 1838 1336 1858 servus
1353 1838 1506 1858 servorum
1522 1830 1572 1858 Dei
1583 1853 1590 1865 ‚

1163 1875 1199 1903 ad
1219 1879 1396 1910 perpetuam
1416 1875 1460 1903 rei
1480 1875 1660 1903 memoriam.

1079 1957 1236 1991 Creditam
1252 1956 1344 1990 nobis
1359 1956 1525 1990 militantis
1538 1956 1698 1991 Ecclesiae
1712 1968 1782 2001 pro-
1824 1977 1966 1998 mmmmm,

1039 2010 1236 2051 x‘identianff,
1257 2009 1469 2043 eoadiurante
1490 2010 1637 2051 Domino,
1661 2010 1782 2044 utiliter

1039 2064 1152 2108 exequi
1173 2064 1355 2107 cupientes,
1380 2074 1416 2097 ac
1441 2064 1538 2097 etiam
1569 2064 1677 2097 animo
1699 2075 1778 2098 con-

1041 2118 1229 2161 templantes
1249 2117 1456 2150 suavissimos
1474 2124 1568 2162 atque
1588 2118 1702 2151 uberes
1720 2119 1782 2151 sru-

1040 2176 1119 2209 etus,
1143 2180 1223 2214 quos
1244 2169 1301 2203 viri
1324 2170 1503 2203 litterarum
1532 2170 1664 2204 seientia
1691 2182 1782 2215 prae-

1040 2223 1096 2257 ‹liti
1126 2223 1157 2256 in
1183 2234 1259 2266 agro
1284 2223 1411 2257 Domini
1438 2224 1468 2256 in
1490 2224 1556 2257 (lies
1583 2224 1778 2268 producunt.

1040 2288 1088 2315 ea,
1112 2287 1193 2320 quae
1224 2288 1283 2320 pro
1308 2277 1518 2319 collegiorum
1553 2278 1684 2317 selectu,
1708 2288 1781 2310 ern-

1040 2330 1180 2363 ditoruni
1204 2330 1343 2363 virorum
1377 2330 1581 2370 huiusmodi,
1611 2336 1641 2363 et
1666 2330 1781 2363 biblio-

1041 2383 1203 2417 thecartnn
1240 2384 1279 2417 ad
1311 2384 1475 2428 publicum
1510 2384 1718 2417 (ominemini
1753 2389 1782 2416 et

1041 2437 1209 2471 utilitatem
1224 2438 1467 2482 propagatione,
1481 2449 1552 2471 vum
1567 2438 1663 2471 divini
1679 2438 1782 2471 cultu>-

1079 2528 1086 2553 1
1112 2525 1147 2553 Ex
1165 2526 1272 2560 Regest.
1291 2527 1315 2553 in
1332 2527 1432 2553 Serret.
1453 2527 1528 2553 ltrev.

1075 2570 1091 2597 ἐξ
1119 2571 1286 2598 conserenda
1302 2576 1342 2598 ost
1358 2580 1416 2598 enni
1432 2571 1481 2598 ista
1505 2571 1584 2597 eliani
1602 2571 1654 2597 alia
1671 2571 1746 2597 Pauli
1765 2571 1783 2596 V

1040 2615 1151 2643 Constit.
1171 2624 1229 2650 xxx,
1251 2625 1330 2652 quain
1351 2624 1431 2652 snpra
1452 2616 1535 2643 habes
1556 2624 1615 2652 pag.
1629 2616 1680 2643 ⁸279
1702 2615 1782 2643 liuius

1041 2660 1141 2689 volum.
1157 2662 1195 2696 (n.
1213 2662 1260 2696 τ.).
