2227 3241
253 284 300 310 An.
319 284 346 311 C.
369 283 436 311 1608

291 489 402 510 Conce<sto
411 489 436 509 ile

251 522 292 542 qua
309 517 328 536 in
344 517 435 536 rubrica.

482 273 546 308 532

453 331 619 364 humiliter
643 329 817 375 supplicari
845 331 956 371 fecisti,
981 336 1014 364 ut
1038 336 1192 374 opportu-

452 395 525 417 nam
553 384 607 417 tibi
634 384 672 417 ad
699 384 729 417 id
751 384 913 417 licentiam
937 384 975 417 de
996 384 1192 426 benignitate

453 437 626 480 apostoliea
652 438 830 470 concedere
859 438 1077 480 dignaremur.

498 491 513 531 ἕ
536 489 564 522 ΕΖ.
590 490 652 523 Nos
668 490 774 533 igitur,
794 490 991 523 maiestatem
1015 496 1099 523 tuam
1121 500 1191 533 spe-

452 543 540 576 cialis
561 544 683 585 gratiae
709 544 814 577 favore
847 535 998 588 prosequi
1027 544 1188 584 volentes,

451 602 480 629 et
498 607 515 629 a
541 597 704 642 quibusvis
732 598 1093 638 excommunicationis,
1117 608 1192 635 sus-A

451 650 614 692 pensionis
629 657 658 684 et
680 651 852 691 interdicti,
873 651 1006 695 aliisque
1028 651 1191 684 ecelesias-

451 703 521 736 ticis
537 704 714 745 sententiis,
739 704 881 738 censuris
895 710 925 738 et
945 705 1069 748 poenis,
1087 715 1104 737 a
1121 704 1191 737 iure

449 756 496 788 vel
511 756 549 789 ab
564 757 707 797 homine,
725 758 835 802 quavis
850 757 1017 791 occasione
1030 758 1078 790 vel
1097 760 1191 791 causa

450 810 542 849 latis,
567 810 591 842 si
617 811 734 854 quibus
766 811 1010 855 quomodolibet
1040 811 1191 844 innodata

450 863 563 903 existit,
588 864 626 897 ad
648 864 796 898 effectum
824 865 1043 908 praesentium
1065 865 1191 897 dumta-

450 922 502 948 xat
529 918 805 961 consequendum,
831 919 944 952 barum
971 919 1053 952 serie
1084 918 1190 951 absol-

449 975 558 1002 ventes
579 977 609 1002 et
630 971 812 1004 absolutum
841 972 907 1004 sore
936 977 1113 1011 censentes,
1134 971 1192 1003 bu-

450 1022 589 1056 iusmodi
610 1024 899 1068 supplicationibus
917 1025 1071 1065 inclinati,
1087 1025 1189 1058 eidem

450 1076 607 1109 maiestati
631 1083 723 1118 tuae,
744 1088 842 1122 super
867 1078 958 1111 dictis
979 1078 1072 1111 bonis
1096 1077 1192 1110 stabi-

450 1128 532 1162 libus
554 1130 649 1162 trium
672 1141 855 1164 mensarum
878 1131 1110 1174 magistralium
1138 1131 1190 1163 Mi-

449 1181 590 1216 litiarum
612 1184 712 1217 sancti
734 1185 851 1224 lacobi,
869 1186 907 1218 de
926 1185 1089 1219 Calatrava
1110 1185 1191 1218 etde

449 1235 619 1269 Alcantara
636 1237 874 1280 praedictarum
896 1238 1091 1282 ubicumque
1113 1238 1192 1275 exis-

450 1290 601 1329 tentibus,
621 1301 722 1324 unum
743 1292 789 1325 vel
811 1292 919 1336 plures
937 1303 1062 1326 annuos
1079 1302 1192 1325 census

450 1343 649 1377 redimibiles
663 1354 822 1377 summam
842 1351 968 1378 centum
986 1345 1122 1378 millium
1138 1345 1193 1378 du-

450 1401 594 1429 catorum
614 1398 712 1430 annui
737 1398 883 1431 redditus
904 1398 1033 1431 insimul
1054 1408 1117 1431 nou
1141 1408 1191 1431 cx-

450 1450 610 1491 cedentes,
631 1451 748 1484 valoris
770 1451 871 1486 vicies>
886 1457 1094 1485 centenorum
1118 1452 1190 1484 rnil-

450 1503 527 1535 lium
550 1504 740 1538 ducatorum
762 1505 916 1538 similium
936 1505 967 1538 in
982 1504 1188 1549 proprietate,

449 1557 547 1590 semel
573 1558 620 1591 vel
646 1558 822 1592 successive
848 1569 884 1592 ac
909 1558 1041 1592 diversis
1068 1564 1191 1603 tempo-

450 1610 538 1643 ribus
563 1611 777 1645 constituendi
803 1617 834 1645 et
860 1612 1068 1656 imponendi,
1097 1619 1124 1645 et
1147 1612 1191 1646 sic

451 1663 640 1697 constitutos
661 1670 691 1697 et
709 1664 877 1708 impositos
894 1665 949 1698 uni
970 1676 1025 1698 seu
1045 1665 1192 1709 pluribus

451 1723 481 1750 et
505 1717 763 1762 quibuscumque
795 1718 963 1762 personis,
996 1724 1059 1751 tam
1088 1719 1191 1752 eccle-

449 1770 585 1804 siasticis
617 1782 821 1816 quacumque
849 1772 1004 1815 dignitate
1030 1779 1058 1805 et
1084 1778 1190 1805 aucto·

451 1823 544 1856 ritate
577 1824 805 1867 fungentibus,
829 1835 925 1868 qnam
952 1825 1189 1865 saecularibus,

450 1877 544 1910 etiam
573 1878 876 1918 communitatibus,
905 1879 1189 1918 universitatibus,

450 1930 604 1973 collegiis,
625 1931 785 1975 capitulis,
807 1931 1018 1965 conventibus
1036 1932 1083 1964 vel
1101 1932 1189 1971 locis,

450 1984 490 2017 ad
504 1984 661 2018 rationem
676 1985 819 2029 quinque
833 1996 893 2029 pro
907 1985 1103 2026 centenario,
1120 1996 1192 2019 ven-

451 2038 567 2078 dendi,
586 2039 795 2084 pretiumque
815 2049 871 2072 seu
896 2039 999 2083 pretia
1025 2039 1099 2073 inde
1119 2049 1194 2083 pro-

450 2092 610 2126 venientia
637 2100 695 2136 per
726 2099 776 2133 te,
800 2093 847 2126 vel
873 2093 995 2133 alium,
1019 2104 1075 2126 seu
1100 2093 1190 2135 alios,

451 2145 608 2188 exigendi,
632 2146 821 2190 recipiendi,
845 2157 902 2179 seu
927 2146 1085 2190 recepisse
1111 2157 1190 2180 con-

450 2198 561 2232 fitendi
577 2226 584 2240 ,
619 2199 762 2243 illudque
787 2200 834 2233 vel
861 2200 914 2232 illa
945 2199 977 2233 in
1001 2200 1192 2234 solutionem

451 2251 633 2285 debitorum
657 2257 785 2285 tuorum
808 2252 1039 2293 convertendi,
1068 2263 1193 2286 necnon

451 2305 524 2348 (pro
539 2304 696 2338 evictione
715 2305 898 2348 etlegitima
913 2303 1194 2339 defensione'een-

449 2368 566 2399 suum,
597 2363 633 2394 ut
659 2359 839 2402 praefertur
873 2358 1190 2400 constituendorum,

453 2411 703 2455 fructuumque,
725 2416 756 2444 et
780 2412 1076 2445 emolumentorum
1099 2423 1192 2446 occa-

451 2464 541 2498 sione
574 2465 704 2498 illorum
740 2475 800 2509 pro
835 2470 980 2509 tempore
1009 2467 1191 2500 debitorum

450 2518 610 2552 solutione
630 2519 785 2560 facienda,
806 2529 842 2553 ac
862 2522 1018 2563 perpetua
1040 2525 1069 2553 et
1094 2520 1194 2553 invio-

451 2571 539 2604 labili
571 2572 715 2605 omnium
742 2578 773 2606 et
796 2571 996 2615 singulorum
1021 2573 1052 2606 in
1073 2573 1192 2607 instru-

452 2632 560 2660 mento
591 2637 647 2660 seu
673 2627 893 2661 instrumentis
925 2628 1064 2671 desuper
1092 2628 1193 2662 conii-

1033 283 1215 307 BULLARIUM
1236 283 1390 308 ROMANUM

1227 330 1309 364 dicta
1341 331 1425 364 bona
1453 331 1596 372 stabilia,
1623 331 1717 364 etiam
1751 331 1781 364 in
1813 331 1962 375 ampliori

1226 383 1327 416 forma
1357 383 1509 417 Gamerae
1535 384 1746 428 Apostolicae‚
1775 395 1846 417 cum
1873 384 1961 418 iura-

1227 442 1357 476 mento,
1385 437 1634 480 procuratione,
1661 437 1906 478 constitutione,
1934 443 1965 470 et

1226 489 1295 522 aliis
1316 489 1347 522 in
1364 490 1522 523 similibus
1543 490 1660 534 apponi
1678 490 1779 523 solitis
1807 495 1837 523 et
1857 500 1965 524 neces-

1226 543 1329 583 sariis,
1357 544 1522 586 obligandi
1547 549 1577 577 et
1597 543 1845 588 hypothecandi,
1864 553 1900 576 ac
1917 543 1965 576 in-

1225 601 1403 630 strumenta
1435 597 1572 641 desuper
1604 602 1786 641 opportuna
1813 596 1964 640 stipulata

1225 649 1482 694 quibuscumque
1516 650 1784 694 promissionibus
1813 655 1842 683 et
1871 650 1961 684 clau-

1224 702 1301 735 sulis
1327 703 1357 735 in
1385 703 1544 737 similibus
1573 704 1691 748 apponi
1721 703 1822 737 solitis
1849 703 1965 736 vallata

1226 755 1422 797 celebrandi,
1444 757 1616 800 stipulandi
1633 762 1663 790 et
1675 756 1850 798 obligandi,
1867 756 1965 790 licen-

1227 808 1301 841 tiam
1329 815 1359 842 et
1388 810 1591 851 facultatem,
1623 810 1797 854 apostolica
1819 809 1962 843 auctori-

1227 867 1299 902 tate,
1325 868 1434 896 tenore
1461 863 1694 907 praesentium,
1716 863 1922 897 concedimus
1935 869 1966 897 et

1226 915 1440 958 indulgemus.

1271 971 1286 1011 ξ
1309 970 1338 1002 3.
1364 971 1432 1004 Non
1458 971 1596 1005 obstanti
1621 969 1812 1005 recolendae
1837 980 1962 1004 memo-

1225 1022 1290 1055 riae
1304 1023 1392 1056 Pauli
1407 1024 1510 1068 Papae
1524 1025 1559 1065 ll,
1576 1025 1832 1068 praedecessoris
1849 1024 1962 1065 nostri,

1226 1076 1265 1109 de
1285 1076 1380 1109 rebus
1401 1078 1554 1111 ecclesiae
1580 1088 1643 1111 non
1665 1078 1853 1119 alienandis,
1875 1078 1962 1112 aliis-

1225 1139 1287 1173 que
1308 1130 1492 1173 apostolieis
1521 1131 1802 1165 constitutionibus
1826 1137 1857 1165 et
1877 1131 1966 1165 ordi-

1226 1183 1421 1224 nationibus,
1446 1195 1570 1218 necnon
1590 1185 1748 1218 dictarum
1767 1184 1963 1226 Militiarum‚

1226 1235 1320 1269 etiam
1347 1237 1540 1276 iuramento,
1565 1237 1811 1272 confirmatione
1835 1243 1965 1282 aposto-

1226 1288 1303 1331 lica,
1323 1289 1370 1322 vel
1398 1290 1509 1334 quavis
1538 1291 1690 1325 firmitate
1711 1291 1773 1324 alia
1792 1291 1963 1332 roboratis,

1225 1342 1349 1376 statutis
1367 1349 1395 1376 et
1415 1344 1712 1386 consuetudinibus,
1729 1344 1963 1385 stabilimentis,

1225 1395 1335 1429 usibus
1356 1402 1384 1430 et
1411 1397 1544 1439 naturis,
1564 1397 1738 1442 privilegiis
1758 1408 1899 1442 quoque,
1919 1397 1968 1432 in-

1226 1449 1322 1482 dultis
1347 1455 1377 1483 et
1401 1449 1513 1484 litteris
1538 1451 1731 1495 apostolicis,
1750 1451 1870 1485 eisdem
1890 1451 1968 1485 Miti-

1227 1501 1287 1541 tiis,
1304 1503 1498 1548 illarumque
1517 1515 1634 1548 magno
1648 1505 1812 1548 magistro,
1830 1515 1967 1538 conven-

1227 1555 1310 1589 tibus
1330 1561 1360 1589 et
1380 1557 1540 1599 fratribus,
1564 1559 1623 1591 sub
1644 1558 1902 1602 quibuscumque
1924 1563 1968 1592 te-

1225 1609 1359 1643 noribus
1373 1616 1404 1644 et
1418 1611 1537 1652 formis,
1551 1622 1586 1645 ac
1606 1623 1677 1646 cum
1693 1612 1857 1656 quibusvis
1871 1611 1966 1646 etiam

1227 1663 1506 1706 derogatoriarum
1529 1665 1753 1708 derogatoriis,
1771 1665 1905 1710 aliisque
1922 1666 1968 1699 ef-

1226 1716 1431 1751 ficacioribus
1451 1723 1483 1751 et
1507 1718 1644 1752 insolitis
1671 1718 1840 1760 clausulis,
1864 1729 1901 1752 ae
1925 1718 1968 1751 ir-

1231 1770 1401 1804 ritantibus
1425 1777 1455 1805 et
1475 1772 1544 1805 aliis
1564 1772 1712 1813 decretis,
1733 1771 1764 1805 in
1784 1782 1901 1815 genere
1918 1772 1967 1805 vel

1228 1823 1258 1856 in
1276 1824 1394 1867 speeie,
1411 1835 1447 1858 ac
1476 1825 1554 1859 alias
1584 1825 1614 1859 in
1644 1825 1841 1859 contrarium
1867 1836 1964 1870 prae-

1228 1877 1399 1911 missorum
1422 1879 1516 1912 etiam
1545 1879 1665 1923 pluries
1686 1879 1846 1914 concessis
1861 1907 1868 1920 ‚
1891 1889 1968 1913 con-

1228 1931 1376 1973 firmatis,
1395 1933 1581 1977 approbatis
1603 1938 1634 1966 et
1654 1932 1822 1967 innovatis.
1845 1932 1966 1972 Quibus

1228 1986 1378 2020 omnibus
1397 1992 1425 2020 et
1450 1987 1594 2030 singulis,
1619 1986 1742 2020 etiamsi
1763 1987 1802 2020 de
1827 1986 1888 2020 illis
1912 1996 1968 2020 eo-

1229 2050 1366 2085 rumque
1398 2040 1471 2074 totis
1505 2041 1668 2074 tenoribus
1699 2040 1868 2085 specialis,
1896 2051 1967 2085 spe-

1228 2093 1329 2135 cifica,
1354 2104 1502 2138 expressa
1523 2100 1553 2128 et
1574 2093 1737 2128 individua
1754 2104 1790 2127 ac
1810 2093 1849 2127 de
1868 2093 1966 2127 verbo

1228 2147 1267 2180 ad
1289 2146 1432 2187 verbum,
1449 2157 1514 2180 non
1535 2153 1641 2180 autern
1659 2157 1717 2192 per
1737 2147 1898 2181 clausulas
1914 2156 1968 2190 ge-

1229 2201 1352 2234 nerales
1382 2200 1466 2234 idem
1498 2200 1731 2245 imponantes,
1764 2200 1883 2234 mentio
1911 2210 1967 2234 seu

1228 2254 1358 2298 quaevis
1378 2254 1438 2287 alia
1458 2254 1620 2298 expressio
1633 2254 1782 2288 habenda
1795 2258 1849 2287 aut
1861 2253 1968 2298 aliqua

1228 2307 1289 2340 alia
1306 2307 1462 2351 exquisita
1482 2307 1586 2340 forma
1606 2307 1645 2340 ad
1663 2307 1724 2340 hoc
1749 2306 1906 2341 servanda
1923 2306 1970 2339 so-

1228 2365 1286 2401 ret,
1307 2370 1418 2394 eorum
1435 2366 1578 2401 tenores,
1603 2371 1639 2394 ac
1659 2360 1684 2394 si
1705 2360 1744 2394 ad
1764 2359 1896 2393 verbum
1917 2370 1970 2393 ex-

1227 2413 1446 2457 primerentur
1470 2419 1500 2447 et
1525 2413 1762 2454 insererentur,
1790 2411 1969 2457 praesenti-

1228 2467 1286 2500 bus
1311 2477 1370 2510 pro
1403 2467 1497 2511 plene
1530 2471 1560 2500 et
1591 2465 1788 2500 sufficienter
1813 2465 1968 2510 expressis

1228 2525 1257 2553 et
1279 2520 1318 2553 ad
1339 2520 1470 2553 verbum
1493 2519 1619 2553 insertis
1633 2519 1799 2559 habentes,
1816 2518 1878 2552 illis
1891 2518 1968 2552 alias

1228 2574 1258 2606 in
1269 2573 1452 2607 suorobore
1469 2573 1698 2617 permansuris,
1716 2573 1775 2607 hac
1788 2572 1856 2607 vice
1873 2573 1967 2607 dum-

1229 2632 1312 2661 taxat
1331 2626 1512 2671 specialiter
1533 2631 1564 2660 et
1584 2636 1730 2671 expresse
1751 2627 1963 2669 derogatum,

452 2680 571 2713 ciendis
608 2681 904 2724 promittendorum
940 2681 1191 2726 observatione)
1227 2680 1424 2724 caeterisque
1443 2679 1612 2714 contrariis
1632 2679 1906 2724 quibuscumque.

1995 979 2107 1011 Dei-offano
2115 980 2162 1004 eon-¹

1980 1010 2098 1028 uariorum.
2156 1010 2163 1014 “
