2227 3241
271 290 319 314 An.
341 289 368 316 c.
389 290 449 316 tsstt
501 281 564 314 662

292 2256 350 2276 Facti
361 2257 433 2277 series.

470 346 530 371 teni
562 349 619 382 per
643 338 800 371 clausulas
829 338 994 380 generales
1026 339 1108 372 idem
1140 339 1201 372 im-

468 397 643 434 ponantes,
663 391 783 424 mentio
801 390 947 424 habenda
965 397 1055 433 esset,
1079 398 1205 426 tenores

467 443 649 477 huiusmodi
678 445 898 488 praesentibus
926 456 984 489 pro
1010 445 1206 480 sufficienter

466 497 619 541 expressis
637 503 667 530 et
686 499 723 530 ad
743 498 872 531 verbum
896 499 1020 532 insertis
1038 499 1203 541 habentes,

467 550 527 582 illis
546 551 622 584 alias
640 551 670 584 in
689 562 746 585 suo
764 552 879 585 robore
897 553 1124 596 permansuris,
1146 553 1205 586 1130

466 603 531 636 vice
549 603 710 637 dumtaxat
733 605 913 649 specialiter
931 612 960 639 et
980 617 1126 650 expresse
1144 608 1201 640 de—

465 667 631 699 rogamus,
660 658 858 703 caeterisque
879 660 1049 694 contrariis
1066 661 1200 704 quibus-

464 721 618 755 cumque;
638 718 690 744 aut
710 712 734 744 si
752 712 958 757 presbyteris,
979 713 1025 746 vel
1040 714 1204 757 quibusvis

465 763 546 804 aliis,
572 765 789 798 communiter
809 772 863 799 aut
883 766 1020 807 divisim,
1037 767 1075 800 ab
1090 768 1201 801 eadem

463 816 499 849 sit
521 817 602 850 Sede
629 818 807 859 indultum,
836 820 920 863 quod
948 820 1111 861 interdici,
1135 831 1203 854 sus-

463 870 582 913 pendi,
610 871 658 903 vel
686 873 957 906 excommunicari
988 883 1050 906 non
1082 874 1200 918 possint

463 934 520 967 per
537 923 658 957 litteras
675 926 865 969 apostolicas
883 936 947 959 non
969 927 1119 960 facientes
1140 928 1204 972 ple-

464 987 535 1010 nam
551 983 578 1011 et
595 989 775 1022 expressam
791 991 826 1013 ac
841 981 879 1013 de
893 981 991 1014 verbo
1005 981 1044 1014 ad
1066 982 1200 1015 verbum

463 1031 501 1064 de
527 1031 651 1065 indulto
672 1033 856 1067 huiusmodi
884 1035 1092 1068 mentionem.

453 1111 458 1115 .
505 1085 618 1119 Datum
645 1087 764 1120 Romae
790 1089 874 1131 apud
904 1088 934 1121 S.
966 1089 1115 1130 Petrum,
1144 1089 1201 1121 suh

462 1139 581 1172 annulo
599 1139 766 1173 piscatoris
781 1140 830 1174 1110
844 1151 887 1174 vn
906 1141 1085 1175 decembris
1103 1151 1198 1183 11111011,

463 1192 666 1235 pontificatus
687 1195 785 1228 nostri
807 1206 892 1228 anno
914 1206 955 1229 vl.

498 1255 557 1283 Dat.
575 1256 617 1284 die
635 1257 647 1284 7
664 1257 816 1286 decembris
834 1259 911 1294 1610,
927 1259 1021 1294 pontif.
1041 1268 1083 1287 an.
1102 1267 1137 1287 vt.

773 1446 893 1479 CLXIX.

465 1567 674 1609 Confirmatio
695 1569 883 1602 concordiae
903 1572 987 1603 inter
1002 1575 1156 1604 rectorem
1173 1576 1201 1604 et

506 1619 672 1664 deputatos
696 1622 920 1655 um‘versitatis
944 1623 1047 1656 studii
1070 1634 1202 1667 qenera-

507 1673 548 1705 lis
571 1673 814 1708 colimbriensis
835 1687 873 1708 ex
890 1678 954 1709 um?
971 1705 978 1717 ‚
1002 1682 1029 1710 et
1050 1682 1200 1710 rectorem

506 1730 533 1758 ct
555 1728 756 1771 presbyteros
784 1729 913 1772 colleqii
936 1730 1103 1763 Societatis
1130 1731 1201 1764 Iesu

505 1781 601 1812 etiam
630 1781 869 1815 Colimbrv'ensz‘s
901 1793 938 1814 ex
966 1783 1070 1816 (111ονιί
1097 1785 1202 1827 [111νίιῖ-

507 1832 578 1873 bus,
609 1845 667 1877 per
697 1845 796 1878 quam
828 1846 866 1867 eoe
893 1835 1073 1868 redditibus
1097 1836 1202 1869 dictae

505 1887 730 1920 universitatis
751 1889 965 1932 assv'ynantur
983 1890 1104 1932 viqz'nli
1124 1890 1200 1922 mil-

508 1939 555 1972 lia
570 1945 734 1974 scutorum
756 1952 815 1985 pro
838 1942 1064 1975 restaurandis
1084 1943 1201 1976 scholis

507 1992 587 2026 dicti
606 1994 764 2038 colleqii¹.

687 2112 797 2139 Paulus
824 2112 902 2146 Papa
925 2113 960 2147 V,

605 2165 640 2192 ad
660 2165 791 2192 futuram
812 2166 856 2193 rei
878 2167 1046 2194 memoriam

507 2264 522 2304 ς
545 2261 574 2294 1,
600 2261 719 2305 Exponi
741 2263 833 2295 nobis
854 2274 957 2307 nuper
982 2264 1123 2297 fecerunt
1151 2265 1198 2297 di-

462 2315 534 2348 lecti
560 2314 616 2347 filii
648 2321 773 2355 rector,
806 2316 963 2357 lectores,
994 2318 1136 2361 deputati
1169 2325 1199 2351 01

462 2369 633 2401 consiliarii
667 2369 877 2402 universitatis
911 2371 1005 2403 studii
1041 2372 1198 2414 generalis

461 2422 710 2462 Colitnl)riensis‚
731 2423 943 2464 etrectoi'es2,
971 2425 1144 2469 presbyteri
1169 2432 1195 2459 01

461 2476 657 2519 professores
678 2477 802 2519 collegii
828 2477 994 2510 Soc-,letaris
1011 2479 1079 2511 lesu
1103 2479 1196 2512 ctiam

462 2528 714 2570 Colimbriensis,
738 2530 836 2574 quod,
861 2541 931 2563 cum
955 2531 1030 2564 alias
1055 2531 1198 2565 charissi-

463 2592 532 2615 mus
563 2583 594 2615 in
626 2583 749 2617 Christo
781 2583 864 2617 [ilius
896 2590 1004 2617 noster
1036 2584 1199 2629 Philippus

500 2654 509 2678 1
535 2652 571 2679 Ex
591 2658 688 2689 regest.
711 2654 736 2680 in
757 2654 854 2682 Secret.
879 2654 952 2682 Brev.

499 2697 514 2723 2
534 2698 580 2724 Vel
602 2699 688 2733 potius
705 2698 847 2733 legendum
861 2702 954 2728 rector
969 2700 1006 2733 (n.
1022 2706 1056 2730 T).

1051 291 1233 316 anLAmUM
1253 292 1406 317 ROMANUM

1238 340 1463 384 Hispaniarum
1498 351 1533 374 ac
1565 341 1778 385 Portugalliae
1804 350 1834 377 et
1860 345 1977 388 Algarr

1238 393 1363 426 biorum
1396 404 1450 427 rex
1475 394 1660 437 catholicus,
1685 403 1848 441 tamquam
1875 398 1978 432 dictae

1238 447 1453 481 universitatis
1472 454 1649 492 protector,
1675 449 1725 484 die
1746 460 1764 484 v
1791 449 1857 483 iulii
1879 461 1978 486 unctv

1239 500 1452 545 praecepisset
1487 501 1580 535 dictis
1612 503 1752 545 rectori,
1779 503 1974 544 lectoribus,

1239 553 1396 597 deputatis
1425 560 1455 587 01
1481 555 1670 589 consiliariis
1691 555 1904 590 universitatis
1924 556 1979 590 hu-

1240 606 1386 649 iusmodi,
1406 613 1439 640 ut
1460 618 1495 641 ex
1514 608 1655 642 eiusdem
1677 609 1890 644 universitatis
1907 610 1978 644 red-

1238 659 1355 694 ditibus
1376 661 1548 705 quotannis
1574 668 1621 695 ter
1641 663 1727 696 mille
1748 669 1848 705 scuta,
1876 674 1977 708 usque

1237 713 1275 746 ad
1307 725 1466 747 summam
1493 715 1602 758 viginti
1628 716 1764 749 millium
1789 722 1973 758 scutorum,

1237 767 1363 808 rectori,
1388 768 1583 813 presbyteris
1603 774 1631 802 et
1655 770 1892 813 professoribus
1912 770 1978 803 col-

1236 820 1309 863 legii
1324 821 1490 864 praedicti,
1508 822 1552 855 uti
1567 823 1719 856 membris
1734 823 1835 857 dictae
1848 824 1976 858 univer-

1237 874 1347 914 sitatis,
1371 875 1410 908 ad
1429 875 1577 908 effectum
1604 876 1791 920 perficiendi
1818 877 1976 922 inceptam

1238 927 1389 960 fabricam
1411 928 1606 971 scholarum,
1629 929 1659 962 in
1678 929 1795 973 quibus
1815 930 1977 975 professo-

1238 992 1287 1014 res
1312 982 1466 1026 praedicti
1493 983 1636 1025 legerent
1659 983 1867 1017 humaniores
1891 984 1975 1017 litte-

1237 1045 1287 1067 ras
1313 1040 1343 1068 et
1367 1041 1451 1069 artes
1470 1035 1630 1077 liberales,
1652 1047 1723 1070 cum
1746 1037 1976 1080 declaratione,

1236 1088 1336 1132 quod,
1355 1089 1379 1121 si
1398 1095 1515 1129 rector,
1537 1089 1710 1134 presbyteri
1730 1096 1761 1124 et
1777 1091 1975 1135 professores

1237 1141 1392 1185 praedicti
1419 1142 1527 1186 aliquo
1553 1148 1700 1187 tempore
1725 1144 1908 1178 desinerent
1925 1145 1973 1178 le-

1236 1205 1311 1237 gere
1336 1195 1456 1229 litteras
1480 1196 1687 1230 humaniores
1707 1202 1737 1230 et
1756 1203 1839 1231 artes
1863 1198 1975 1232 huius-

1237 1248 1323 1281 modi
1360 1254 1390 1282 et
1426 1250 1615 1284 recederent
1649 1261 1666 1283 a
1704 1250 1868 1285 conventis
1901 1261 1974 1285 cum

1236 1302 1320 1335 dicta
1353 1302 1560 1337 universitate
1575 1331 1582 1344 ‚
1613 1309 1688 1337 tunc
1713 1309 1743 1337 et
1767 1314 1805 1338 eo
1830 1315 1906 1338 casu
1930 1304 1975 1338 illi

1236 1361 1424 1390 tenerentur
1450 1357 1617 1391 restituere
1639 1358 1724 1391 dicta
1743 1358 1854 1401 viginti
1875 1358 1976 1392 millia

1235 1416 1346 1451 scuta,
1374 1421 1411 1444 eo
1440 1411 1515 1455 quia
1543 1411 1647 1446 dictae
1671 1412 1800 1445 scholae
1824 1418 1895 1446 sunt
1921 1413 1972 1446 in-

1236 1470 1425 1508 corporatae
1445 1465 1610 1509 praedicto
1632 1466 1778 1508 collegio,
1798 1476 1856 1499 nec
1876 1466 1915 1499 ab
1936 1475 1975 1500 eo

1235 1518 1375 1562 separari
1402 1525 1554 1562 possunt;
1582 1519 1656 1552 dicti
1682 1530 1756 1553 vero
1781 1525 1900 1561 rector,
1928 1520 1974 1554 le-

1236 1578 1357 1612 ctores,
1380 1573 1522 1616 deputati
1552 1579 1582 1606 et
1609 1573 1781 1606 consiliarii
1815 1574 1972 1607 universi-

1236 1625 1307 1658 tatis
1320 1625 1514 1668 huiusmodi⁷
1533 1632 1735 1670 praesentato
1748 1627 1808 1660 sibi
1824 1628 1975 1661 mandato

1237 1679 1399 1721 praedicto
1414 1679 1488 1711 dicti
1510 1679 1647 1723 Philippi
1662 1679 1755 1722 regis,
1781 1679 1824 1712 illi
1847 1680 1973 1714 obtem-

1237 1742 1349 1776 perare
1367 1738 1566 1765 recusassent
1582 1732 1647 1765 sub·
1658 1733 1790 1766 diversis
1807 1734 1975 1777 praetexti-

1237 1785 1306 1825 bus,
1331 1791 1358 1819 et
1381 1785 1551 1829 praecipue
1573 1786 1659 1829 quod
1680 1786 1763 1819 dicta
1783 1786 1974 1821 universitas

1237 1849 1299 1872 non
1328 1839 1496 1871 tenebatur
1520 1844 1716 1880 construere,
1740 1837 1799 1873 nec
1823 1840 1900 1873 dare
1926 1850 1974 1873 re-

1237 1891 1339 1932 ctori,
1367 1891 1560 1935 presbyteris
1585 1897 1613 1925 01
1639 1892 1874 1936 professoribus
1899 1893 1974 1926 dicti

1237 1944 1361 1987 collegii
1398 1945 1578 1989 praedictas
1609 1945 1755 1986 scholas;
1783 1951 1813 1980 et
1837 1947 1974 1980 subinde

1236 1997 1338 2031 dictus
1358 1997 1523 2042 Philippus
1539 2009 1604 2040 rex,
1618 1998 1692 2031 visis
1709 2004 1740 2032 et
1758 2005 1881 2033 mature
1899 2010 1974 2034 con-

1235 2050 1382 2084 sideratis
1398 2051 1578 2085 rationibus
1590 2061 1672 2095 quae
1690 2062 1748 2096 per
1766 2052 1883 2086 dictam
1906 2053 1974 2087 uni-

1235 2104 1416 2138 versitatem
1443 2105 1678 2146 afferebantur,
1702 2105 1753 2140 die
1773 2116 1814 2140 xx
1833 2107 1973 2141 octobris

1234 2168 1332 2192 Mucix
1350 2158 1465 2191 iterum
1484 2158 1698 2202 praecepisset
1719 2160 1847 2201 rectori,
1875 2160 1973 2194 lecto-

1234 2210 1322 2244 ribus
1338 2238 1344 2250 ,
1366 2211 1525 2254 deputatis
1539 2217 1570 2244 et
1587 2211 1765 2245 consiliat-is
1786 2213 1969 2256 praedictis,

1234 2270 1267 2297 ut
1290 2275 1326 2297 ex
1352 2264 1530 2298 redditibus
1555 2265 1657 2298 dictae
1679 2266 1893 2300 universitatis
1910 2267 1972 2300 sol-

1233 2323 1343 2351 verent
1367 2317 1507 2357 rectori,
1537 2317 1730 2362 presbyteris
1760 2324 1791 2351 et
1814 2320 1972 2363 professo-

1235 2371 1322 2404 ribus
1347 2371 1423 2404 dicti
1455 2371 1581 2415 collegii
1613 2372 1697 2405 dicta
1730 2372 1840 2414 viginti
1872 2373 1972 2406 millia

1233 2430 1322 2458 scuta
1347 2435 1384 2458 eo
1410 2426 1526 2466 modo,
1551 2436 1615 2469 quo
1641 2425 1718 2460 alias
1743 2426 1966 2465 mandaverat,

1233 2489 1304 2511 cum
1328 2478 1555 2519 declaratione,
1571 2479 1675 2522 quod,
1695 2479 1719 2512 si
1745 2485 1861 2520 rector,
1882 2490 1970 2523 pres-

1232 2531 1332 2576 byteri
1358 2536 1388 2564 et
1415 2531 1608 2575 professores
1626 2532 1700 2566 dicti
1719 2532 1843 2574 collegii
1861 2533 1970 2577 aliquo

1234 2590 1377 2629 tempore
1399 2585 1580 2618 desinerent
1605 2585 1710 2628 legere
1735 2585 1834 2619 dictas
1859 2586 1969 2620 lectio-

1233 2649 1306 2679 nes,
1326 2645 1454 2682 praeter
1476 2639 1710 2672 restitutionem
1740 2639 1899 2673 dictorum
1926 2640 1969 2673 vi-

1233 2691 1311 2734 ginti
1337 2691 1474 2724 millium
1495 2697 1677 2732 scutorum,
1702 2692 1741 2725 ad
1761 2702 1858 2735 quam
1881 2698 1968 2728 tene*

1992 297 2043 324 An.
2062 296 2091 324 C.
2110 298 2174 326 16ss
