2227 3241
283 324 331 350 Λη.
351 324 379 352 C.
397 323 466 351 1606

307 1216 438 1237 Prooemmm.

293 1479 404 1501 Clementi„
420 1481 464 1502 vul

281 1507 363 1527 tuit-me
379 1509 404 1527 de
420 1515 465 1533 qut-

281 1533 319 1553 bus·
342 1535 361 1554 in
382 1535 465 1556 rubrica

280 1563 420 1582 recensi-ntur.

513 314 576 345 53:3ss

798 372 897 405 xtvt.

480 476 633 509 Etr-lensia
658 475 700 507 ael
720 476 815 510 aliud
832 475 1024 508 sat-ennium
1046 475 1169 508 indulti
1197 488 1217 510 [t

527 529 685 561 Clemente
713 528 795 562 VIII
813 529 1002 561 concessive
1017 527 1217 572 parochiales

523 581 672 614 ecelesiae
702 581 795 624 requi
823 581 990 615 Valentino
1020 586 1048 615 et
1081 581 1215 615 illarum

522 638 693 678 perpetuae
707 635 921 678 v·e'c((re'ae,pr0
931 635 1056 668 Mauris
1070 635 1112 668 ad
1122 635 1216 677 fidem

525 687 740 720 cleri-§lienam
763 688 922 721 conversis
937 688 1137 721 instruendis
1154 698 1218 721 ere-

524 746 603 781 alae,
629 751 692 774 non
710 741 816 773 solum
836 741 916 773 dicti
934 734 1025 784 repul
1042 741 1217 785 inclz’qem's,

523 794 576 826 sed
607 795 705 827 eliam
737 793 932 835 alienissenis
967 799 995 827 et
1029 795 1218 838 quorumvis

524 848 667 880 aliorum
697 857 872 889 regulorum
908 847 1108 881 naturaliter
1138 859 1214 881 con-

523 901 606 942 ferri
626 900 762 944 poss-inl,
786 910 850 933 non
875 900 1074 934 obstantibus
1100 901 1217 934 litteris

523 954 611 986 Steti
636 953 690 987 V¹.

723 1034 833 1061 Paulus
855 1035 932 1068 Papa
952 1035 984 1066 V,

621 1087 656 1114 ad
676 1087 808 1114 futuram
827 1087 870 1115 rei
890 1086 1070 1114 memoriam.

524 1168 659 1201 Romani
677 1167 841 1202 Pontiticis
857 1167 1059 1211 providentia
1080 1167 1216 1201 circinn-

479 1227 586 1266 specta
617 1221 657 1255 ad
687 1232 723 1254 ea
753 1221 890 1254 sollicito
918 1220 1023 1254 studio
1058 1221 1218 1264 respicere

482 1275 588 1315 debet,
607 1285 665 1319 per
681 1284 763 1318 quae
777 1273 953 1308 catholicae
967 1274 1039 1308 fidei
1055 1285 1219 1308 conserva-

482 1328 559 1362 tioni
577 1335 607 1362 et
625 1328 805 1362 animarum
825 1327 919 1361 saluti
941 1334 1123 1373 opportune
1144 1339 1217 1362 eon-

480 1383 614 1416 sulatur.

525 1438 542 1479 g
565 1436 593 1469 ‘l.
617 1436 702 1470 Alias
726 1436 884 1480 siquidem
907 1448 924 1469 a
946 1435 1045 1470 felicis
1069 1436 1218 1470 reeorda-

482 1490 575 1524 tionis
594 1490 756 1524 Clemente
780 1490 864 1534 Papa
879 1490 954 1531 vttl,
971 1490 1219 1534 praedecessore

480 1549 603 1585 nostro,
623 1549 814 1577 emanarunt
829 1543 955 1576 litterae
973 1543 1092 1577 tenoris
1111 1543 1219 1577 subse-

480 1597 619 1642 quentis,
637 1596 800 1630 videlicet:
824 1597 968 1630 Clemens
989 1597 1074 1641 Papa
1086 1597 1163 1638 vlit,
1179 1597 1218 1631 ad

461 1675 464 1678 -
480 1653 619 1685 suturam
637 1651 683 1685 rei
704 1650 905 1684 memoriam.
926 1651 1020 1684 Decet
1038 1651 1216 1684 Romanum

480 1706 668 1739 Pontificem
701 1715 776 1739 suae
811 1705 1003 1749 provisionis
1039 1705 1218 1749 ministerio

479 1758 674 1802 prospicere,
694 1763 728 1792 ut
748 1757 989 1792 eonstitutiones
1001 1769 1017 1791 a
1029 1759 1219 1802 praedeces-

479 1811 624 1846 soribus²
635 1812 841 1856 quandoque,
855 1822 914 1856 pro
933 1817 1113 1855 temporum
1129 1818 1160 1846 et
1172 1812 1218 1845 lo-

480 1877 600 1918 corunr
615 1866 778 1910 qualitate,
791 1876 827 1899 ae
845 1866 1032 1910 praesertim
1047 1872 1107 1909 pro
1121 1865 1218 1899 divini

479 1920 582 1954 cultus
596 1925 767 1962 augmento
782 1924 811 1953 et
824 1919 1005 1952 animarum
1023 1919 1135 1960 salute,
1151 1930 1218 1953 sus-

479 1974 671 2018 pendantur.
700 1972 779 2006 Cum
811 1972 918 2016 itaque
943 1972 1042 2006 felicis
1067 1973 1218 2006 reeorda-

481 2026 575 2060 tionis
588 2026 691 2060 Sixtus
708 2026 792 2069 Papa
806 2026 839 2066 V,
856 2026 1085 2070 praedecessor
1096 2032 1215 2068 noster,

481 2082 537 2114 sua
558 2085 715 2124 perpetuo
743 2078 876 2112 vatitura
903 2079 1130 2113 constitutione
1150 2084 1214 2113 sta-

482 2132 578 2166 tuerit
598 2137 628 2165 et
648 2131 853 2173 ordinaverit,
871 2137 905 2165 ut
923 2131 1087 2176 perpetuis
1105 2132 1218 2166 suturis

482 2185 680 2229 temporibus
707 2184 817 2218 omnia
848 2190 879 2218 et
909 2185 1034 2228 singula
1062 2185 1218 2219 beneficia

481 2237 694 2272 ecclesiastica
718 2237 749 2270 in
777 2248 876 2281 regno
902 2238 1076 2280 Valentiae,
1093 2244 1168 2272 tuno
1188 2244 1219 2272 et

480 2302 538 2336 pro
560 2297 704 2334 tempore
729 2290 944 2331 consistentia,
968 2291 1093 2326 etiamsi
1117 2302 1215 2336 paro—

480 2344 598 2378 chiales
634 2344 787 2378 eeclesiae
821 2355 876 2377 sou
905 2355 1015 2378 earum
1044 2350 1219 2389 perpetuae

479 2397 617 2432 vicariae
628 2403 742 2440 essent,
763 2403 794 2431 et
810 2408 941 2442 quoquo
955 2398 1051 2432 modo
1064 2409 1122 2442 pro
1138 2404 1218 2432 tem-

479 2461 558 2495 pore
578 2456 738 2492 vacarent,
753 2451 829 2485 solis
850 2451 1009 2494 indigenis
1023 2451 1113 2494 regni
1130 2462 1219 2496 prae-

480 2504 568 2546 dicti,
584 2515 669 2546 vere,
686 2504 815 2538 realiter
832 2510 863 2538 et
875 2514 940 2538 non
954 2504 1027 2538 ficte
1040 2505 1072 2538 in
1086 2515 1123 2539 eo
1137 2505 1219 2539 natis

481 2562 511 2591 et
538 2557 717 2599 nascituris,
738 2557 876 2591 conferri
907 2558 1078 2591 deberent:
1102 2558 1216 2592 decer-

481 2621 560 2645 nens
585 2611 668 2644 inter
692 2610 764 2652 alia,
788 2621 1008 2655 quascumque
1034 2611 1219 2646 collationes

519 2682 527 2705 1
548 2680 583 2706 Ex
598 2681 706 2715 Hegest.
723 2680 749 2706 in
765 2679 866 2707 Secret.
881 2679 1013 2707 Brevium.

516 2722 532 2749 ⁰2
553 2722 616 2751 lleie
631 2723 706 2752 deest
722 2731 769 2751 vox
785 2723 890 2759 editae,
908 2723 948 2751 vel
962 2723 1107 2759 siinilism.
1124 2726 1172 2759 τ.).

1061 326 1242 350 nt'LLAtttmt
1264 326 1416 351 ROMAMM

1255 373 1397 417 aliasque
1422 373 1646 417 dispositiones
1671 375 1709 407 de
1734 374 1991 419 quibuscumque

1254 426 1418 460 benefieiis
1443 426 1532 469 regni
1558 426 1714 470 praedicti
1741 433 1851 460 eontra
1878 428 1989 462 huius-

1255 479 1340 513 modi
1361 479 1470 513 statuti
1491 480 1627 513 sormam
1649 490 1707 524 pro
1729 485 1872 524 tempore
1892 481 1990 515 saetas

1255 533 1322 576 ipso
1343 532 1411 566 iure
1431 533 1534 566 nullas
1552 538 1582 566 et
1602 532 1756 567 invalidas
1777 533 1843 566 sore
1863 538 1987 576 etesse,

1254 585 1378 630 ipsique
1392 591 1510 620 statuto
1526 586 1708 620 nullatenus
1729 586 1878 629 derogari
1898 597 1991 631 posse

1254 639 1368 682 (voluit
1387 645 1493 672 tamen
1510 644 1543 672 ut
1557 639 1582 672 si
1602 638 1776 683 aliqnando
1796 639 1889 673 dictis
1908 639 1990 674 indi-

1253 693 1353 735 genis,
1375 697 1409 726 ut
1427 692 1457 725 in
1478 692 1541 726 alio
1560 703 1659 736 regno
1673 692 1830 726 beneficia
1843 692 1991 728 obtinere

1252 751 1392 789 possent,
1415 745 1667 790 permitteretur,
1688 751 1763 779 tune
1781 745 1932 788 vicissim,
1955 752 1990 780 ut

1254 798 1422 841 indigenae
1446 798 1531 832 illius
1551 798 1640 841 regni
1660 799 1699 832 ad
1725 797 1880 832 beneficia
1898 799 1989 842 regni

1253 850 1413 885 Valentiae
1427 850 1601 884 obtinenda
1610 850 1731 884 habiles
1744 850 1947 895 efficiantur),
1960 857 1991 886 et

1252 904 1338 947 alias,
1351 910 1448 948 prout
1465 904 1496 938 in
1510 904 1652 938 eiusdem
1670 903 1746 938 Sixti
1764 904 1990 948 praedeeesso-

1253 956 1295 990 ris
1308 957 1445 1001 desuper
1459 957 1613 1001 expeditis
1626 956 1739 991 litteris
1751 956 1844 991 nonis
1856 961 1991 1001 septem-

1253 1010 1328 1051 bris,
1345 1010 1550 1054 pontificatus
1563 1010 1610 1044 sui
1625 1020 1710 1044 anno
1724 1020 1770 1052 111,
1779 1010 1905 1054 plenius
1915 1021 1992 1045 con-

1254 1062 1411 1104 tinetur¹;
1432 1074 1571 1108 eumque
1591 1063 1798 1097 charissimus
1815 1063 1846 1097 in
1866 1063 1990 1099 Christo

1255 1117 1340 1150 tilius
1364 1123 1471 1151 noster
1496 1117 1662 1162 Philippus
1689 1117 1914 1162 Hispaniarum
1935 1129 1990 1152 rex

1253 1170 1430 1204 catholicus
1449 1171 1542 1205 nohis
1561 1182 1665 1215 nuper
1684 1171 1799 1215 exponi
1817 1171 1938 1213 feeerit,
1956 1171 1989 1205 in

1252 1223 1416 1267 praedicto
1436 1234 1535 1267 regno
1556 1224 1658 1257 multa
1677 1234 1744 1258 esse
1764 1224 1902 1269 oppida,
1927 1230 1988 1258 ter-

1253 1287 1304 1310 ras
1324 1282 1354 1310 et
1374 1277 1444 1310 loca
1462 1287 1480 1310 a
1494 1272 1673 1310 christianis
1694 1277 1862 1310 morischis
1881 1278 1990 1322 appel-

1254 1329 1344 1371 latis,
1367 1340 1423 1364 seu
1451 1330 1719 1364 descendentibus
1738 1342 1756 1364 a
1775 1330 1910 1373 Mauris,
1933 1341 1990 1365 seu

1252 1383 1330 1417 alias
1343 1384 1469 1417 noviter
1486 1384 1646 1419 conversis
1660 1384 1691 1417 in
1705 1390 1771 1418 toto
1785 1385 1832 1419 vel
1851 1385 1882 1418 in
1898 1391 1991 1430 parte

1253 1436 1449 1479 inliabitata2,
1463 1442 1494 1471 et
1510 1444 1675 1482 praeterea
1684 1449 1742 1482 pro
1756 1449 1868 1472 eorum
1881 1438 1913 1472 in
1926 1439 1990 1473 fide

1253 1490 1426 1524 christiana
1438 1490 1572 1524 faciliori
1586 1491 1796 1525 instructione
1807 1492 1990 1536 complures

1253 1544 1453 1588 parochiales
1483 1544 1653 1586 eeclesias,
1677 1545 1772 1579 etiam
1801 1545 1991 1594 auctoritate

1253 1598 1538 1641 praedecessorum
1559 1604 1755 1639 nostrorum,
1778 1599 1903 1633 noviter
1922 1610 1990 1634 ere-

1253 1655 1318 1683 ctas
1338 1660 1427 1691 esse,
1452 1656 1482 1683 et
1501 1650 1606 1684 adhue
1630 1651 1708 1685 alias
1728 1651 1824 1685 etiam
1852 1651 1990 1686 auetori-

1254 1709 1315 1737 tate
1340 1703 1448 1737 nostra
1480 1704 1559 1747 erigi
1589 1705 1779 1748 procurari,
1807 1716 1871 1749 quo
1899 1705 1933 1739 fit
1957 1711 1992 1740 ut

1253 1757 1384 1790 difficile
1403 1757 1443 1790 sit
1465 1763 1509 1790 tot
1528 1757 1663 1801 reperiri
1685 1757 1768 1791 viros
1781 1758 1924 1792 eiusdem
1941 1769 1990 1792 re-

1252 1809 1304 1852 gni
1330 1809 1514 1853 indigenas,
1541 1820 1596 1844 seu
1622 1811 1801 1852 naturales,
1824 1811 1878 1856 qui
1899 1811 1931 1845 in
1951 1823 1991 1846 eo

1252 1863 1313 1897 orti
1330 1863 1403 1903 sint,
1426 1863 1627 1908 presbyteros
1644 1864 1823 1898 saeculares
1842 1864 1987 1907 idoneos,

1252 1917 1306 1961 qui
1327 1917 1512 1951 huiusmodi
1534 1917 1618 1951 curis
1641 1917 1772 1962 praefici
1792 1918 1932 1963 possint;
1959 1925 1991 1953 et

1253 1976 1425 2014 propterea
1449 1970 1542 2004 nobis
1562 1970 1727 2005 humiliter
1746 1972 1920 2016 supplicari
1940 1973 1986 2007 fe-

1253 2023 1341 2065 cerit,
1365 2030 1522 2068 quatenus
1546 2024 1578 2058 in
1602 2025 1785 2069 praemissis
1809 2031 1991 2070 opportune

1253 2076 1422 2120 providere
1449 2077 1488 2111 de
1512 2078 1710 2121 benignitate
1737 2079 1911 2122 apostoliea
1935 2079 1987 2113 di-

1252 2141 1426 2173 gnaremur
1439 2143 1445 2164 :
1462 2141 1520 2164 nos
1535 2131 1643 2174 igitur,
1656 2132 1784 2165 attentis
1796 2133 1989 2176 praemissis,

1252 2194 1289 2216 ac
1309 2183 1489 2217 litterarum
1510 2184 1653 2218 eiusdem
1674 2185 1752 2218 Sixti
1772 2185 1990 2229 praedessoris

1255 2242 1399 2270 tenorem
1423 2242 1453 2270 et
1473 2237 1581 2271 omnia
1605 2237 1636 2270 in
1657 2237 1702 2271 eis
1727 2243 1876 2272 contenta
1895 2249 1991 2284 prae-

1252 2289 1396 2323 sentibus
1422 2300 1481 2333 pro
1502 2290 1656 2334 expressis
1676 2291 1841 2332 habentes,
1861 2291 1988 2326 easdem

1253 2343 1384 2385 litteras,
1394 2343 1499 2387 quoad
1509 2343 1709 2387 parochiales
1722 2344 1870 2378 eeclesias
1881 2344 1990 2380 huius-

1254 2397 1340 2430 modi
1357 2397 1551 2441 illarumque
1572 2396 1716 2438 vicarias,
1741 2397 1781 2432 ad
1802 2399 1989 2433 sexennium

1253 2450 1489 2494 suspendimus,
1512 2461 1550 2484 ae
1577 2450 1697 2484 viribus
1721 2461 1923 2494 evacuamus,
1946 2452 1992 2487 ita

1253 2509 1298 2545 ut,
1318 2503 1502 2537 huiusmodi
1529 2503 1680 2537 sexennio
1708 2509 1831 2538 tantum
1853 2505 1989 2540 durante

1253 2562 1284 2591 et
1302 2567 1367 2591 non
1389 2557 1484 2598 ultra,
1496 2557 1535 2591 de
1555 2556 1697 2591 eiusdem
1716 2557 1804 2600 regni
1822 2558 1989 2602 paroehia-

1253 2610 1336 2644 libus
1349 2610 1490 2644 eeclesiis
1509 2609 1681 2654 praedictis
1705 2620 1882 2655 earumque
1906 2611 1989 2646 vica-

1287 2681 1301 2707 1
1323 2680 1423 2708 sixtina
1436 2681 1548 2708 Constit.
1565 2680 1610 2708 cit.
1627 2688 1680 2708 non
1696 2684 1736 2709 est
1750 2680 1777 2708 in
1788 2681 1866 2710 Bull.
1882 2682 1920 2717 (n.
1936 2684 1986 2719 τ.).

1288 2725 1304 2751 ‘2
1323 2723 1444 2760 Intellige
1458 2725 1587 2754 habitata
1603 2725 1639 2759 (n.
1651 2732 1674 2752 T.
1680 2729 1697 2757 ).

2211 3055 2220 3066 ‘⁸
2217 2998 2220 3003 ·
2219 2769 2227 2970 “.---..4-“
2219 2691 2227 2754 ...ω
2220 2656 2227 2679 »Α
2224 2627 2227 2636 -
2224 2604 2227 2614 -
2225 2546 2227 2556 ⁴
