2227 3241
210 281 260 306 An.
276 280 302 306 c.
328 279 394 306 1007
441 269 505 302 4028

248 553 392 577 §vitup-e„-

209 586 247 605 pus
263 581 336 599 ertit-in
353 581 393 598 sti-

210 610 254 626 :u'n
271 610 321 631 petii
345 612 393 625 tam-

209 633 294 653 titulari.

215 924 329 955 Confirmat
338 924 393 945 Pon*

209 954 266 973 tifex.

237 2154 332 2185 Dei-egat
347 2159 396 2176 con-

213 2184 293 2203 trariis.

407 326 527 370 scripto
552 324 703 358 exhibere
728 329 801 358 ante
825 324 1024 358 Dominicam
1051 323 1149 363 Quin-

407 378 623 423 quagesimae.

495 433 608 465 Datum
624 431 801 475 Arnsburgi
821 442 905 465 aimo
926 441 1020 470 noer,
1038 431 1088 465 die
1105 441 1149 465 xu

409 485 526 518 mensis
547 485 749 528 septembris.

453 541 469 581 ξ
496 538 525 572 2.
553 539 696 583 Cumque
721 539 831 584 cupias
861 540 1058 583 praeinserta
1082 544 1146 572 sta—

411 598 476 626 tuta
496 603 552 626 seu
577 593 705 626 decreta
729 603 747 626 a
773 599 802 626 te
827 593 929 633 edita,
953 603 1013 637 pro
1037 592 1149 626 maiori

409 646 537 679 illorum
560 646 711 680 firmitate
729 652 759 679 et
779 646 916 679 firmiori
938 646 1150 686 observantia,

409 700 585 743 apostolica
603 700 793 734 auctoritate
812 700 1009 740 confirmari,
1027 706 1081 733 tuo
1098 710 1152 733 no-

409 752 495 786 mine
528 753 620 787 nobis
653 753 714 787 suit
742 753 910 786 humiliter
934 753 1150 797 supplicatum

409 812 443 839 ut
463 807 493 839 in
515 807 700 851 praemissis
718 813 899 851 opportune
920 807 1092 851 providere
1113 807 1151 840 de

407 859 605 902 benignitate
631 860 806 904 apostolica
829 860 1048 901 dignaremur.

453 915 469 955 ξ
500 912 530 946 3.
559 913 622 947 Nos
648 913 745 955 igitur
771 920 800 947 te
825 913 1021 957 specialibus
1039 897 1170 947 favori-¹

410 966 468 1000 bus
489 972 519 1000 et
536 966 647 1009 gratiis
665 967 817 1011 prosequi
840 967 992 1007 volentes,
1009 972 1068 1000 eta
1086 967 1153 1010 qui-

408 1019 516 1053 busvis
548 1020 906 1059 excommunicationis,
935 1020 1153 1064 suspensionis

409 1079 439 1105 et
464 1073 637 1115 interdicti,
666 1073 801 1117 aliisque
827 1073 1050 1107 ecelesiasticis
1075 1083 1149 1106 sen-

409 1125 527 1168 tentiis,
551 1127 696 1160 censuris
717 1132 745 1160 et
772 1127 894 1171 poeuis,
915 1138 933 1159 a
955 1127 1024 1160 iure
1046 1126 1092 1159 vel
1113 1126 1152 1158 ab

408 1181 552 1222 bomine,
573 1181 684 1225 quavis
702 1182 870 1214 occasione
891 1182 939 1214 vel
957 1184 1051 1214 causa
1073 1180 1152 1221 latis,

407 1234 432 1267 si
447 1234 565 1278 quibus
583 1235 829 1279 quomodolibet,
849 1235 1020 1268 innodatus
1034 1233 1152 1274 existis,

407 1288 448 1321 ad
469 1288 619 1322 effectum
638 1289 855 1332 praesentium
879 1290 1044 1323 dumtaxat
1070 1299 1148 1322 con·-

407 1343 622 1386 sequendum,
650 1343 765 1376 harum
791 1343 873 1377 serie
898 1343 1099 1376 absolventes
1124 1347 1153 1375 et

408 1396 592 1429 absolutum
608 1396 675 1429 sore
690 1403 866 1438 censentes,
880 1395 1067 1429 huiusmodi
1082 1405 1154 1438 sup-

408 1449 636 1493 plicationibus
651 1450 806 1488 inclinati,
824 1449 1021 1494 praeinserta
1035 1454 1153 1483 statuta
1170 1456 1171 1462 ¹

408 1513 465 1536 seu
486 1503 615 1537 decreta
637 1514 655 1537 a
685 1510 713 1537 te
739 1504 837 1543 edita⁷
858 1504 896 1537 de
919 1503 1150 1536 venerabilium

409 1557 542 1590 fratrum
559 1563 744 1590 nostrorum
767 1557 796 1590 S
822 1557 857 1589 R.
882 1556 915 1589 E,
940 1556 1150 1589 cardinalium

409 1611 546 1652 negotiis
565 1610 773 1653 Regularium
796 1610 1056 1654 praepositorum
1078 1619 1152 1642 con-

409 1663 493 1705 silio,
516 1664 693 1708 apostolica
710 1664 911 1705 auctoritate,
938 1669 1047 1697 tenore
1064 1673 1154 1707 prae-

408 1717 571 1758 sentium,
600 1717 818 1761 approbamus
843 1723 871 1751 et
897 1717 1149 1757 confirmamus,

410 1770 536 1815 illisque
561 1771 713 1804 omnibus
744 1776 771 1803 et
799 1770 932 1813 singulis
958 1770 1152 1814 apostolicae

410 1823 604 1857 inviolabilis
632 1823 792 1857 firmitatis
825 1824 925 1856 robur
957 1824 1149 1864 adhelmus,

409 1878 595 1922 supplentes
620 1887 733 1911 omnes
757 1883 787 1911 et
812 1877 957 1920 singulos
979 1884 1041 1911 tam
1075 1877 1153 1911 iuris

410 1942 507 1975 quam
525 1931 600 1964 sacti
620 1931 775 1971 desectus,
799 1931 824 1964 si
849 1931 905 1975 qui
926 1931 1154 1965 intervenerint

411 1985 444 2018 in
462 1985 602 2025 eisdem,
627 1984 762 2028 tibique,
785 1990 820 2017 ut
836 1989 955 2018 statuta
974 1990 1005 2018 et
1025 1985 1155 2018 decreta

411 2038 631 2083 suprainserta
655 2037 884 2071 inviolabiliter
916 2037 1081 2072 observari
1106 2038 1154 2071 sa-

411 2102 485 2126 eere
504 2091 606 2136 possis
627 2096 658 2125 et
677 2091 799 2133 valeas,
823 2091 1033 2125 concedimus
1054 2097 1084 2125 et
1104 2091 1154 2124 in-

412 2145 592 2188 dulgemus.

456 2200 473 2242 ξ
493 2199 524 2232 4.
547 2199 618 2232 Non
647 2198 849 2232 obstantibus
874 2198 1156 2232 constitutionibus

413 2258 443 2286 et
456 2252 715 2286 ordinationibus
729 2252 923 2296 apostolicis,
939 2262 1065 2286 necnon
1080 2263 1156 2296 quo-

413 2317 628 2350 rumcumque
642 2305 925 2348 monasteriorum,
938 2311 1153 2340 conventuum

412 2365 443 2394 ct
463 2360 632 2401 Ordinum,
653 2360 747 2394 etiarn
769 2360 961 2402 iuramento,
985 2360 1156 2394 confirma-

413 2414 500 2448 tione
517 2414 704 2459 apostoliea,
723 2415 771 2448 vel
789 2414 900 2458 quavis
926 2414 1078 2448 firmitate
1096 2414 1157 2448 alia

411 2468 582 2509 roboratis,
602 2468 726 2502 statutis
741 2474 772 2502 et
785 2468 1082 2510 consuetudinibus,
1095 2468 1158 2512 pri-

413 2521 536 2564 vilegiis
550 2532 691 2566 quoque,
708 2522 840 2556 indultis
854 2527 884 2555 et
901 2521 1014 2555 litteris
1030 2526 1158 2565 aposto-

414 2575 483 2609 licis
508 2576 540 2608 in
565 2575 764 2609 contrarium
790 2575 1042 2621 praemissorum
1072 2584 1155 2619 quo-

417 2629 593 2663 modolibet
617 2629 798 2671 concessis,
827 2628 1024 2664 confirmatis
1049 2634 1080 2662 et
1105 2639 1160 2672 ap-

416 2683 568 2726 probatis.
607 2683 728 2723 Quibus
753 2684 904 2717 omnibus
938 2689 968 2717 et
1002 2682 1156 2725 singulis,

995 276 1178 301 BULLARIUM
1199 277 1351 302 ROMANUM

1183 334 1294 358 eorum
1311 329 1438 358 tenores
1454 334 1513 368 pro
1525 325 1680 368 expressis
1692 325 1857 364 habentes,
1867 323 1926 357 hae

1183 377 1249 411 vice
1264 378 1424 411 dumtaxat
1447 377 1562 410 barum
1585 377 1666 411 serie
1690 377 1872 421 specialiter
1897 383 1928 410 et

1183 441 1330 474 expresse
1353 431 1558 473 derogamus,
1579 431 1777 474 caeterisque
1802 435 1928 464 contra-

1185 481 1238 514 riis
1263 482 1531 526 quitiuscmuque.
1868 494 1872 497 ’

1227 535 1340 568 Datum
1371 536 1491 568 Itomae
1522 535 1664 579 apudS.
1692 535 1831 568 Marcum
1868 535 1928 568 sub

1184 588 1304 621 annulo
1336 587 1515 628 Piscator-is,
1550 588 1601 620 die
1621 598 1652 621 vi
1685 587 1763 620 iunii
1793 597 1924 628 uncvn,

1186 640 1391 684 pontificatus
1410 641 1510 674 nostri
1529 651 1613 674 anno
1633 651 1680 674 111.

1222 702 1278 729 Dat.
1301 703 1344 730 die
1365 703 1380 729 (5
1401 703 1463 729 iunii
1489 704 1565 737 ¹307,
1587 702 1682 738 pontif.
1704 711 1748 730 an.
1767 709 1793 729 u.

1481 891 1637 925 LXXVIII.

1189 1016 1397 1060 Confirnmli'o
1417 1017 1606 1050 concordiae
1630 1018 1716 1050 inter
1740 1028 1845 1061 reqem
1869 1028 1924 1051 ca-

1233 1070 1387 1102 Ilioneum
1407 1076 1434 1103 1⁷!
1453 1071 1725 1115 archiepiscopum
1750 1072 1928 1106 Caesarau-

1231 1127 1405 1165 qyushtmun
1443 1125 1590 1168 aliosque
1632 1136 1726 1169 super
1759 1129 1928 1169 augymento

1230 1179 1397 1220 framentum,
1433 1178 1471 1209 ab
1507 1180 1604 1222 aquis
1633 1179 1810 1221 flaminum
1840 1179 1930 1212 Iberi

1231 1235 1259 1262 el
1285 1231 1424 1264 Xalom‘s
1440 1232 1701 1274 prorem'enlc'um
1722 1231 1857 1264 im'tae¹.

1214 1346 1327 1374 Dilecto
1344 1347 1416 1379 filio,
1433 1349 1539 1374 nostro
1560 1349 1591 1374 et,
1612 1347 1799 1381 apostoticae
1820 1347 1903 1374 Sediiz

1294 1401 1323 1427 in
1344 1401 1446 1435 regnis
1467 1401 1679 1435 Hispaniarum
1700 1401 1821 1434 nuncio,

1432 1474 1541 1500 Paulus
1562 1474 1639 1507 Papa
1659 1474 1690 1500 V.

1462 1572 1577 1599 Dileete
1598 1572 1656 1606 fili,

1223 1627 1351 1653 satutem
1372 1629 1403 1653 et
1419 1613 1617 1660 apostolicam
1632 1625 1883 1654 benedictionem.

1233 1717 1248 1754 ξ
1269 1714 1293 1747 l.
1315 1715 1434 1758 Exponi
1454 1715 1547 1748 nobis
1564 1725 1669 1758 nuper
1688 1715 1831 1748 fecerunt
1851 1713 1927 1748 eha-

1187 1769 1331 1802 rissimus
1353 1768 1383 1801 in
1408 1768 1533 1802 Christo
1559 1768 1644 1802 silius
1668 1773 1778 1802 noster
1801 1768 1924 1812 Philip-

1187 1834 1246 1867 pus
1271 1822 1497 1866 Hispaniarum
1518 1832 1571 1854 rex
1597 1821 1792 1863 catholicus,
1820 1832 1857 1855 ac
1877 1832 1928 1855 ve-

1187 1876 1340 1910 nerabilis
1360 1876 1456 1909 l'rater
1473 1873 1786 1918 Caesaraugustanus
1806 1875 1930 1909 archie-

1188 1931 1350 1974 piscopus,
1367 1940 1403 1963 ac
1421 1929 1475 1962 alii
1490 1929 1522 1962 in
1539 1929 1743 1973 infrascripta
1756 1928 1931 1963 concordia

1190 1984 1342 2018 interesse
1364 1984 1529 2025 babentes,
1549 1983 1637 2027 quod
1657 1982 1735 2016 alias
1759 1982 1861 2016 felicis
1881 1992 1931 2016 re-

1189 2038 1386 2072 eordationis
1411 2037 1565 2072 Clementi
1585 2037 1638 2070 VII
1658 2042 1689 2070 et
1707 2036 1806 2070 Paulo
1826 2036 1877 2078 III,
1900 2041 1932 2070 et

1189 2092 1365 2126 successive
1386 2091 1465 2125 Iulio
1486 2090 1582 2124 etiam
1607 2090 1647 2124 III
1671 2089 1825 2124 Romanis
1847 2089 1930 2124 Pon-

1190 2145 1348 2186 tificibus,
1375 2143 1679 2189 praedecessoribus
1703 2143 1821 2177 nostris
1836 2169 1844 2184 ,
1870 2153 1930 2187 pro

1189 2204 1280 2243 parte
1305 2200 1411 2233 clarae
1436 2198 1612 2232 memoriae
1630 2197 1735 2232 Caroli
1755 2197 1790 2238 V,
1813 2197 1930 2231 Roma-

1190 2263 1304 2286 norum
1324 2251 1538 2297 imperatoris,
1560 2251 1614 2295 qui
1635 2250 1731 2285 etiam
1749 2249 1930 2293 Aragoniae

1191 2312 1221 2340 et
1245 2307 1403 2340 Navarrae
1427 2315 1481 2338 rex
1507 2303 1684 2338 catholicus
1708 2308 1797 2345 erat,
1827 2311 1927 2347 expo-

1190 2359 1250 2394 sito
1258 2359 1279 2400 ²,
1301 2359 1399 2403 quod,
1416 2357 1549 2402 provide
1567 2357 1784 2397 considerans,
1799 2361 1932 2400 propter

1191 2412 1360 2457 penuriam
1382 2421 1550 2456 aquarum,
1574 2416 1605 2444 et
1624 2421 1706 2455 quae
1724 2409 1838 2444 exinde
1857 2419 1932 2443 cau-

1229 2511 1237 2535 1
1263 2509 1299 2536 Ex
1319 2513 1419 2545 regest.
1441 2509 1466 2536 in
1487 2509 1587 2536 secret.
1608 2508 1684 2536 Brev-

1227 2555 1244 2582 2
1263 2555 1386 2589 Sequens
1406 2554 1538 2588 expositio
1552 2553 1651 2589 legitur
1665 2552 1748 2580 etiam
1762 2551 1861 2578 iisdem
1875 2551 1933 2579 fere

1194 2600 1285 2626 verbis
1301 2599 1329 2625 in
1345 2599 1460 2626 Constit.
1476 2604 1536 2625 cxlx
1552 2597 1698 2624 Clementis
1712 2596 1774 2623 VIII
1789 2603 1874 2631 quam
1888 2597 1934 2623 ha—

1193 2645 1241 2672 bes
1265 2645 1293 2671 iu
1321 2647 1394 2670 tomo
1414 2649 1432 2668 x
1450 2651 1513 2678 pag.
1529 2641 1597 2675 233;
1619 2642 1668 2669 sed
1687 2641 1723 2668 ihi
1743 2649 1853 2676 quoque
1873 2641 1932 2668 sere

1193 2689 1291 2716 iisdem
1309 2688 1415 2716 mendis
1431 2690 1517 2714 scatet
1530 2690 1571 2721 (n.
1587 2689 1635 2720 T.).

1945 275 1994 303 An.
2007 275 2037 303 C.
2058 275 2108 304 16⁰
2128 278 2141 299 *—

1968 1723 2028 1745 Facti
2043 1723 2118 1745 series.
