<?xml version="1.0" encoding="UTF-8"?>
<!DOCTYPE html PUBLIC "-//W3C//DTD XHTML 1.0 Transitional//EN"
    "http://www.w3.org/TR/xhtml1/DTD/xhtml1-transitional.dtd">
<html xmlns="http://www.w3.org/1999/xhtml" xml:lang="en" lang="en">
 <head>
  <title>
</title>
<meta http-equiv="Content-Type" content="text/html;charset=utf-8" />
  <meta name='ocr-system' content='tesseract 3.04.00' />
  <meta name='ocr-capabilities' content='ocr_page ocr_carea ocr_par ocr_line ocrx_word'/>
</head>
<body>
  <div class='ocr_page' id='page_1' title='image "./bullarumdiplomat11cath_0200.png"; bbox 0 0 2227 3241; ppageno 0'>
   <div class='ocr_carea' id='block_1_1' title="bbox 271 270 566 308">
    <p class='ocr_par' dir='ltr' id='par_1_1' title="bbox 271 270 566 308">
     <span class='ocr_line' id='line_1_1' title="bbox 271 270 566 308; baseline -0.017 -1"><span class='ocrx_word' id='word_1_1' title='bbox 271 281 320 308; x_wconf 71' lang='lat' dir='ltr'>An.</span> <span class='ocrx_word' id='word_1_2' title='bbox 339 280 366 307; x_wconf 89' lang='lat' dir='ltr'>c.</span> <span class='ocrx_word' id='word_1_3' title='bbox 390 280 457 307; x_wconf 70' lang='lat'>1604</span> <span class='ocrx_word' id='word_1_4' title='bbox 503 270 566 303; x_wconf 67' lang='lat'>162</span> 
     </span>
    </p>
   </div>
   <div class='ocr_carea' id='block_1_2' title="bbox 474 326 1235 2726">
    <p class='ocr_par' dir='ltr' id='par_1_2' title="bbox 474 326 1235 2726">
     <span class='ocr_line' id='line_1_2' title="bbox 475 326 1215 361; baseline -0.001 0"><span class='ocrx_word' id='word_1_5' title='bbox 475 339 531 361; x_wconf 87' lang='lat' dir='ltr'>seu</span> <span class='ocrx_word' id='word_1_6' title='bbox 556 327 650 360; x_wconf 86' lang='lat' dir='ltr'>etiam</span> <span class='ocrx_word' id='word_1_7' title='bbox 677 327 819 359; x_wconf 87' lang='lat' dir='ltr'>enormis</span> <span class='ocrx_word' id='word_1_8' title='bbox 843 326 892 359; x_wconf 90' lang='lat' dir='ltr'>vel</span> <span class='ocrx_word' id='word_1_9' title='bbox 918 326 1163 359; x_wconf 86' lang='lat' dir='ltr'>enormissimae</span> <span class='ocrx_word' id='word_1_10' title='bbox 1184 332 1215 360; x_wconf 91' lang='lat' dir='ltr'>et</span> 
     </span>
     <span class='ocr_line' id='line_1_3' title="bbox 475 379 1213 423; baseline -0.001 -9"><span class='ocrx_word' id='word_1_11' title='bbox 475 380 580 414; x_wconf 85' lang='lat' dir='ltr'>totalis</span> <span class='ocrx_word' id='word_1_12' title='bbox 592 379 754 418; x_wconf 89' lang='lat' dir='ltr'>laesionis,</span> <span class='ocrx_word' id='word_1_13' title='bbox 769 384 823 412; x_wconf 87' lang='lat' dir='ltr'>aut</span> <span class='ocrx_word' id='word_1_14' title='bbox 836 379 899 412; x_wconf 88' lang='lat' dir='ltr'>alio</span> <span class='ocrx_word' id='word_1_15' title='bbox 913 379 1026 423; x_wconf 87' lang='lat' dir='ltr'>quovis</span> <span class='ocrx_word' id='word_1_16' title='bbox 1039 385 1213 423; x_wconf 83' lang='lat' dir='ltr'>praetextu,</span> 
     </span>
     <span class='ocr_line' id='line_1_4' title="bbox 476 432 1215 476; baseline 0 -10"><span class='ocrx_word' id='word_1_17' title='bbox 476 439 505 466; x_wconf 89' lang='lat' dir='ltr'>et</span> <span class='ocrx_word' id='word_1_18' title='bbox 524 444 559 466; x_wconf 85' lang='lat' dir='ltr'>ex</span> <span class='ocrx_word' id='word_1_19' title='bbox 577 442 783 476; x_wconf 85' lang='lat' dir='ltr'>quocumque</span> <span class='ocrx_word' id='word_1_20' title='bbox 801 432 915 476; x_wconf 87' lang='lat' dir='ltr'>capite,</span> <span class='ocrx_word' id='word_1_21' title='bbox 939 443 975 466; x_wconf 87' lang='lat' dir='ltr'>ac</span> <span class='ocrx_word' id='word_1_22' title='bbox 993 432 1103 476; x_wconf 85' lang='lat' dir='ltr'>quavis</span> <span class='ocrx_word' id='word_1_23' title='bbox 1121 436 1215 466; x_wconf 78' lang='lat' dir='ltr'>causa</span> 
     </span>
     <span class='ocr_line' id='line_1_5' title="bbox 474 485 1214 529; baseline -0.001 -10"><span class='ocrx_word' id='word_1_24' title='bbox 474 487 522 519; x_wconf 86' lang='lat' dir='ltr'>vel</span> <span class='ocrx_word' id='word_1_25' title='bbox 545 485 736 525; x_wconf 82' lang='lat' dir='ltr'>occasione,</span> <span class='ocrx_word' id='word_1_26' title='bbox 761 490 1061 529; x_wconf 85' lang='lat' dir='ltr'>quantumcumque</span> <span class='ocrx_word' id='word_1_27' title='bbox 1081 486 1214 519; x_wconf 76' lang='lat' dir='ltr'>notabili</span> 
     </span>
     <span class='ocr_line' id='line_1_6' title="bbox 476 538 1212 582; baseline -0.003 -10"><span class='ocrx_word' id='word_1_28' title='bbox 476 545 505 572; x_wconf 89' lang='lat' dir='ltr'>et</span> <span class='ocrx_word' id='word_1_29' title='bbox 519 538 665 579; x_wconf 75' lang='lat' dir='ltr'>iuridica,</span> <span class='ocrx_word' id='word_1_30' title='bbox 683 538 778 571; x_wconf 87' lang='lat' dir='ltr'>etiam</span> <span class='ocrx_word' id='word_1_31' title='bbox 799 538 980 572; x_wconf 84' lang='lat' dir='ltr'>necessario</span> <span class='ocrx_word' id='word_1_32' title='bbox 994 538 1212 582; x_wconf 79' lang='lat' dir='ltr'>exprimenda,</span> 
     </span>
     <span class='ocr_line' id='line_1_7' title="bbox 476 591 1216 636; baseline -0.001 -11"><span class='ocrx_word' id='word_1_33' title='bbox 476 593 515 625; x_wconf 85' lang='lat' dir='ltr'>de</span> <span class='ocrx_word' id='word_1_34' title='bbox 532 591 750 634; x_wconf 74' lang='lat' dir='ltr'>subreptionis</span> <span class='ocrx_word' id='word_1_35' title='bbox 770 592 817 624; x_wconf 82' lang='lat' dir='ltr'>vel</span> <span class='ocrx_word' id='word_1_36' title='bbox 838 592 1050 636; x_wconf 89' lang='lat' dir='ltr'>obreptionis,</span> <span class='ocrx_word' id='word_1_37' title='bbox 1075 598 1129 625; x_wconf 88' lang='lat' dir='ltr'>aut</span> <span class='ocrx_word' id='word_1_38' title='bbox 1146 593 1216 625; x_wconf 90' lang='lat' dir='ltr'>nul-</span> 
     </span>
     <span class='ocr_line' id='line_1_8' title="bbox 474 645 1215 687; baseline 0.001 -10"><span class='ocrx_word' id='word_1_39' title='bbox 474 645 572 678; x_wconf 88' lang='lat' dir='ltr'>litatis</span> <span class='ocrx_word' id='word_1_40' title='bbox 592 645 687 687; x_wconf 90' lang='lat' dir='ltr'>vitio,</span> <span class='ocrx_word' id='word_1_41' title='bbox 705 655 761 678; x_wconf 90' lang='lat' dir='ltr'>seu</span> <span class='ocrx_word' id='word_1_42' title='bbox 786 645 972 678; x_wconf 89' lang='lat' dir='ltr'>intentionis</span> <span class='ocrx_word' id='word_1_43' title='bbox 997 651 1125 678; x_wconf 87' lang='lat' dir='ltr'>nostrae</span> <span class='ocrx_word' id='word_1_44' title='bbox 1140 673 1147 686; x_wconf 99' lang='lat'>,</span> <span class='ocrx_word' id='word_1_45' title='bbox 1168 645 1215 678; x_wconf 85' lang='lat' dir='ltr'>vel</span> 
     </span>
     <span class='ocr_line' id='line_1_9' title="bbox 477 698 1212 742; baseline 0 -11"><span class='ocrx_word' id='word_1_46' title='bbox 477 699 540 731; x_wconf 88' lang='lat' dir='ltr'>alio</span> <span class='ocrx_word' id='word_1_47' title='bbox 561 698 715 742; x_wconf 88' lang='lat' dir='ltr'>quopiam</span> <span class='ocrx_word' id='word_1_48' title='bbox 735 699 860 731; x_wconf 81' lang='lat' dir='ltr'>defectu</span> <span class='ocrx_word' id='word_1_49' title='bbox 878 699 1000 740; x_wconf 79' lang='lat' dir='ltr'>notari,</span> <span class='ocrx_word' id='word_1_50' title='bbox 1019 698 1212 742; x_wconf 72' lang='lat' dir='ltr'>impugnari,</span> 
     </span>
     <span class='ocr_line' id='line_1_10' title="bbox 477 751 1217 795; baseline -0.001 -10"><span class='ocrx_word' id='word_1_51' title='bbox 477 752 508 785; x_wconf 92' lang='lat' dir='ltr'>in</span> <span class='ocrx_word' id='word_1_52' title='bbox 531 757 597 785; x_wconf 90' lang='lat' dir='ltr'>toto</span> <span class='ocrx_word' id='word_1_53' title='bbox 616 751 663 784; x_wconf 90' lang='lat' dir='ltr'>vcl</span> <span class='ocrx_word' id='word_1_54' title='bbox 681 757 771 795; x_wconf 84' lang='lat' dir='ltr'>parte</span> <span class='ocrx_word' id='word_1_55' title='bbox 789 751 938 792; x_wconf 91' lang='lat' dir='ltr'>rescindi,</span> <span class='ocrx_word' id='word_1_56' title='bbox 963 752 1141 792; x_wconf 84' lang='lat' dir='ltr'>retractari,</span> <span class='ocrx_word' id='word_1_57' title='bbox 1162 762 1217 784; x_wconf 86' lang='lat' dir='ltr'>an-</span> 
     </span>
     <span class='ocr_line' id='line_1_11' title="bbox 478 805 1218 845; baseline -0.001 -7"><span class='ocrx_word' id='word_1_58' title='bbox 478 805 608 845; x_wconf 86' lang='lat' dir='ltr'>nullari,</span> <span class='ocrx_word' id='word_1_59' title='bbox 632 805 812 845; x_wconf 84' lang='lat' dir='ltr'>invalidari,</span> <span class='ocrx_word' id='word_1_60' title='bbox 836 805 869 837; x_wconf 91' lang='lat' dir='ltr'>in</span> <span class='ocrx_word' id='word_1_61' title='bbox 891 805 939 838; x_wconf 91' lang='lat' dir='ltr'>ius</span> <span class='ocrx_word' id='word_1_62' title='bbox 959 806 1007 838; x_wconf 81' lang='lat' dir='ltr'>vel</span> <span class='ocrx_word' id='word_1_63' title='bbox 1034 811 1218 838; x_wconf 65' lang='lat' dir='ltr'>controver-</span> 
     </span>
     <span class='ocr_line' id='line_1_12' title="bbox 477 857 1214 899; baseline 0 -9"><span class='ocrx_word' id='word_1_64' title='bbox 477 858 557 891; x_wconf 86' lang='lat' dir='ltr'>siam</span> <span class='ocrx_word' id='word_1_65' title='bbox 583 858 708 899; x_wconf 85' lang='lat' dir='ltr'>vocari,</span> <span class='ocrx_word' id='word_1_66' title='bbox 732 858 772 891; x_wconf 83' lang='lat' dir='ltr'>ad</span> <span class='ocrx_word' id='word_1_67' title='bbox 803 858 957 891; x_wconf 88' lang='lat' dir='ltr'>terminos</span> <span class='ocrx_word' id='word_1_68' title='bbox 983 858 1060 890; x_wconf 90' lang='lat' dir='ltr'>iuris</span> <span class='ocrx_word' id='word_1_69' title='bbox 1086 857 1214 897; x_wconf 78' lang='lat' dir='ltr'>reduci,</span> 
     </span>
     <span class='ocr_line' id='line_1_13' title="bbox 478 907 1218 955; baseline -0.004 -9"><span class='ocrx_word' id='word_1_70' title='bbox 478 922 535 946; x_wconf 88' lang='lat' dir='ltr'>seu</span> <span class='ocrx_word' id='word_1_71' title='bbox 552 907 703 944; x_wconf 75' lang='lat' dir='ltr'>adversus</span> <span class='ocrx_word' id='word_1_72' title='bbox 717 911 771 944; x_wconf 90' lang='lat' dir='ltr'>illa</span> <span class='ocrx_word' id='word_1_73' title='bbox 784 912 1013 955; x_wconf 85' lang='lat' dir='ltr'>quodcumque</span> <span class='ocrx_word' id='word_1_74' title='bbox 1038 911 1126 952; x_wconf 90' lang='lat' dir='ltr'>iuris,</span> <span class='ocrx_word' id='word_1_75' title='bbox 1147 911 1218 944; x_wconf 83' lang='lat' dir='ltr'>sacti</span> 
     </span>
     <span class='ocr_line' id='line_1_14' title="bbox 478 964 1216 1008; baseline 0 -11"><span class='ocrx_word' id='word_1_76' title='bbox 478 965 526 998; x_wconf 88' lang='lat' dir='ltr'>vel</span> <span class='ocrx_word' id='word_1_77' title='bbox 556 964 676 1007; x_wconf 84' lang='lat' dir='ltr'>gratiae</span> <span class='ocrx_word' id='word_1_78' title='bbox 702 964 882 997; x_wconf 88' lang='lat' dir='ltr'>remedium</span> <span class='ocrx_word' id='word_1_79' title='bbox 912 964 1078 1008; x_wconf 87' lang='lat' dir='ltr'>impetrari</span> <span class='ocrx_word' id='word_1_80' title='bbox 1105 975 1216 1008; x_wconf 72' lang='lat' dir='ltr'>posse3</span> 
     </span>
     <span class='ocr_line' id='line_1_15' title="bbox 480 1017 1216 1062; baseline 0 -12"><span class='ocrx_word' id='word_1_81' title='bbox 480 1018 651 1062; x_wconf 85' lang='lat' dir='ltr'>minusque</span> <span class='ocrx_word' id='word_1_82' title='bbox 668 1018 727 1051; x_wconf 86' lang='lat' dir='ltr'>sub</span> <span class='ocrx_word' id='word_1_83' title='bbox 748 1018 912 1061; x_wconf 83' lang='lat' dir='ltr'>quibusvis</span> <span class='ocrx_word' id='word_1_84' title='bbox 930 1017 1082 1050; x_wconf 82' lang='lat' dir='ltr'>similium</span> <span class='ocrx_word' id='word_1_85' title='bbox 1102 1023 1133 1050; x_wconf 91' lang='lat' dir='ltr'>et</span> <span class='ocrx_word' id='word_1_86' title='bbox 1150 1017 1216 1050; x_wconf 91' lang='lat' dir='ltr'>dis-</span> 
     </span>
     <span class='ocr_line' id='line_1_16' title="bbox 480 1071 1219 1113; baseline -0.001 -9"><span class='ocrx_word' id='word_1_87' title='bbox 480 1071 632 1104; x_wconf 84' lang='lat' dir='ltr'>similium</span> <span class='ocrx_word' id='word_1_88' title='bbox 655 1072 831 1113; x_wconf 75' lang='lat' dir='ltr'>gratiarum</span> <span class='ocrx_word' id='word_1_89' title='bbox 853 1078 883 1105; x_wconf 88' lang='lat' dir='ltr'>et</span> <span class='ocrx_word' id='word_1_90' title='bbox 903 1071 1147 1105; x_wconf 75' lang='lat' dir='ltr'>concessionum</span> <span class='ocrx_word' id='word_1_91' title='bbox 1168 1082 1219 1104; x_wconf 85' lang='lat' dir='ltr'>re-</span> 
     </span>
     <span class='ocr_line' id='line_1_17' title="bbox 480 1123 1221 1168; baseline 0 -12"><span class='ocrx_word' id='word_1_92' title='bbox 480 1124 712 1165; x_wconf 87' lang='lat' dir='ltr'>vocationibus,</span> <span class='ocrx_word' id='word_1_93' title='bbox 732 1124 1007 1168; x_wconf 78' lang='lat' dir='ltr'>suspensionibus,</span> <span class='ocrx_word' id='word_1_94' title='bbox 1023 1123 1221 1156; x_wconf 88' lang='lat' dir='ltr'>limitationi-</span> 
     </span>
     <span class='ocr_line' id='line_1_18' title="bbox 481 1177 1221 1220; baseline -0.003 -9"><span class='ocrx_word' id='word_1_95' title='bbox 481 1178 551 1218; x_wconf 92' lang='lat' dir='ltr'>bus,</span> <span class='ocrx_word' id='word_1_96' title='bbox 576 1177 884 1218; x_wconf 74' lang='lat' dir='ltr'>modificationibus,</span> <span class='ocrx_word' id='word_1_97' title='bbox 908 1177 1170 1220; x_wconf 73' lang='lat' dir='ltr'>derogationibus</span> <span class='ocrx_word' id='word_1_98' title='bbox 1191 1182 1221 1210; x_wconf 88' lang='lat' dir='ltr'>et</span> 
     </span>
     <span class='ocr_line' id='line_1_19' title="bbox 482 1231 1218 1276; baseline -0.003 -11"><span class='ocrx_word' id='word_1_99' title='bbox 482 1232 552 1265; x_wconf 87' lang='lat' dir='ltr'>aliis</span> <span class='ocrx_word' id='word_1_100' title='bbox 578 1233 747 1265; x_wconf 80' lang='lat' dir='ltr'>contrariis</span> <span class='ocrx_word' id='word_1_101' title='bbox 768 1232 1050 1276; x_wconf 86' lang='lat' dir='ltr'>dispositionibus,</span> <span class='ocrx_word' id='word_1_102' title='bbox 1072 1242 1090 1264; x_wconf 88' lang='lat' dir='ltr'>a</span> <span class='ocrx_word' id='word_1_103' title='bbox 1115 1231 1218 1271; x_wconf 88' lang='lat' dir='ltr'>nobis,</span> 
     </span>
     <span class='ocr_line' id='line_1_20' title="bbox 482 1285 1223 1330; baseline -0.005 -9"><span class='ocrx_word' id='word_1_104' title='bbox 482 1298 537 1321; x_wconf 85' lang='lat' dir='ltr'>seu</span> <span class='ocrx_word' id='word_1_105' title='bbox 558 1286 723 1330; x_wconf 86' lang='lat' dir='ltr'>quibusvis</span> <span class='ocrx_word' id='word_1_106' title='bbox 744 1286 813 1318; x_wconf 89' lang='lat' dir='ltr'>aliis</span> <span class='ocrx_word' id='word_1_107' title='bbox 834 1286 988 1319; x_wconf 84' lang='lat' dir='ltr'>Romanis</span> <span class='ocrx_word' id='word_1_108' title='bbox 1011 1285 1223 1318; x_wconf 84' lang='lat' dir='ltr'>Pontificibus</span> 
     </span>
     <span class='ocr_line' id='line_1_21' title="bbox 483 1341 1221 1382; baseline -0.003 -7"><span class='ocrx_word' id='word_1_109' title='bbox 483 1341 721 1375; x_wconf 87' lang='lat' dir='ltr'>successoribus</span> <span class='ocrx_word' id='word_1_110' title='bbox 735 1341 862 1382; x_wconf 89' lang='lat' dir='ltr'>nostris,</span> <span class='ocrx_word' id='word_1_111' title='bbox 877 1352 912 1374; x_wconf 84' lang='lat' dir='ltr'>ac</span> <span class='ocrx_word' id='word_1_112' title='bbox 923 1341 1006 1374; x_wconf 72' lang='lat' dir='ltr'>dicta</span> <span class='ocrx_word' id='word_1_113' title='bbox 1020 1341 1112 1381; x_wconf 82' lang='lat' dir='ltr'>Sede,</span> <span class='ocrx_word' id='word_1_114' title='bbox 1126 1341 1221 1373; x_wconf 85' lang='lat' dir='ltr'>etiam</span> 
     </span>
     <span class='ocr_line' id='line_1_22' title="bbox 484 1395 1223 1439; baseline 0 -10"><span class='ocrx_word' id='word_1_115' title='bbox 484 1402 591 1436; x_wconf 85' lang='lat' dir='ltr'>motu,</span> <span class='ocrx_word' id='word_1_116' title='bbox 614 1395 747 1429; x_wconf 78' lang='lat' dir='ltr'>scientia</span> <span class='ocrx_word' id='word_1_117' title='bbox 776 1401 806 1428; x_wconf 91' lang='lat' dir='ltr'>et</span> <span class='ocrx_word' id='word_1_118' title='bbox 830 1396 995 1439; x_wconf 86' lang='lat' dir='ltr'>potestatis</span> <span class='ocrx_word' id='word_1_119' title='bbox 1024 1395 1223 1439; x_wconf 87' lang='lat' dir='ltr'>plenitudine</span> 
     </span>
     <span class='ocr_line' id='line_1_23' title="bbox 484 1449 1224 1493; baseline -0.001 -11"><span class='ocrx_word' id='word_1_120' title='bbox 484 1449 653 1490; x_wconf 88' lang='lat' dir='ltr'>similibus,</span> <span class='ocrx_word' id='word_1_121' title='bbox 671 1459 706 1482; x_wconf 86' lang='lat' dir='ltr'>ac</span> <span class='ocrx_word' id='word_1_122' title='bbox 724 1449 990 1482; x_wconf 75' lang='lat' dir='ltr'>consistorialiter</span> <span class='ocrx_word' id='word_1_123' title='bbox 1007 1459 1065 1492; x_wconf 90' lang='lat' dir='ltr'>pro</span> <span class='ocrx_word' id='word_1_124' title='bbox 1082 1454 1224 1493; x_wconf 85' lang='lat' dir='ltr'>tempore</span> 
     </span>
     <span class='ocr_line' id='line_1_24' title="bbox 485 1502 1224 1546; baseline -0.001 -10"><span class='ocrx_word' id='word_1_125' title='bbox 485 1502 660 1542; x_wconf 86' lang='lat' dir='ltr'>emanatis,</span> <span class='ocrx_word' id='word_1_126' title='bbox 688 1503 871 1535; x_wconf 84' lang='lat' dir='ltr'>nullatenus</span> <span class='ocrx_word' id='word_1_127' title='bbox 895 1502 1138 1546; x_wconf 76' lang='lat' dir='ltr'>comprehendi,</span> <span class='ocrx_word' id='word_1_128' title='bbox 1166 1513 1224 1535; x_wconf 82' lang='lat' dir='ltr'>nec</span> 
     </span>
     <span class='ocr_line' id='line_1_25' title="bbox 486 1556 1224 1600; baseline -0.001 -10"><span class='ocrx_word' id='word_1_129' title='bbox 486 1556 735 1600; x_wconf 84' lang='lat' dir='ltr'>comprehensas</span> <span class='ocrx_word' id='word_1_130' title='bbox 764 1556 909 1596; x_wconf 85' lang='lat' dir='ltr'>censeri,</span> <span class='ocrx_word' id='word_1_131' title='bbox 939 1557 994 1589; x_wconf 91' lang='lat' dir='ltr'>sed</span> <span class='ocrx_word' id='word_1_132' title='bbox 1027 1567 1154 1599; x_wconf 81' lang='lat' dir='ltr'>semper</span> <span class='ocrx_word' id='word_1_133' title='bbox 1185 1557 1224 1589; x_wconf 88' lang='lat' dir='ltr'>ab</span> 
     </span>
     <span class='ocr_line' id='line_1_26' title="bbox 486 1609 1222 1653; baseline -0.001 -10"><span class='ocrx_word' id='word_1_134' title='bbox 486 1610 548 1644; x_wconf 91' lang='lat' dir='ltr'>illis</span> <span class='ocrx_word' id='word_1_135' title='bbox 565 1614 722 1653; x_wconf 78' lang='lat' dir='ltr'>exceptas,</span> <span class='ocrx_word' id='word_1_136' title='bbox 740 1614 770 1642; x_wconf 90' lang='lat' dir='ltr'>et</span> <span class='ocrx_word' id='word_1_137' title='bbox 783 1609 908 1652; x_wconf 90' lang='lat' dir='ltr'>quoties</span> <span class='ocrx_word' id='word_1_138' title='bbox 925 1609 997 1642; x_wconf 85' lang='lat' dir='ltr'>illae</span> <span class='ocrx_word' id='word_1_139' title='bbox 1015 1610 1222 1651; x_wconf 84' lang='lat' dir='ltr'>emanabunt,</span> 
     </span>
     <span class='ocr_line' id='line_1_27' title="bbox 489 1661 1227 1706; baseline 0 -10"><span class='ocrx_word' id='word_1_140' title='bbox 489 1663 580 1697; x_wconf 90' lang='lat' dir='ltr'>toties</span> <span class='ocrx_word' id='word_1_141' title='bbox 604 1663 636 1695; x_wconf 90' lang='lat' dir='ltr'>in</span> <span class='ocrx_word' id='word_1_142' title='bbox 656 1661 828 1706; x_wconf 87' lang='lat' dir='ltr'>pristinum</span> <span class='ocrx_word' id='word_1_143' title='bbox 856 1673 892 1695; x_wconf 90' lang='lat' dir='ltr'>ac</span> <span class='ocrx_word' id='word_1_144' title='bbox 917 1663 1148 1696; x_wconf 84' lang='lat' dir='ltr'>validissimum</span> <span class='ocrx_word' id='word_1_145' title='bbox 1165 1691 1172 1703; x_wconf 90' lang='lat'>,</span> <span class='ocrx_word' id='word_1_146' title='bbox 1196 1670 1227 1696; x_wconf 88' lang='lat' dir='ltr'>et</span> 
     </span>
     <span class='ocr_line' id='line_1_28' title="bbox 488 1717 1224 1760; baseline 0 -11"><span class='ocrx_word' id='word_1_147' title='bbox 488 1727 561 1750; x_wconf 88' lang='lat' dir='ltr'>eum</span> <span class='ocrx_word' id='word_1_148' title='bbox 583 1717 615 1749; x_wconf 88' lang='lat' dir='ltr'>in</span> <span class='ocrx_word' id='word_1_149' title='bbox 636 1727 711 1760; x_wconf 87' lang='lat' dir='ltr'>quo,</span> <span class='ocrx_word' id='word_1_150' title='bbox 726 1722 898 1760; x_wconf 83' lang='lat' dir='ltr'>antequam</span> <span class='ocrx_word' id='word_1_151' title='bbox 918 1722 1114 1758; x_wconf 77' lang='lat' dir='ltr'>emanarent,</span> <span class='ocrx_word' id='word_1_152' title='bbox 1136 1723 1224 1749; x_wconf 88' lang='lat' dir='ltr'>erant</span> 
     </span>
     <span class='ocr_line' id='line_1_29' title="bbox 488 1770 1227 1814; baseline -0.001 -11"><span class='ocrx_word' id='word_1_153' title='bbox 488 1775 605 1803; x_wconf 82' lang='lat' dir='ltr'>statum</span> <span class='ocrx_word' id='word_1_154' title='bbox 636 1770 667 1802; x_wconf 90' lang='lat' dir='ltr'>in</span> <span class='ocrx_word' id='word_1_155' title='bbox 695 1770 846 1803; x_wconf 90' lang='lat' dir='ltr'>omnibus</span> <span class='ocrx_word' id='word_1_156' title='bbox 869 1775 899 1803; x_wconf 88' lang='lat' dir='ltr'>et</span> <span class='ocrx_word' id='word_1_157' title='bbox 919 1771 1026 1814; x_wconf 89' lang='lat' dir='ltr'>quoad</span> <span class='ocrx_word' id='word_1_158' title='bbox 1047 1770 1156 1803; x_wconf 87' lang='lat' dir='ltr'>omnia</span> <span class='ocrx_word' id='word_1_159' title='bbox 1177 1781 1227 1803; x_wconf 76' lang='lat' dir='ltr'>re·</span> 
     </span>
     <span class='ocr_line' id='line_1_30' title="bbox 487 1822 1227 1867; baseline 0 -12"><span class='ocrx_word' id='word_1_160' title='bbox 487 1822 623 1862; x_wconf 87' lang='lat' dir='ltr'>stitutas,</span> <span class='ocrx_word' id='word_1_161' title='bbox 641 1823 797 1867; x_wconf 84' lang='lat' dir='ltr'>repositas</span> <span class='ocrx_word' id='word_1_162' title='bbox 811 1829 839 1856; x_wconf 91' lang='lat' dir='ltr'>et</span> <span class='ocrx_word' id='word_1_163' title='bbox 852 1823 995 1867; x_wconf 80' lang='lat' dir='ltr'>plenarie</span> <span class='ocrx_word' id='word_1_164' title='bbox 1007 1823 1227 1865; x_wconf 75' lang='lat' dir='ltr'>reintegratas⁷</span> 
     </span>
     <span class='ocr_line' id='line_1_31' title="bbox 489 1876 1228 1920; baseline 0.001 -12"><span class='ocrx_word' id='word_1_165' title='bbox 489 1886 525 1909; x_wconf 85' lang='lat' dir='ltr'>ac</span> <span class='ocrx_word' id='word_1_166' title='bbox 543 1876 638 1909; x_wconf 84' lang='lat' dir='ltr'>etiam</span> <span class='ocrx_word' id='word_1_167' title='bbox 659 1877 718 1909; x_wconf 90' lang='lat' dir='ltr'>sub</span> <span class='ocrx_word' id='word_1_168' title='bbox 739 1886 944 1920; x_wconf 87' lang='lat' dir='ltr'>quacumque</span> <span class='ocrx_word' id='word_1_169' title='bbox 964 1877 1035 1909; x_wconf 74' lang='lat' dir='ltr'>data</span> <span class='ocrx_word' id='word_1_170' title='bbox 1054 1876 1147 1909; x_wconf 90' lang='lat' dir='ltr'>etiam</span> <span class='ocrx_word' id='word_1_171' title='bbox 1169 1887 1228 1920; x_wconf 87' lang='lat' dir='ltr'>po-</span> 
     </span>
     <span class='ocr_line' id='line_1_32' title="bbox 488 1930 1229 1974; baseline -0.003 -10"><span class='ocrx_word' id='word_1_172' title='bbox 488 1930 626 1971; x_wconf 86' lang='lat' dir='ltr'>steriori,</span> <span class='ocrx_word' id='word_1_173' title='bbox 642 1940 700 1974; x_wconf 91' lang='lat' dir='ltr'>per</span> <span class='ocrx_word' id='word_1_174' title='bbox 712 1941 931 1974; x_wconf 87' lang='lat' dir='ltr'>quoscumque</span> <span class='ocrx_word' id='word_1_175' title='bbox 946 1930 1097 1963; x_wconf 82' lang='lat' dir='ltr'>interesse</span> <span class='ocrx_word' id='word_1_176' title='bbox 1109 1930 1229 1962; x_wconf 84' lang='lat' dir='ltr'>baben-</span> 
     </span>
     <span class='ocr_line' id='line_1_33' title="bbox 491 1984 1225 2029; baseline -0.005 -9"><span class='ocrx_word' id='word_1_177' title='bbox 491 1992 535 2020; x_wconf 87' lang='lat' dir='ltr'>tes</span> <span class='ocrx_word' id='word_1_178' title='bbox 553 1995 612 2029; x_wconf 88' lang='lat' dir='ltr'>pro</span> <span class='ocrx_word' id='word_1_179' title='bbox 635 1990 780 2028; x_wconf 88' lang='lat' dir='ltr'>tempore</span> <span class='ocrx_word' id='word_1_180' title='bbox 806 1984 962 2026; x_wconf 75' lang='lat' dir='ltr'>eligenda,</span> <span class='ocrx_word' id='word_1_181' title='bbox 984 1984 1022 2017; x_wconf 88' lang='lat' dir='ltr'>de</span> <span class='ocrx_word' id='word_1_182' title='bbox 1043 1994 1125 2017; x_wconf 83' lang='lat' dir='ltr'>novo</span> <span class='ocrx_word' id='word_1_183' title='bbox 1146 1994 1225 2017; x_wconf 89' lang='lat' dir='ltr'>con-</span> 
     </span>
     <span class='ocr_line' id='line_1_34' title="bbox 490 2038 1229 2081; baseline -0.004 -8"><span class='ocrx_word' id='word_1_184' title='bbox 490 2049 605 2079; x_wconf 85' lang='lat' dir='ltr'>cessas,</span> <span class='ocrx_word' id='word_1_185' title='bbox 619 2049 655 2071; x_wconf 84' lang='lat' dir='ltr'>ac</span> <span class='ocrx_word' id='word_1_186' title='bbox 668 2043 780 2071; x_wconf 84' lang='lat' dir='ltr'>contra</span> <span class='ocrx_word' id='word_1_187' title='bbox 797 2043 827 2070; x_wconf 86' lang='lat' dir='ltr'>et</span> <span class='ocrx_word' id='word_1_188' title='bbox 842 2038 994 2070; x_wconf 81' lang='lat' dir='ltr'>adversus</span> <span class='ocrx_word' id='word_1_189' title='bbox 1009 2048 1229 2081; x_wconf 82' lang='lat' dir='ltr'>quascumque</span> 
     </span>
     <span class='ocr_line' id='line_1_35' title="bbox 491 2091 1229 2136; baseline -0.004 -9"><span class='ocrx_word' id='word_1_190' title='bbox 491 2092 705 2136; x_wconf 85' lang='lat' dir='ltr'>exceptiones,</span> <span class='ocrx_word' id='word_1_191' title='bbox 729 2091 824 2124; x_wconf 85' lang='lat' dir='ltr'>etiam</span> <span class='ocrx_word' id='word_1_192' title='bbox 850 2091 1055 2135; x_wconf 87' lang='lat' dir='ltr'>quantumvis</span> <span class='ocrx_word' id='word_1_193' title='bbox 1082 2091 1180 2124; x_wconf 85' lang='lat' dir='ltr'>iustas</span> <span class='ocrx_word' id='word_1_194' title='bbox 1200 2097 1229 2124; x_wconf 87' lang='lat' dir='ltr'>et</span> 
     </span>
     <span class='ocr_line' id='line_1_36' title="bbox 492 2144 1226 2188; baseline -0.003 -8"><span class='ocrx_word' id='word_1_195' title='bbox 492 2146 662 2186; x_wconf 84' lang='lat' dir='ltr'>iuridicas,</span> <span class='ocrx_word' id='word_1_196' title='bbox 683 2156 720 2178; x_wconf 89' lang='lat' dir='ltr'>ac</span> <span class='ocrx_word' id='word_1_197' title='bbox 740 2144 928 2188; x_wconf 84' lang='lat' dir='ltr'>quorumvis</span> <span class='ocrx_word' id='word_1_198' title='bbox 949 2145 1226 2188; x_wconf 78' lang='lat' dir='ltr'>impugnationes,</span> 
     </span>
     <span class='ocr_line' id='line_1_37' title="bbox 491 2197 1231 2244; baseline -0.001 -12"><span class='ocrx_word' id='word_1_199' title='bbox 491 2200 516 2233; x_wconf 88' lang='lat' dir='ltr'>si</span> <span class='ocrx_word' id='word_1_200' title='bbox 538 2210 616 2244; x_wconf 87' lang='lat' dir='ltr'>quas</span> <span class='ocrx_word' id='word_1_201' title='bbox 637 2209 695 2243; x_wconf 92' lang='lat' dir='ltr'>pro</span> <span class='ocrx_word' id='word_1_202' title='bbox 718 2204 863 2242; x_wconf 85' lang='lat' dir='ltr'>ternpore</span> <span class='ocrx_word' id='word_1_203' title='bbox 881 2197 951 2231; x_wconf 83' lang='lat' dir='ltr'>fieri</span> <span class='ocrx_word' id='word_1_204' title='bbox 965 2198 1145 2240; x_wconf 80' lang='lat' dir='ltr'>contigerit,</span> <span class='ocrx_word' id='word_1_205' title='bbox 1163 2209 1231 2232; x_wconf 88' lang='lat' dir='ltr'>om-</span> 
     </span>
     <span class='ocr_line' id='line_1_38' title="bbox 492 2252 1231 2295; baseline -0.003 -8"><span class='ocrx_word' id='word_1_206' title='bbox 492 2253 570 2287; x_wconf 90' lang='lat' dir='ltr'>nino</span> <span class='ocrx_word' id='word_1_207' title='bbox 595 2258 626 2286; x_wconf 87' lang='lat' dir='ltr'>et</span> <span class='ocrx_word' id='word_1_208' title='bbox 653 2263 782 2295; x_wconf 86' lang='lat' dir='ltr'>semper</span> <span class='ocrx_word' id='word_1_209' title='bbox 802 2252 921 2284; x_wconf 88' lang='lat' dir='ltr'>validas</span> <span class='ocrx_word' id='word_1_210' title='bbox 941 2257 971 2285; x_wconf 91' lang='lat' dir='ltr'>et</span> <span class='ocrx_word' id='word_1_211' title='bbox 999 2252 1143 2285; x_wconf 74' lang='lat' dir='ltr'>efficaces</span> <span class='ocrx_word' id='word_1_212' title='bbox 1164 2253 1231 2285; x_wconf 84' lang='lat' dir='ltr'>fore</span> 
     </span>
     <span class='ocr_line' id='line_1_39' title="bbox 494 2305 1232 2349; baseline -0.001 -9"><span class='ocrx_word' id='word_1_213' title='bbox 494 2317 572 2346; x_wconf 87' lang='lat' dir='ltr'>esse,</span> <span class='ocrx_word' id='word_1_214' title='bbox 590 2311 621 2339; x_wconf 84' lang='lat' dir='ltr'>et</span> <span class='ocrx_word' id='word_1_215' title='bbox 637 2305 771 2345; x_wconf 88' lang='lat' dir='ltr'>censeri,</span> <span class='ocrx_word' id='word_1_216' title='bbox 795 2316 933 2348; x_wconf 86' lang='lat' dir='ltr'>suosque</span> <span class='ocrx_word' id='word_1_217' title='bbox 954 2305 1114 2349; x_wconf 87' lang='lat' dir='ltr'>plenarios</span> <span class='ocrx_word' id='word_1_218' title='bbox 1135 2311 1166 2339; x_wconf 89' lang='lat' dir='ltr'>et</span> <span class='ocrx_word' id='word_1_219' title='bbox 1186 2306 1232 2339; x_wconf 90' lang='lat' dir='ltr'>in-</span> 
     </span>
     <span class='ocr_line' id='line_1_40' title="bbox 496 2358 1233 2403; baseline -0.001 -10"><span class='ocrx_word' id='word_1_220' title='bbox 496 2365 601 2402; x_wconf 77' lang='lat' dir='ltr'>tegros</span> <span class='ocrx_word' id='word_1_221' title='bbox 622 2359 752 2392; x_wconf 77' lang='lat' dir='ltr'>effectus</span> <span class='ocrx_word' id='word_1_222' title='bbox 773 2358 904 2398; x_wconf 89' lang='lat' dir='ltr'>sortiri,</span> <span class='ocrx_word' id='word_1_223' title='bbox 928 2364 959 2391; x_wconf 89' lang='lat' dir='ltr'>et</span> <span class='ocrx_word' id='word_1_224' title='bbox 990 2359 1134 2402; x_wconf 87' lang='lat' dir='ltr'>partibus</span> <span class='ocrx_word' id='word_1_225' title='bbox 1158 2359 1233 2403; x_wconf 86' lang='lat' dir='ltr'>ipsis</span> 
     </span>
     <span class='ocr_line' id='line_1_41' title="bbox 494 2411 1234 2457; baseline -0.001 -11"><span class='ocrx_word' id='word_1_226' title='bbox 494 2418 652 2457; x_wconf 89' lang='lat' dir='ltr'>perpetuo</span> <span class='ocrx_word' id='word_1_227' title='bbox 681 2411 848 2454; x_wconf 79' lang='lat' dir='ltr'>suffragari</span> <span class='ocrx_word' id='word_1_228' title='bbox 880 2411 910 2444; x_wconf 92' lang='lat' dir='ltr'>in</span> <span class='ocrx_word' id='word_1_229' title='bbox 943 2411 1092 2444; x_wconf 87' lang='lat' dir='ltr'>omnibus</span> <span class='ocrx_word' id='word_1_230' title='bbox 1118 2417 1148 2445; x_wconf 86' lang='lat' dir='ltr'>et</span> <span class='ocrx_word' id='word_1_231' title='bbox 1177 2423 1234 2455; x_wconf 85' lang='lat' dir='ltr'>per</span> 
     </span>
     <span class='ocr_line' id='line_1_42' title="bbox 495 2464 1234 2508; baseline -0.001 -8"><span class='ocrx_word' id='word_1_232' title='bbox 495 2466 615 2506; x_wconf 87' lang='lat' dir='ltr'>omnia,</span> <span class='ocrx_word' id='word_1_233' title='bbox 639 2465 724 2506; x_wconf 87' lang='lat' dir='ltr'>acsi,</span> <span class='ocrx_word' id='word_1_234' title='bbox 738 2464 859 2498; x_wconf 86' lang='lat' dir='ltr'>vocatis</span> <span class='ocrx_word' id='word_1_235' title='bbox 879 2465 1029 2498; x_wconf 87' lang='lat' dir='ltr'>omnibus</span> <span class='ocrx_word' id='word_1_236' title='bbox 1050 2470 1081 2497; x_wconf 84' lang='lat' dir='ltr'>et</span> <span class='ocrx_word' id='word_1_237' title='bbox 1100 2465 1234 2508; x_wconf 82' lang='lat' dir='ltr'>singulis</span> 
     </span>
     <span class='ocr_line' id='line_1_43' title="bbox 496 2519 1230 2564; baseline 0 -12"><span class='ocrx_word' id='word_1_238' title='bbox 496 2530 635 2564; x_wconf 89' lang='lat' dir='ltr'>quorum</span> <span class='ocrx_word' id='word_1_239' title='bbox 661 2519 812 2559; x_wconf 84' lang='lat' dir='ltr'>interest,</span> <span class='ocrx_word' id='word_1_240' title='bbox 836 2519 875 2552; x_wconf 95' lang='lat' dir='ltr'>de</span> <span class='ocrx_word' id='word_1_241' title='bbox 895 2519 1024 2552; x_wconf 90' lang='lat' dir='ltr'>illorum</span> <span class='ocrx_word' id='word_1_242' title='bbox 1051 2529 1230 2561; x_wconf 79' lang='lat' dir='ltr'>consensu,</span> 
     </span>
     <span class='ocr_line' id='line_1_44' title="bbox 496 2572 1235 2606; baseline 0 0"><span class='ocrx_word' id='word_1_243' title='bbox 496 2584 556 2606; x_wconf 88' lang='lat' dir='ltr'>nec</span> <span class='ocrx_word' id='word_1_244' title='bbox 576 2584 642 2606; x_wconf 90' lang='lat' dir='ltr'>non</span> <span class='ocrx_word' id='word_1_245' title='bbox 662 2572 778 2606; x_wconf 88' lang='lat' dir='ltr'>debitis</span> <span class='ocrx_word' id='word_1_246' title='bbox 798 2573 987 2606; x_wconf 85' lang='lat' dir='ltr'>tractatibus</span> <span class='ocrx_word' id='word_1_247' title='bbox 1009 2578 1038 2606; x_wconf 89' lang='lat' dir='ltr'>et</span> <span class='ocrx_word' id='word_1_248' title='bbox 1055 2573 1235 2606; x_wconf 86' lang='lat' dir='ltr'>solemnita-</span> 
     </span>
     <span class='ocr_line' id='line_1_45' title="bbox 497 2626 1234 2671; baseline 0.001 -12"><span class='ocrx_word' id='word_1_249' title='bbox 497 2627 594 2666; x_wconf 86' lang='lat' dir='ltr'>tibus,</span> <span class='ocrx_word' id='word_1_250' title='bbox 614 2626 810 2670; x_wconf 86' lang='lat' dir='ltr'>caeterisque</span> <span class='ocrx_word' id='word_1_251' title='bbox 828 2627 868 2660; x_wconf 82' lang='lat' dir='ltr'>ad</span> <span class='ocrx_word' id='word_1_252' title='bbox 885 2627 946 2660; x_wconf 83' lang='lat' dir='ltr'>boc</span> <span class='ocrx_word' id='word_1_253' title='bbox 964 2626 1125 2671; x_wconf 84' lang='lat' dir='ltr'>requisitis</span> <span class='ocrx_word' id='word_1_254' title='bbox 1141 2628 1234 2671; x_wconf 86' lang='lat' dir='ltr'>plene</span> 
     </span>
     <span class='ocr_line' id='line_1_46' title="bbox 499 2680 1234 2726; baseline 0 -12"><span class='ocrx_word' id='word_1_255' title='bbox 499 2680 630 2715; x_wconf 84' lang='lat' dir='ltr'>servatis</span> <span class='ocrx_word' id='word_1_256' title='bbox 651 2687 682 2714; x_wconf 91' lang='lat' dir='ltr'>et</span> <span class='ocrx_word' id='word_1_257' title='bbox 708 2680 870 2723; x_wconf 81' lang='lat' dir='ltr'>adbibitiS,</span> <span class='ocrx_word' id='word_1_258' title='bbox 892 2686 1092 2715; x_wconf 84' lang='lat' dir='ltr'>emanassent</span> <span class='ocrx_word' id='word_1_259' title='bbox 1101 2692 1110 2722; x_wconf 78' lang='lat'>3</span> <span class='ocrx_word' id='word_1_260' title='bbox 1130 2691 1234 2726; x_wconf 84' lang='lat' dir='ltr'>neque</span> 
     </span>
    </p>
   </div>
   <div class='ocr_carea' id='block_1_3' title="bbox 1230 332 1255 2709">
    <p class='ocr_par' dir='ltr' id='par_1_3' title="bbox 1230 332 1255 2709">
     <span class='ocr_line' id='line_1_47' title="bbox 1230 332 1255 2709; baseline 0 0"><span class='ocrx_word' id='word_1_261' title='bbox 1230 332 1255 2709; x_wconf 95' lang='lat' dir='ltr'> </span> 
     </span>
    </p>
   </div>
   <div class='ocr_carea' id='block_1_4' title="bbox 1041 279 1400 304">
    <p class='ocr_par' dir='ltr' id='par_1_4' title="bbox 1041 279 1400 304">
     <span class='ocr_line' id='line_1_48' title="bbox 1041 279 1400 304; baseline 0.006 -2"><span class='ocrx_word' id='word_1_262' title='bbox 1041 279 1222 303; x_wconf 74' lang='lat' dir='ltr'>BURLUIALM</span> <span class='ocrx_word' id='word_1_263' title='bbox 1248 279 1400 304; x_wconf 78' lang='lat' dir='ltr'><strong>ROMANUM</strong></span> 
     </span>
    </p>
   </div>
   <div class='ocr_carea' id='block_1_5' title="bbox 1248 326 2001 1704">
    <p class='ocr_par' dir='ltr' id='par_1_5' title="bbox 1248 326 1994 1005">
     <span class='ocr_line' id='line_1_49' title="bbox 1248 326 1988 371; baseline 0.001 -12"><span class='ocrx_word' id='word_1_264' title='bbox 1248 327 1389 371; x_wconf 87' lang='lat' dir='ltr'>ipsarum</span> <span class='ocrx_word' id='word_1_265' title='bbox 1405 327 1613 360; x_wconf 85' lang='lat' dir='ltr'>ecclesiarum</span> <span class='ocrx_word' id='word_1_266' title='bbox 1627 326 1876 360; x_wconf 86' lang='lat' dir='ltr'>Ravennatensis</span> <span class='ocrx_word' id='word_1_267' title='bbox 1889 331 1921 360; x_wconf 90' lang='lat' dir='ltr'>et</span> <span class='ocrx_word' id='word_1_268' title='bbox 1932 327 1988 360; x_wconf 92' lang='lat' dir='ltr'>Bo-</span> 
     </span>
     <span class='ocr_line' id='line_1_50' title="bbox 1249 379 1989 423; baseline 0.001 -11"><span class='ocrx_word' id='word_1_269' title='bbox 1249 379 1413 412; x_wconf 91' lang='lat' dir='ltr'>noniensis</span> <span class='ocrx_word' id='word_1_270' title='bbox 1433 379 1598 422; x_wconf 86' lang='lat' dir='ltr'>praesules</span> <span class='ocrx_word' id='word_1_271' title='bbox 1614 389 1673 422; x_wconf 90' lang='lat' dir='ltr'>pro</span> <span class='ocrx_word' id='word_1_272' title='bbox 1691 384 1838 423; x_wconf 85' lang='lat' dir='ltr'>tempore</span> <span class='ocrx_word' id='word_1_273' title='bbox 1852 379 1989 413; x_wconf 82' lang='lat' dir='ltr'>existen-</span> 
     </span>
     <span class='ocr_line' id='line_1_51' title="bbox 1251 432 1989 476; baseline 0 -11"><span class='ocrx_word' id='word_1_274' title='bbox 1251 437 1296 466; x_wconf 86' lang='lat' dir='ltr'>tes</span> <span class='ocrx_word' id='word_1_275' title='bbox 1310 460 1317 473; x_wconf 94' lang='lat'>,</span> <span class='ocrx_word' id='word_1_276' title='bbox 1343 433 1388 466; x_wconf 75' lang='lat' dir='ltr'>rel</span> <span class='ocrx_word' id='word_1_277' title='bbox 1410 432 1490 465; x_wconf 89' lang='lat' dir='ltr'>alios</span> <span class='ocrx_word' id='word_1_278' title='bbox 1515 442 1751 476; x_wconf 83' lang='lat' dir='ltr'>quoscumque,</span> <span class='ocrx_word' id='word_1_279' title='bbox 1777 432 1819 465; x_wconf 90' lang='lat' dir='ltr'>ad</span> <span class='ocrx_word' id='word_1_280' title='bbox 1841 432 1989 476; x_wconf 89' lang='lat' dir='ltr'>superius</span> 
     </span>
     <span class='ocr_line' id='line_1_52' title="bbox 1250 485 1989 529; baseline -0.001 -10"><span class='ocrx_word' id='word_1_281' title='bbox 1250 496 1399 529; x_wconf 86' lang='lat' dir='ltr'>expressa</span> <span class='ocrx_word' id='word_1_282' title='bbox 1414 485 1444 518; x_wconf 85' lang='lat' dir='ltr'>in</span> <span class='ocrx_word' id='word_1_283' title='bbox 1458 490 1525 518; x_wconf 86' lang='lat' dir='ltr'>toto</span> <span class='ocrx_word' id='word_1_284' title='bbox 1538 486 1586 518; x_wconf 91' lang='lat' dir='ltr'>vel</span> <span class='ocrx_word' id='word_1_285' title='bbox 1607 485 1638 518; x_wconf 91' lang='lat' dir='ltr'>in</span> <span class='ocrx_word' id='word_1_286' title='bbox 1656 491 1747 529; x_wconf 88' lang='lat' dir='ltr'>parte</span> <span class='ocrx_word' id='word_1_287' title='bbox 1759 485 1989 518; x_wconf 87' lang='lat' dir='ltr'>verificandum</span> 
     </span>
     <span class='ocr_line' id='line_1_53' title="bbox 1250 537 1991 582; baseline -0.001 -10"><span class='ocrx_word' id='word_1_288' title='bbox 1250 549 1306 572; x_wconf 91' lang='lat' dir='ltr'>seu</span> <span class='ocrx_word' id='word_1_289' title='bbox 1326 538 1529 582; x_wconf 86' lang='lat' dir='ltr'>probandum</span> <span class='ocrx_word' id='word_1_290' title='bbox 1548 537 1654 571; x_wconf 90' lang='lat' dir='ltr'>nnllo¹</span> <span class='ocrx_word' id='word_1_291' title='bbox 1669 548 1823 582; x_wconf 86' lang='lat' dir='ltr'>umquam</span> <span class='ocrx_word' id='word_1_292' title='bbox 1844 543 1991 582; x_wconf 88' lang='lat' dir='ltr'>tempore</span> 
     </span>
     <span class='ocr_line' id='line_1_54' title="bbox 1252 590 1990 635; baseline 0 -11"><span class='ocrx_word' id='word_1_293' title='bbox 1252 592 1364 632; x_wconf 87' lang='lat' dir='ltr'>teneri,</span> <span class='ocrx_word' id='word_1_294' title='bbox 1388 602 1447 624; x_wconf 88' lang='lat' dir='ltr'>nec</span> <span class='ocrx_word' id='word_1_295' title='bbox 1464 591 1504 624; x_wconf 88' lang='lat' dir='ltr'>ad</span> <span class='ocrx_word' id='word_1_296' title='bbox 1522 591 1553 624; x_wconf 91' lang='lat' dir='ltr'>id</span> <span class='ocrx_word' id='word_1_297' title='bbox 1575 591 1685 635; x_wconf 89' lang='lat' dir='ltr'>quavis</span> <span class='ocrx_word' id='word_1_298' title='bbox 1705 591 1895 624; x_wconf 85' lang='lat' dir='ltr'>necessitate</span> <span class='ocrx_word' id='word_1_299' title='bbox 1919 590 1990 634; x_wconf 84' lang='lat' dir='ltr'>cogi</span> 
     </span>
     <span class='ocr_line' id='line_1_55' title="bbox 1252 644 1990 688; baseline 0 -11"><span class='ocrx_word' id='word_1_300' title='bbox 1252 650 1307 677; x_wconf 87' lang='lat' dir='ltr'>aut</span> <span class='ocrx_word' id='word_1_301' title='bbox 1319 644 1469 688; x_wconf 86' lang='lat' dir='ltr'>compelli</span> <span class='ocrx_word' id='word_1_302' title='bbox 1483 654 1588 687; x_wconf 91' lang='lat' dir='ltr'>posse,</span> <span class='ocrx_word' id='word_1_303' title='bbox 1609 644 1664 678; x_wconf 90' lang='lat' dir='ltr'>sed</span> <span class='ocrx_word' id='word_1_304' title='bbox 1678 644 1779 677; x_wconf 87' lang='lat' dir='ltr'>solam</span> <span class='ocrx_word' id='word_1_305' title='bbox 1796 644 1990 677; x_wconf 88' lang='lat' dir='ltr'>narrativam</span> 
     </span>
     <span class='ocr_line' id='line_1_56' title="bbox 1252 697 1991 742; baseline 0.001 -13"><span class='ocrx_word' id='word_1_306' title='bbox 1252 697 1463 742; x_wconf 85' lang='lat' dir='ltr'>praedictam,</span> <span class='ocrx_word' id='word_1_307' title='bbox 1484 698 1605 741; x_wconf 82' lang='lat' dir='ltr'>absque</span> <span class='ocrx_word' id='word_1_308' title='bbox 1625 697 1687 730; x_wconf 80' lang='lat' dir='ltr'>alia</span> <span class='ocrx_word' id='word_1_309' title='bbox 1706 697 1924 730; x_wconf 85' lang='lat' dir='ltr'>verificatione</span> <span class='ocrx_word' id='word_1_310' title='bbox 1942 697 1991 731; x_wconf 88' lang='lat' dir='ltr'>vel</span> 
     </span>
     <span class='ocr_line' id='line_1_57' title="bbox 1253 750 1993 794; baseline 0 -11"><span class='ocrx_word' id='word_1_311' title='bbox 1253 750 1455 794; x_wconf 76' lang='lat' dir='ltr'>probatione,</span> <span class='ocrx_word' id='word_1_312' title='bbox 1479 750 1638 792; x_wconf 83' lang='lat' dir='ltr'>sufficere,</span> <span class='ocrx_word' id='word_1_313' title='bbox 1656 750 1749 794; x_wconf 88' lang='lat' dir='ltr'>eique</span> <span class='ocrx_word' id='word_1_314' title='bbox 1770 750 1802 783; x_wconf 92' lang='lat' dir='ltr'>in</span> <span class='ocrx_word' id='word_1_315' title='bbox 1823 750 1942 784; x_wconf 91' lang='lat' dir='ltr'>iudicio</span> <span class='ocrx_word' id='word_1_316' title='bbox 1958 755 1993 784; x_wconf 81' lang='lat' dir='ltr'>et</span> 
     </span>
     <span class='ocr_line' id='line_1_58' title="bbox 1253 802 1993 848; baseline 0 -12"><span class='ocrx_word' id='word_1_317' title='bbox 1253 810 1339 837; x_wconf 80' lang='lat' dir='ltr'>extra</span> <span class='ocrx_word' id='word_1_318' title='bbox 1357 804 1434 836; x_wconf 92' lang='lat' dir='ltr'>illud</span> <span class='ocrx_word' id='word_1_319' title='bbox 1453 803 1529 836; x_wconf 88' lang='lat' dir='ltr'>stari</span> <span class='ocrx_word' id='word_1_320' title='bbox 1542 804 1562 844; x_wconf 72' lang='lat'>²,</span> <span class='ocrx_word' id='word_1_321' title='bbox 1586 814 1646 837; x_wconf 89' lang='lat' dir='ltr'>nec</span> <span class='ocrx_word' id='word_1_322' title='bbox 1662 803 1803 848; x_wconf 85' lang='lat' dir='ltr'>aliquam</span> <span class='ocrx_word' id='word_1_323' title='bbox 1821 802 1993 847; x_wconf 88' lang='lat' dir='ltr'>probatio-</span> 
     </span>
     <span class='ocr_line' id='line_1_59' title="bbox 1253 857 1994 901; baseline 0 -11"><span class='ocrx_word' id='word_1_324' title='bbox 1253 868 1325 890; x_wconf 87' lang='lat' dir='ltr'>nem</span> <span class='ocrx_word' id='word_1_325' title='bbox 1344 867 1400 890; x_wconf 87' lang='lat' dir='ltr'>seu</span> <span class='ocrx_word' id='word_1_326' title='bbox 1421 857 1641 901; x_wconf 79' lang='lat' dir='ltr'>exceptionem</span> <span class='ocrx_word' id='word_1_327' title='bbox 1654 884 1661 898; x_wconf 94' lang='lat'>,</span> <span class='ocrx_word' id='word_1_328' title='bbox 1686 857 1841 901; x_wconf 89' lang='lat' dir='ltr'>cuiusque</span> <span class='ocrx_word' id='word_1_329' title='bbox 1859 863 1994 890; x_wconf 85' lang='lat' dir='ltr'>naturae</span> 
     </span>
     <span class='ocr_line' id='line_1_60' title="bbox 1253 910 1992 955; baseline -0.001 -11"><span class='ocrx_word' id='word_1_330' title='bbox 1253 916 1284 944; x_wconf 88' lang='lat' dir='ltr'>et</span> <span class='ocrx_word' id='word_1_331' title='bbox 1304 911 1421 955; x_wconf 87' lang='lat' dir='ltr'>speciei</span> <span class='ocrx_word' id='word_1_332' title='bbox 1441 911 1493 943; x_wconf 85' lang='lat' dir='ltr'>illa</span> <span class='ocrx_word' id='word_1_333' title='bbox 1506 911 1545 945; x_wconf 91' lang='lat' dir='ltr'>sit</span> <span class='ocrx_word' id='word_1_334' title='bbox 1559 912 1606 944; x_wconf 92' lang='lat' dir='ltr'>vel</span> <span class='ocrx_word' id='word_1_335' title='bbox 1624 911 1730 951; x_wconf 90' lang='lat' dir='ltr'>suerit,</span> <span class='ocrx_word' id='word_1_336' title='bbox 1749 911 1779 943; x_wconf 91' lang='lat' dir='ltr'>in</span> <span class='ocrx_word' id='word_1_337' title='bbox 1794 910 1992 944; x_wconf 87' lang='lat' dir='ltr'>contrarium</span> 
     </span>
     <span class='ocr_line' id='line_1_61' title="bbox 1253 965 1604 1005; baseline 0 -8"><span class='ocrx_word' id='word_1_338' title='bbox 1253 965 1369 998; x_wconf 89' lang='lat' dir='ltr'>adduci</span> <span class='ocrx_word' id='word_1_339' title='bbox 1390 965 1437 998; x_wconf 80' lang='lat' dir='ltr'>vel</span> <span class='ocrx_word' id='word_1_340' title='bbox 1460 965 1604 1005; x_wconf 79' lang='lat' dir='ltr'>admitti3</span> 
     </span>
    </p>

    <p class='ocr_par' dir='ltr' id='par_1_6' title="bbox 1255 1017 2001 1704">
     <span class='ocr_line' id='line_1_62' title="bbox 1299 1017 1994 1062; baseline 0 -12"><span class='ocrx_word' id='word_1_341' title='bbox 1299 1020 1315 1060; x_wconf 65' lang='grc' dir='ltr'>ξ</span> <span class='ocrx_word' id='word_1_342' title='bbox 1333 1017 1363 1050; x_wconf 84' lang='grc'>8.</span> <span class='ocrx_word' id='word_1_343' title='bbox 1380 1018 1507 1061; x_wconf 88' lang='lat' dir='ltr'>Sicque‚</span> <span class='ocrx_word' id='word_1_344' title='bbox 1525 1023 1555 1051; x_wconf 91' lang='lat' dir='ltr'>et</span> <span class='ocrx_word' id='word_1_345' title='bbox 1569 1028 1633 1051; x_wconf 88' lang='lat' dir='ltr'>non</span> <span class='ocrx_word' id='word_1_346' title='bbox 1647 1018 1739 1051; x_wconf 83' lang='lat' dir='ltr'>aliter</span> <span class='ocrx_word' id='word_1_347' title='bbox 1751 1028 1809 1062; x_wconf 88' lang='lat' dir='ltr'>per</span> <span class='ocrx_word' id='word_1_348' title='bbox 1821 1027 1994 1061; x_wconf 88' lang='lat' dir='ltr'>quoscum-</span> 
     </span>
     <span class='ocr_line' id='line_1_63' title="bbox 1255 1069 1992 1114; baseline 0 -12"><span class='ocrx_word' id='word_1_349' title='bbox 1255 1081 1316 1114; x_wconf 83' lang='lat' dir='ltr'>que</span> <span class='ocrx_word' id='word_1_350' title='bbox 1330 1070 1452 1104; x_wconf 86' lang='lat' dir='ltr'>iudices</span> <span class='ocrx_word' id='word_1_351' title='bbox 1466 1071 1646 1104; x_wconf 88' lang='lat' dir='ltr'>ordinarios</span> <span class='ocrx_word' id='word_1_352' title='bbox 1660 1076 1691 1104; x_wconf 89' lang='lat' dir='ltr'>et</span> <span class='ocrx_word' id='word_1_353' title='bbox 1707 1071 1881 1113; x_wconf 82' lang='lat' dir='ltr'>delegatos,</span> <span class='ocrx_word' id='word_1_354' title='bbox 1896 1069 1992 1103; x_wconf 89' lang='lat' dir='ltr'>etiam</span> 
     </span>
     <span class='ocr_line' id='line_1_64' title="bbox 1255 1124 1993 1167; baseline -0.001 -10"><span class='ocrx_word' id='word_1_355' title='bbox 1255 1135 1423 1157; x_wconf 84' lang='lat' dir='ltr'>causarum</span> <span class='ocrx_word' id='word_1_356' title='bbox 1446 1124 1521 1158; x_wconf 88' lang='lat' dir='ltr'>dicti</span> <span class='ocrx_word' id='word_1_357' title='bbox 1535 1125 1647 1158; x_wconf 85' lang='lat' dir='ltr'>Palatii</span> <span class='ocrx_word' id='word_1_358' title='bbox 1662 1125 1836 1165; x_wconf 85' lang='lat' dir='ltr'>auditores,</span> <span class='ocrx_word' id='word_1_359' title='bbox 1851 1134 1887 1157; x_wconf 83' lang='lat' dir='ltr'>ac</span> <span class='ocrx_word' id='word_1_360' title='bbox 1899 1133 1993 1167; x_wconf 87' lang='lat' dir='ltr'>prae-</span> 
     </span>
     <span class='ocr_line' id='line_1_65' title="bbox 1256 1176 1996 1218; baseline -0.003 -8"><span class='ocrx_word' id='word_1_361' title='bbox 1256 1177 1358 1210; x_wconf 89' lang='lat' dir='ltr'>dictos</span> <span class='ocrx_word' id='word_1_362' title='bbox 1376 1183 1406 1210; x_wconf 90' lang='lat' dir='ltr'>et</span> <span class='ocrx_word' id='word_1_363' title='bbox 1424 1177 1503 1210; x_wconf 86' lang='lat' dir='ltr'>alios</span> <span class='ocrx_word' id='word_1_364' title='bbox 1520 1178 1709 1218; x_wconf 84' lang='lat' dir='ltr'>cardinales,</span> <span class='ocrx_word' id='word_1_365' title='bbox 1726 1177 1821 1210; x_wconf 86' lang='lat' dir='ltr'>etiam</span> <span class='ocrx_word' id='word_1_366' title='bbox 1840 1177 1878 1210; x_wconf 90' lang='lat' dir='ltr'>de</span> <span class='ocrx_word' id='word_1_367' title='bbox 1894 1176 1996 1209; x_wconf 85' lang='lat' dir='ltr'>latere</span> 
     </span>
     <span class='ocr_line' id='line_1_66' title="bbox 1257 1232 1996 1275; baseline 0.001 -11"><span class='ocrx_word' id='word_1_368' title='bbox 1257 1233 1391 1274; x_wconf 79' lang='lat' dir='ltr'>legatos,</span> <span class='ocrx_word' id='word_1_369' title='bbox 1414 1241 1500 1263; x_wconf 90' lang='lat' dir='ltr'>nunc</span> <span class='ocrx_word' id='word_1_370' title='bbox 1529 1236 1559 1263; x_wconf 92' lang='lat' dir='ltr'>et</span> <span class='ocrx_word' id='word_1_371' title='bbox 1579 1242 1638 1275; x_wconf 92' lang='lat' dir='ltr'>pro</span> <span class='ocrx_word' id='word_1_372' title='bbox 1659 1236 1806 1275; x_wconf 87' lang='lat' dir='ltr'>tempore</span> <span class='ocrx_word' id='word_1_373' title='bbox 1827 1232 1996 1266; x_wconf 87' lang='lat' dir='ltr'>existentes</span> 
     </span>
     <span class='ocr_line' id='line_1_67' title="bbox 1258 1285 1998 1329; baseline 0.003 -12"><span class='ocrx_word' id='word_1_374' title='bbox 1258 1285 1394 1329; x_wconf 77' lang='lat' dir='ltr'>(sublata</span> <span class='ocrx_word' id='word_1_375' title='bbox 1410 1285 1454 1318; x_wconf 90' lang='lat' dir='ltr'>eis</span> <span class='ocrx_word' id='word_1_376' title='bbox 1472 1290 1624 1318; x_wconf 90' lang='lat' dir='ltr'>eteorum</span> <span class='ocrx_word' id='word_1_377' title='bbox 1638 1285 1769 1318; x_wconf 90' lang='lat' dir='ltr'>cuilibet</span> <span class='ocrx_word' id='word_1_378' title='bbox 1782 1285 1892 1329; x_wconf 88' lang='lat' dir='ltr'>quavis</span> <span class='ocrx_word' id='word_1_379' title='bbox 1906 1285 1998 1319; x_wconf 84' lang='lat' dir='ltr'>aliter</span> 
     </span>
     <span class='ocr_line' id='line_1_68' title="bbox 1260 1339 1999 1383; baseline 0.003 -12"><span class='ocrx_word' id='word_1_380' title='bbox 1260 1339 1424 1372; x_wconf 89' lang='lat' dir='ltr'>iudicandi</span> <span class='ocrx_word' id='word_1_381' title='bbox 1454 1345 1483 1372; x_wconf 88' lang='lat' dir='ltr'>et</span> <span class='ocrx_word' id='word_1_382' title='bbox 1516 1339 1750 1383; x_wconf 86' lang='lat' dir='ltr'>interpretandi</span> <span class='ocrx_word' id='word_1_383' title='bbox 1786 1339 1936 1373; x_wconf 77' lang='lat' dir='ltr'>facultate</span> <span class='ocrx_word' id='word_1_384' title='bbox 1967 1345 1999 1373; x_wconf 83' lang='lat' dir='ltr'>et</span> 
     </span>
     <span class='ocr_line' id='line_1_69' title="bbox 1258 1393 1995 1437; baseline 0.001 -12"><span class='ocrx_word' id='word_1_385' title='bbox 1258 1393 1461 1436; x_wconf 84' lang='lat' dir='ltr'>auctoritate&gt;</span> <span class='ocrx_word' id='word_1_386' title='bbox 1482 1393 1513 1425; x_wconf 91' lang='lat' dir='ltr'>in</span> <span class='ocrx_word' id='word_1_387' title='bbox 1535 1393 1644 1437; x_wconf 84' lang='lat' dir='ltr'>quavis</span> <span class='ocrx_word' id='word_1_388' title='bbox 1669 1395 1763 1426; x_wconf 72' lang='lat' dir='ltr'>causa</span> <span class='ocrx_word' id='word_1_389' title='bbox 1784 1398 1814 1426; x_wconf 90' lang='lat' dir='ltr'>et</span> <span class='ocrx_word' id='word_1_390' title='bbox 1833 1393 1995 1434; x_wconf 73' lang='lat' dir='ltr'>instantia,</span> 
     </span>
     <span class='ocr_line' id='line_1_70' title="bbox 1259 1446 1999 1491; baseline 0.003 -13"><span class='ocrx_word' id='word_1_391' title='bbox 1259 1446 1395 1479; x_wconf 86' lang='lat' dir='ltr'>iudicari</span> <span class='ocrx_word' id='word_1_392' title='bbox 1414 1452 1444 1479; x_wconf 88' lang='lat' dir='ltr'>et</span> <span class='ocrx_word' id='word_1_393' title='bbox 1463 1446 1592 1479; x_wconf 86' lang='lat' dir='ltr'>definiri</span> <span class='ocrx_word' id='word_1_394' title='bbox 1620 1447 1755 1487; x_wconf 79' lang='lat' dir='ltr'>debere,</span> <span class='ocrx_word' id='word_1_395' title='bbox 1776 1457 1812 1480; x_wconf 86' lang='lat' dir='ltr'>ac</span> <span class='ocrx_word' id='word_1_396' title='bbox 1840 1446 1999 1491; x_wconf 90' lang='lat' dir='ltr'>quidquid</span> 
     </span>
     <span class='ocr_line' id='line_1_71' title="bbox 1258 1499 1999 1544; baseline 0.003 -12"><span class='ocrx_word' id='word_1_397' title='bbox 1258 1510 1349 1533; x_wconf 90' lang='lat' dir='ltr'>secus</span> <span class='ocrx_word' id='word_1_398' title='bbox 1366 1510 1462 1544; x_wconf 87' lang='lat' dir='ltr'>super</span> <span class='ocrx_word' id='word_1_399' title='bbox 1478 1499 1527 1533; x_wconf 89' lang='lat' dir='ltr'>bis</span> <span class='ocrx_word' id='word_1_400' title='bbox 1545 1511 1561 1532; x_wconf 87' lang='lat' dir='ltr'>a</span> <span class='ocrx_word' id='word_1_401' title='bbox 1575 1510 1751 1543; x_wconf 85' lang='lat' dir='ltr'>quoquam,</span> <span class='ocrx_word' id='word_1_402' title='bbox 1768 1500 1878 1544; x_wconf 86' lang='lat' dir='ltr'>quavis</span> <span class='ocrx_word' id='word_1_403' title='bbox 1890 1506 1999 1534; x_wconf 89' lang='lat' dir='ltr'>aucto-</span> 
     </span>
     <span class='ocr_line' id='line_1_72' title="bbox 1259 1554 2001 1597; baseline 0.003 -11"><span class='ocrx_word' id='word_1_404' title='bbox 1259 1554 1361 1594; x_wconf 87' lang='lat' dir='ltr'>ritate,</span> <span class='ocrx_word' id='word_1_405' title='bbox 1382 1554 1520 1586; x_wconf 88' lang='lat' dir='ltr'>scienter</span> <span class='ocrx_word' id='word_1_406' title='bbox 1541 1555 1588 1587; x_wconf 81' lang='lat' dir='ltr'>rel</span> <span class='ocrx_word' id='word_1_407' title='bbox 1609 1554 1806 1597; x_wconf 74' lang='lat' dir='ltr'>ignoranter,</span> <span class='ocrx_word' id='word_1_408' title='bbox 1830 1554 2001 1597; x_wconf 76' lang='lat' dir='ltr'>contigerit</span> 
     </span>
     <span class='ocr_line' id='line_1_73' title="bbox 1260 1607 1996 1650; baseline 0.001 -10"><span class='ocrx_word' id='word_1_409' title='bbox 1260 1607 1428 1647; x_wconf 84' lang='lat' dir='ltr'>attentari,</span> <span class='ocrx_word' id='word_1_410' title='bbox 1453 1607 1579 1640; x_wconf 89' lang='lat' dir='ltr'>irritum</span> <span class='ocrx_word' id='word_1_411' title='bbox 1602 1613 1631 1641; x_wconf 91' lang='lat' dir='ltr'>et</span> <span class='ocrx_word' id='word_1_412' title='bbox 1650 1607 1746 1641; x_wconf 88' lang='lat' dir='ltr'>inane</span> <span class='ocrx_word' id='word_1_413' title='bbox 1771 1607 1996 1650; x_wconf 87' lang='lat' dir='ltr'>decernimus,</span> 
     </span>
     <span class='ocr_line' id='line_1_74' title="bbox 1261 1660 2001 1704; baseline 0.001 -11"><span class='ocrx_word' id='word_1_414' title='bbox 1261 1666 1291 1693; x_wconf 88' lang='lat' dir='ltr'>et</span> <span class='ocrx_word' id='word_1_415' title='bbox 1319 1660 1519 1694; x_wconf 84' lang='lat' dir='ltr'>declaramus</span> <span class='ocrx_word' id='word_1_416' title='bbox 1535 1688 1542 1701; x_wconf 94' lang='lat'>,</span> <span class='ocrx_word' id='word_1_417' title='bbox 1562 1671 1598 1693; x_wconf 86' lang='lat' dir='ltr'>ac</span> <span class='ocrx_word' id='word_1_418' title='bbox 1630 1661 1768 1704; x_wconf 86' lang='lat' dir='ltr'>desuper</span> <span class='ocrx_word' id='word_1_419' title='bbox 1792 1661 1942 1694; x_wconf 87' lang='lat' dir='ltr'>omnibus</span> <span class='ocrx_word' id='word_1_420' title='bbox 1970 1667 2001 1694; x_wconf 86' lang='lat' dir='ltr'>et</span> 
     </span>
    </p>
   </div>
   <div class='ocr_carea' id='block_1_6' title="bbox 1261 1714 2034 1758">
    <p class='ocr_par' dir='ltr' id='par_1_7' title="bbox 1261 1714 2034 1758">
     <span class='ocr_line' id='line_1_75' title="bbox 1261 1714 2034 1758; baseline 0 -10"><span class='ocrx_word' id='word_1_421' title='bbox 1261 1714 1394 1757; x_wconf 76' lang='lat' dir='ltr'>singulis</span> <span class='ocrx_word' id='word_1_422' title='bbox 1412 1714 1679 1758; x_wconf 85' lang='lat' dir='ltr'>archiepiscopis,</span> <span class='ocrx_word' id='word_1_423' title='bbox 1701 1714 1860 1758; x_wconf 83' lang='lat' dir='ltr'>episcopis</span> <span class='ocrx_word' id='word_1_424' title='bbox 1880 1721 1911 1748; x_wconf 91' lang='lat' dir='ltr'>et</span> <span class='ocrx_word' id='word_1_425' title='bbox 1931 1714 2001 1749; x_wconf 86' lang='lat' dir='ltr'>aliis</span> <span class='ocrx_word' id='word_1_426' title='bbox 2031 1730 2034 1731; x_wconf 43' lang='lat'><em>⁷</em></span> 
     </span>
    </p>
   </div>
   <div class='ocr_carea' id='block_1_7' title="bbox 1262 1767 2006 2508">
    <p class='ocr_par' dir='ltr' id='par_1_8' title="bbox 1262 1767 1997 1854">
     <span class='ocr_line' id='line_1_76' title="bbox 1262 1767 1997 1812; baseline 0.003 -12"><span class='ocrx_word' id='word_1_427' title='bbox 1262 1767 1435 1811; x_wconf 87' lang='lat' dir='ltr'>praedictis</span> <span class='ocrx_word' id='word_1_428' title='bbox 1467 1774 1659 1811; x_wconf 86' lang='lat' dir='ltr'>perpetuum</span> <span class='ocrx_word' id='word_1_429' title='bbox 1695 1768 1858 1801; x_wconf 87' lang='lat' dir='ltr'>silentium</span> <span class='ocrx_word' id='word_1_430' title='bbox 1889 1768 1997 1812; x_wconf 89' lang='lat' dir='ltr'>impo-</span> 
     </span>
     <span class='ocr_line' id='line_1_77' title="bbox 1263 1821 1378 1854; baseline 0.009 -1"><span class='ocrx_word' id='word_1_431' title='bbox 1263 1821 1378 1854; x_wconf 87' lang='lat' dir='ltr'>nimus.</span> 
     </span>
    </p>

    <p class='ocr_par' dir='ltr' id='par_1_9' title="bbox 1263 1874 2006 2508">
     <span class='ocr_line' id='line_1_78' title="bbox 1307 1874 2002 1918; baseline 0.003 -11"><span class='ocrx_word' id='word_1_432' title='bbox 1307 1876 1322 1916; x_wconf 63' lang='grc' dir='ltr'>ξ</span> <span class='ocrx_word' id='word_1_433' title='bbox 1345 1874 1374 1907; x_wconf 84' lang='grc'>9.</span> <span class='ocrx_word' id='word_1_434' title='bbox 1403 1875 1471 1908; x_wconf 72' lang='lat' dir='ltr'>Non</span> <span class='ocrx_word' id='word_1_435' title='bbox 1504 1875 1704 1908; x_wconf 86' lang='lat' dir='ltr'>obstantibus</span> <span class='ocrx_word' id='word_1_436' title='bbox 1731 1874 1937 1918; x_wconf 88' lang='lat' dir='ltr'>praemissis,</span> <span class='ocrx_word' id='word_1_437' title='bbox 1965 1886 2002 1909; x_wconf 84' lang='lat' dir='ltr'>ac</span> 
     </span>
     <span class='ocr_line' id='line_1_79' title="bbox 1263 1927 2002 1972; baseline 0.004 -12"><span class='ocrx_word' id='word_1_438' title='bbox 1263 1930 1371 1961; x_wconf 74' lang='lat' dir='ltr'>nostra</span> <span class='ocrx_word' id='word_1_439' title='bbox 1390 1928 1428 1961; x_wconf 91' lang='lat' dir='ltr'>de</span> <span class='ocrx_word' id='word_1_440' title='bbox 1449 1938 1513 1961; x_wconf 91' lang='lat' dir='ltr'>non</span> <span class='ocrx_word' id='word_1_441' title='bbox 1532 1928 1675 1961; x_wconf 90' lang='lat' dir='ltr'>tollendo</span> <span class='ocrx_word' id='word_1_442' title='bbox 1693 1927 1763 1961; x_wconf 89' lang='lat' dir='ltr'>iure</span> <span class='ocrx_word' id='word_1_443' title='bbox 1782 1928 1947 1972; x_wconf 83' lang='lat' dir='ltr'>quaesito,</span> <span class='ocrx_word' id='word_1_444' title='bbox 1970 1933 2002 1963; x_wconf 83' lang='lat' dir='ltr'>et</span> 
     </span>
     <span class='ocr_line' id='line_1_80' title="bbox 1263 1981 2003 2026; baseline 0.004 -13"><span class='ocrx_word' id='word_1_445' title='bbox 1263 1981 1375 2014; x_wconf 89' lang='lat' dir='ltr'>similis</span> <span class='ocrx_word' id='word_1_446' title='bbox 1408 1981 1584 2015; x_wconf 88' lang='lat' dir='ltr'>memoriae</span> <span class='ocrx_word' id='word_1_447' title='bbox 1613 1981 1703 2014; x_wconf 87' lang='lat' dir='ltr'>Pauli</span> <span class='ocrx_word' id='word_1_448' title='bbox 1727 1982 1763 2023; x_wconf 83' lang='grc' dir='ltr'>ΙΙ,</span> <span class='ocrx_word' id='word_1_449' title='bbox 1792 1987 1823 2015; x_wconf 87' lang='lat' dir='ltr'>ct</span> <span class='ocrx_word' id='word_1_450' title='bbox 1850 1992 2003 2026; x_wconf 88' lang='lat' dir='ltr'>quorum·</span> 
     </span>
     <span class='ocr_line' id='line_1_81' title="bbox 1263 2035 1998 2078; baseline 0.003 -11"><span class='ocrx_word' id='word_1_451' title='bbox 1263 2045 1402 2078; x_wconf 85' lang='lat' dir='ltr'>cumque</span> <span class='ocrx_word' id='word_1_452' title='bbox 1433 2035 1571 2068; x_wconf 86' lang='lat' dir='ltr'>aliorum</span> <span class='ocrx_word' id='word_1_453' title='bbox 1610 2035 1831 2068; x_wconf 83' lang='lat' dir='ltr'>Romanorum</span> <span class='ocrx_word' id='word_1_454' title='bbox 1862 2035 1998 2069; x_wconf 84' lang='lat' dir='ltr'>Pontifi-</span> 
     </span>
     <span class='ocr_line' id='line_1_82' title="bbox 1264 2088 1999 2132; baseline 0.001 -10"><span class='ocrx_word' id='word_1_455' title='bbox 1264 2100 1335 2122; x_wconf 91' lang='lat' dir='ltr'>cum</span> <span class='ocrx_word' id='word_1_456' title='bbox 1362 2088 1472 2122; x_wconf 91' lang='lat' dir='ltr'>itidem</span> <span class='ocrx_word' id='word_1_457' title='bbox 1494 2089 1778 2132; x_wconf 81' lang='lat' dir='ltr'>praedecessorum</span> <span class='ocrx_word' id='word_1_458' title='bbox 1803 2094 1999 2130; x_wconf 86' lang='lat' dir='ltr'>nostrorum,</span> 
     </span>
     <span class='ocr_line' id='line_1_83' title="bbox 1265 2141 2004 2184; baseline 0.003 -10"><span class='ocrx_word' id='word_1_459' title='bbox 1265 2143 1303 2175; x_wconf 83' lang='lat' dir='ltr'>de</span> <span class='ocrx_word' id='word_1_460' title='bbox 1324 2142 1420 2175; x_wconf 86' lang='lat' dir='ltr'>rebus</span> <span class='ocrx_word' id='word_1_461' title='bbox 1440 2141 1602 2175; x_wconf 88' lang='lat' dir='ltr'>Ecclesiae</span> <span class='ocrx_word' id='word_1_462' title='bbox 1622 2152 1687 2174; x_wconf 89' lang='lat' dir='ltr'>non</span> <span class='ocrx_word' id='word_1_463' title='bbox 1706 2141 1896 2184; x_wconf 83' lang='lat' dir='ltr'>alienandis,</span> <span class='ocrx_word' id='word_1_464' title='bbox 1919 2142 2004 2177; x_wconf 90' lang='lat' dir='ltr'>aliis-</span> 
     </span>
     <span class='ocr_line' id='line_1_84' title="bbox 1266 2195 2002 2240; baseline 0.001 -11"><span class='ocrx_word' id='word_1_465' title='bbox 1266 2207 1328 2240; x_wconf 91' lang='lat' dir='ltr'>que</span> <span class='ocrx_word' id='word_1_466' title='bbox 1346 2195 1530 2240; x_wconf 85' lang='lat' dir='ltr'>apostolicis</span> <span class='ocrx_word' id='word_1_467' title='bbox 1546 2207 1582 2229; x_wconf 86' lang='lat' dir='ltr'>ac</span> <span class='ocrx_word' id='word_1_468' title='bbox 1603 2195 1635 2228; x_wconf 87' lang='lat' dir='ltr'>in</span> <span class='ocrx_word' id='word_1_469' title='bbox 1655 2195 1902 2237; x_wconf 87' lang='lat' dir='ltr'>universalibus,</span> <span class='ocrx_word' id='word_1_470' title='bbox 1925 2207 2002 2240; x_wconf 92' lang='lat' dir='ltr'>pro-</span> 
     </span>
     <span class='ocr_line' id='line_1_85' title="bbox 1265 2249 2002 2294; baseline 0.001 -12"><span class='ocrx_word' id='word_1_471' title='bbox 1265 2250 1453 2283; x_wconf 81' lang='lat' dir='ltr'>vincialibus</span> <span class='ocrx_word' id='word_1_472' title='bbox 1471 2255 1502 2283; x_wconf 82' lang='lat' dir='ltr'>et</span> <span class='ocrx_word' id='word_1_473' title='bbox 1517 2249 1725 2294; x_wconf 85' lang='lat' dir='ltr'>synodalibus</span> <span class='ocrx_word' id='word_1_474' title='bbox 1739 2250 1882 2284; x_wconf 90' lang='lat' dir='ltr'>conciliis</span> <span class='ocrx_word' id='word_1_475' title='bbox 1900 2250 2002 2293; x_wconf 87' lang='lat' dir='ltr'>editis,</span> 
     </span>
     <span class='ocr_line' id='line_1_86' title="bbox 1266 2303 2004 2348; baseline 0.001 -12"><span class='ocrx_word' id='word_1_476' title='bbox 1266 2303 1459 2348; x_wconf 86' lang='lat' dir='ltr'>specialibus</span> <span class='ocrx_word' id='word_1_477' title='bbox 1476 2303 1523 2337; x_wconf 89' lang='lat' dir='ltr'>vel</span> <span class='ocrx_word' id='word_1_478' title='bbox 1544 2303 1748 2346; x_wconf 84' lang='lat' dir='ltr'>generalibus</span> <span class='ocrx_word' id='word_1_479' title='bbox 1768 2303 2004 2337; x_wconf 86' lang='lat' dir='ltr'>constitutioni-</span> 
     </span>
     <span class='ocr_line' id='line_1_87' title="bbox 1266 2356 2003 2399; baseline 0 -9"><span class='ocrx_word' id='word_1_480' title='bbox 1266 2358 1325 2390; x_wconf 90' lang='lat' dir='ltr'>bus</span> <span class='ocrx_word' id='word_1_481' title='bbox 1338 2362 1368 2390; x_wconf 87' lang='lat' dir='ltr'>et</span> <span class='ocrx_word' id='word_1_482' title='bbox 1381 2356 1648 2398; x_wconf 84' lang='lat' dir='ltr'>ordinationibus,</span> <span class='ocrx_word' id='word_1_483' title='bbox 1665 2367 1789 2390; x_wconf 89' lang='lat' dir='ltr'>necnon</span> <span class='ocrx_word' id='word_1_484' title='bbox 1803 2356 2003 2399; x_wconf 85' lang='lat' dir='ltr'>singularum</span> 
     </span>
     <span class='ocr_line' id='line_1_88' title="bbox 1268 2410 2001 2454; baseline -0.001 -10"><span class='ocrx_word' id='word_1_485' title='bbox 1268 2411 1476 2444; x_wconf 85' lang='lat' dir='ltr'>ecclesiarum</span> <span class='ocrx_word' id='word_1_486' title='bbox 1507 2416 1538 2444; x_wconf 91' lang='lat' dir='ltr'>et</span> <span class='ocrx_word' id='word_1_487' title='bbox 1557 2410 1797 2454; x_wconf 85' lang='lat' dir='ltr'>provinciarum</span> <span class='ocrx_word' id='word_1_488' title='bbox 1818 2410 2001 2454; x_wconf 85' lang='lat' dir='ltr'>praedicta-</span> 
     </span>
     <span class='ocr_line' id='line_1_89' title="bbox 1268 2463 2006 2508; baseline -0.001 -10"><span class='ocrx_word' id='word_1_489' title='bbox 1268 2476 1350 2506; x_wconf 81' lang='lat' dir='ltr'>rum,</span> <span class='ocrx_word' id='word_1_490' title='bbox 1366 2465 1460 2499; x_wconf 86' lang='lat' dir='ltr'>etiarn</span> <span class='ocrx_word' id='word_1_491' title='bbox 1471 2464 1664 2505; x_wconf 86' lang='lat' dir='ltr'>iuramento,</span> <span class='ocrx_word' id='word_1_492' title='bbox 1677 2463 1922 2498; x_wconf 83' lang='lat' dir='ltr'>confirmatione</span> <span class='ocrx_word' id='word_1_493' title='bbox 1932 2473 2006 2508; x_wconf 87' lang='lat' dir='ltr'>apo-</span> 
     </span>
    </p>
   </div>
   <div class='ocr_carea' id='block_1_8' title="bbox 1268 2552 2006 2726">
    <p class='ocr_par' dir='ltr' id='par_1_10' title="bbox 1268 2552 2006 2726">
     <span class='ocr_line' id='line_1_90' title="bbox 1302 2552 2005 2590; baseline -0.003 -9"><span class='ocrx_word' id='word_1_494' title='bbox 1302 2555 1315 2581; x_wconf 84' lang='lat'><strong>1</strong></span> <span class='ocrx_word' id='word_1_495' title='bbox 1339 2554 1411 2582; x_wconf 89' lang='lat' dir='ltr'>Fort.</span> <span class='ocrx_word' id='word_1_496' title='bbox 1432 2553 1575 2590; x_wconf 83' lang='lat' dir='ltr'>legendum</span> <span class='ocrx_word' id='word_1_497' title='bbox 1588 2554 1655 2588; x_wconf 83' lang='lat' dir='ltr'>ullo,</span> <span class='ocrx_word' id='word_1_498' title='bbox 1676 2561 1738 2580; x_wconf 86' lang='lat' dir='ltr'>nam</span> <span class='ocrx_word' id='word_1_499' title='bbox 1757 2552 2005 2589; x_wconf 78' lang='lat' dir='ltr'>praecessitneque</span> 
     </span>
     <span class='ocr_line' id='line_1_91' title="bbox 1268 2600 2006 2679; baseline -0.003 -8"><span class='ocrx_word' id='word_1_500' title='bbox 1268 2600 1525 2679; x_wconf 50' lang='grc' dir='ltr'>(Ηὲτέυὴίηιεηίςε</span> <span class='ocrx_word' id='word_1_501' title='bbox 1551 2642 1664 2670; x_wconf 83' lang='lat' dir='ltr'>verbum</span> <span class='ocrx_word' id='word_1_502' title='bbox 1691 2642 1789 2672; x_wconf 77' lang='lat' dir='ltr'>debere</span> <span class='ocrx_word' id='word_1_503' title='bbox 1812 2641 1884 2678; x_wconf 80' lang='lat' dir='ltr'>quod</span> <span class='ocrx_word' id='word_1_504' title='bbox 1913 2644 2006 2678; x_wconf 88' lang='lat' dir='ltr'>postea</span> 
     </span>
     <span class='ocr_line' id='line_1_92' title="bbox 1268 2688 1620 2726; baseline -0.003 -10"><span class='ocrx_word' id='word_1_505' title='bbox 1268 2689 1281 2726; x_wconf 70' lang='grc' dir='ltr'>,ξ</span> <span class='ocrx_word' id='word_1_506' title='bbox 1295 2697 1354 2726; x_wconf 88' lang='lat' dir='ltr'>seq.</span> <span class='ocrx_word' id='word_1_507' title='bbox 1375 2688 1500 2716; x_wconf 88' lang='lat' dir='ltr'>subditur</span> <span class='ocrx_word' id='word_1_508' title='bbox 1517 2689 1555 2724; x_wconf 72' lang='lat' dir='ltr'>(a.</span> <span class='ocrx_word' id='word_1_509' title='bbox 1571 2688 1620 2724; x_wconf 75' lang='lat' dir='ltr'><strong>T.)-</strong></span> 
     </span>
    </p>
   </div>
   <div class='ocr_carea' id='block_1_9' title="bbox 1999 274 2184 307">
    <p class='ocr_par' dir='ltr' id='par_1_11' title="bbox 1999 274 2184 307">
     <span class='ocr_line' id='line_1_93' title="bbox 1999 274 2184 307; baseline 0.011 -2"><span class='ocrx_word' id='word_1_510' title='bbox 1999 278 2050 305; x_wconf 78' lang='lat' dir='ltr'>An.</span> <span class='ocrx_word' id='word_1_511' title='bbox 2070 274 2184 307; x_wconf 67' lang='grc' dir='ltr'><strong>(1.1ωὸ</strong></span> 
     </span>
    </p>
   </div>
   <div class='ocr_carea' id='block_1_10' title="bbox 2008 1078 2209 1158">
    <p class='ocr_par' dir='ltr' id='par_1_12' title="bbox 2008 1078 2209 1158">
     <span class='ocr_line' id='line_1_94' title="bbox 2033 1078 2209 1104; baseline -0.011 0"><span class='ocrx_word' id='word_1_512' title='bbox 2033 1083 2091 1104; x_wconf 74' lang='lat' dir='ltr'>{taut</span> <span class='ocrx_word' id='word_1_513' title='bbox 2099 1082 2129 1102; x_wconf 81' lang='lat' dir='ltr'>sie</span> <span class='ocrx_word' id='word_1_514' title='bbox 2138 1086 2190 1103; x_wconf 77' lang='lat' dir='ltr'>sem·</span> <span class='ocrx_word' id='word_1_515' title='bbox 2200 1078 2209 1086; x_wconf 81' lang='grc'><em>”</em></span> 
     </span>
     <span class='ocr_line' id='line_1_95' title="bbox 2008 1108 2201 1137; baseline -0.005 -6"><span class='ocrx_word' id='word_1_516' title='bbox 2008 1116 2046 1137; x_wconf 74' lang='lat' dir='ltr'>per</span> <span class='ocrx_word' id='word_1_517' title='bbox 2067 1109 2144 1130; x_wconf 62' lang='lat' dir='ltr'>debeat</span> <span class='ocrx_word' id='word_1_518' title='bbox 2161 1108 2201 1130; x_wconf 60' lang='lat' dir='ltr'>inv</span> 
     </span>
     <span class='ocr_line' id='line_1_96' title="bbox 2010 1136 2084 1158; baseline -0.027 0"><span class='ocrx_word' id='word_1_519' title='bbox 2010 1136 2084 1158; x_wconf 82' lang='lat' dir='ltr'>dicari.</span> 
     </span>
    </p>
   </div>
   <div class='ocr_carea' id='block_1_11' title="bbox 2210 1784 2227 2958">
    <p class='ocr_par' dir='ltr' id='par_1_13' title="bbox 2210 1784 2227 2958">
     <span class='ocr_line' id='line_1_97' title="bbox 2210 1784 2227 2958; baseline 0 0"><span class='ocrx_word' id='word_1_520' title='bbox 2210 1784 2227 2958; x_wconf 95' lang='lat' dir='ltr'>    </span> 
     </span>
    </p>
   </div>
   <div class='ocr_carea' id='block_1_12' title="bbox 2190 1882 2222 1906">
    <p class='ocr_par' dir='ltr' id='par_1_14' title="bbox 2190 1882 2222 1906">
     <span class='ocr_line' id='line_1_98' title="bbox 2190 1882 2222 1906; baseline 0 0"><span class='ocrx_word' id='word_1_521' title='bbox 2190 1882 2196 1890; x_wconf 70' lang='lat'><em>‘</em></span> <span class='ocrx_word' id='word_1_522' title='bbox 2221 1891 2222 1906; x_wconf 76' lang='lat' dir='ltr'>t</span> 
     </span>
    </p>
   </div>
   <div class='ocr_carea' id='block_1_13' title="bbox 2016 1934 2203 1986">
    <p class='ocr_par' dir='ltr' id='par_1_15' title="bbox 2016 1934 2203 1986">
     <span class='ocr_line' id='line_1_99' title="bbox 2029 1934 2199 1968; baseline -0.012 -8"><span class='ocrx_word' id='word_1_523' title='bbox 2029 1937 2142 1968; x_wconf 59' lang='lat' dir='ltr'>Det-otalii)</span> <span class='ocrx_word' id='word_1_524' title='bbox 2150 1934 2199 1959; x_wconf 63' lang='grc' dir='ltr'>αι’·</span> 
     </span>
     <span class='ocr_line' id='line_1_100' title="bbox 2016 1967 2203 1986; baseline -0.005 0"><span class='ocrx_word' id='word_1_525' title='bbox 2016 1967 2134 1986; x_wconf 77' lang='lat' dir='ltr'>uariorum.</span> <span class='ocrx_word' id='word_1_526' title='bbox 2202 1971 2203 1974; x_wconf 55' lang='lat'>¹</span> 
     </span>
    </p>
   </div>
  </div>
 </body>
</html>
