2227 3241
228 294 284 321 An.
297 293 325 321 c.
348 294 414 323 1607
462 286 527 319 454.

256 467 346 497 Philippi
359 468 414 494 regis

230 496 312 520 petitio,

257 2118 374 2140 Prohibitio
389 2120 415 2142 (le

231 2151 274 2173 qua
290 2146 311 2167 iu
323 2147 416 2169 rubrica.

667 343 777 370 Paulus
797 343 876 377 Papa
894 344 927 375 V,

569 387 605 414 ad
621 387 753 414 futuram
774 388 818 415 rei
838 387 1019 416 memoriam.

473 451 490 492 g
511 449 541 482 ¹1.
563 449 747 483 Charissimi
774 450 805 483 in
830 450 954 484 Christo
979 450 1036 483 filii
1064 450 1165 484 nostri

430 502 567 547 Philippi
588 502 814 547 Hispaniarum
836 504 920 546 regis
941 503 1089 537 catholici
1110 514 1167 537 no-

431 556 516 589 uiinc
534 556 627 590 nobis
648 567 752 600 nuper
769 557 946 600 expositum
969 557 1037 598 fuit,
1061 557 1165 601 ipsum

429 609 610 654 Philippum
629 620 736 653 regem
752 610 949 654 (cupientem
961 610 1167 644 atrocissimis

429 662 564 704 delictis,
585 663 685 707 quae'
707 663 739 696 in
760 664 945 708 principatu
960 664 1167 698 Cathaloniac

429 721 459 749 et
484 717 689 751 comitatibus
714 717 901 751 Rossilionis
934 724 964 751 et
987 717 1185 752 ceritaniam,

428 769 469 803 ob
490 770 683 806 delationem
706 777 939 804 tormentorum
962 771 1164 812 bellicorum,

428 835 510 867 quac
530 825 723 858 archibusz‘a
742 825 784 858 cul
803 829 908 858 rotam
930 825 1092 866 dicuntur,
1116 825 1168 858 ob-

428 877 524 917 viare,
556 883 586 911 et
605 877 791 912 huiusmodi
812 889 976 912 armorum
1006 889 1106 920 genus
1131 889 1166 911 ex

428 929 611 975 principatu
631 937 662 965 et
681 932 887 966 comitatibus
907 931 1093 965 huiusmodi
1114 929 1182 975 pess

427 984 513 1017 nitus
529 985 654 1029 tollere)
669 985 832 1029 quoddam
851 986 1016 1030 proclama
1029 996 1085 1019 seu
1100 985 1167 1018 edi-

428 1043 514 1070 ctum
537 1038 587 1071 edi
614 1044 641 1072 et
671 1039 830 1083 publicari
851 1050 1000 1081 curasse,
1024 1050 1083 1083 pro
1104 1049 1168 1082 quo

427 1092 556 1135 quoad‘2
577 1092 696 1125 bonum
718 1093 883 1136 publicum
911 1099 940 1126 et
965 1093 1105 1136 quietem
1137 1092 1168 1125 in

429 1145 520 1178 dictis
545 1145 727 1190 principatu
753 1153 782 1180 et
808 1146 1014 1180 comitatibus
1041 1156 1169 1179 conser-

429 1200 544 1240 vanda,
568 1206 598 1233 et
618 1201 657 1234 ad
678 1200 825 1234 evitanda
853 1200 1110 1234 inconvenientia
1139 1205 1169 1233 et

429 1252 629 1286 occasionem
650 1254 872 1297 delinquendi,
890 1254 920 1286 in
935 1254 1089 1288 offensam
1114 1253 1167 1287 Dei

427 1311 458 1338 et
478 1306 627 1349 proximi,
651 1306 724 1340 inde
749 1307 919 1350 provenire
943 1307 1047 1349 solita,
1075 1318 1169 1351 prae-

428 1358 588 1392 dictorum
603 1360 873 1401 archibusiorum,
883 1372 948 1394 non
960 1362 1064 1394 solum
1081 1372 1166 1401 usus,

426 1412 482 1445 sed
501 1412 596 1446 etiam
611 1413 752 1447 detentio
773 1414 860 1447 domi
875 1414 971 1447 autin
990 1414 1060 1447 aliis
1079 1415 1166 1455 locis,

427 1466 533 1509 palam
556 1472 610 1500 aut
630 1467 724 1508 clam,
748 1478 784 1500 ac
809 1467 986 1501 artificibus
1011 1468 1065 1501 illa
1089 1469 1169 1501 ulte-

430 1519 495 1553 rius
515 1520 692 1554 fabricandi
711 1527 765 1554 aut
786 1521 848 1554 iam
864 1521 1018 1555 fabricata
1033 1522 1168 1576 ,aptandi

429 1574 562 1607 facultas
582 1574 640 1608 sub
667 1575 780 1618 poenis
807 1575 1002 1617 gravissimis
1023 1586 1169 1619 expresse

428 1627 630 1670 prohibetur.
654 1628 731 1662 Cum
758 1634 876 1669 autem,
896 1628 978 1662 sicut
999 1629 1029 1661 in
1056 1629 1167 1662 eadem

429 1680 627 1724 expositione
645 1681 849 1715 subiunctum
879 1682 948 1723 fuit,
965 1693 1078 1726 parum
1095 1693 1169 1726 pro-

430 1734 535 1767 desset
554 1735 730 1778 praemissa
743 1745 832 1769 arma
851 1735 939 1768 laicis
956 1735 1169 1779 prohibuisse,

429 1786 455 1820 si
477 1787 521 1820 fas
535 1793 617 1821 esset
638 1788 760 1822 clericis
774 1794 803 1822 et
817 1789 962 1833 personis
980 1789 1169 1824 ecclesiasti-

429 1840 474 1874 cis
489 1841 543 1874 illa
560 1842 703 1875 detincre
718 1843 763 1876 vel
779 1843 946 1884 fabricare,
964 1843 1076 1877 etidee
1102 1843 1169 1888 ipse

429 1894 596 1938 Philippus
617 1906 671 1928 rex
692 1895 799 1940 cupiat
825 1896 900 1940 ipsis
925 1897 1022 1930 etiam
1045 1897 1168 1930 clericis

430 1954 461 1982 et
489 1949 635 1993 personis
655 1949 876 1984 ecclesiasticis
901 1951 1091 1984 eorumdem
1113 1961 1166 1985 ar-

431 2011 558 2035 morum
579 2013 684 2043 usum,
701 2003 917 2037 detentionem
937 2010 968 2037 et
987 2004 1170 2038 fabricatio-

430 2065 504 2088 nem
525 2056 701 2099 apostolica
720 2057 910 2091 auctoritate
926 2057 1108 2101 prohiberi,

477 2110 493 2151 ἓ
514 2108 543 2142 ⁶2.
567 2109 630 2143 Nos
650 2111 859 2152 attendentes,
877 2111 952 2145 talia
970 2122 1069 2153 arma,
1087 2123 1169 2156 quac

432 2161 521 2196 laicis
541 2163 673 2197 minime
694 2165 865 2198 convenire
886 2165 950 2198 visa
965 2171 1049 2207 sunt,
1066 2165 1105 2199 ab
1119 2176 1170 2199 ec-

431 2215 614 2250 clesiasticis
636 2222 723 2251 tanto
749 2218 850 2260 magis
870 2218 1045 2252 reiicienda
1065 2224 1095 2252 ct
1115 2219 1170 2252 ab·

431 2269 592 2303 horrenda
606 2281 684 2312 esse,
698 2276 818 2315 quanto
839 2271 923 2315 ipsos
937 2272 1169 2306 ecclesiasticos

430 2322 512 2357 vitae
541 2334 578 2358 ac
607 2334 733 2358 morum
769 2326 914 2369 exemplo
946 2325 1043 2359 laicos
1069 2326 1169 2368 magis

430 2377 626 2420 praecellere
647 2377 748 2418 decet,
772 2389 808 2411 ac
828 2384 999 2422 propterea
1025 2379 1167 2413 eiusdem

430 2430 569 2475 Philippi
601 2431 684 2474 regis
713 2431 855 2466 honestis
887 2432 986 2474 votis,
1015 2444 1052 2466 ac
1080 2433 1170 2467 iustis

430 2484 522 2518 nobis
546 2496 643 2529 super
668 2485 729 2519 hoc
753 2486 910 2529 porrectis
934 2486 1083 2530 precibus
1108 2497 1167 2520 an-

447 2582 449 2585 ·
469 2574 478 2600 1
502 2573 550 2600 Vel
569 2573 641 2600 istud
658 2582 731 2609 quac
746 2573 872 2601 omittere
887 2577 1002 2609 oportet,
1020 2575 1061 2601 vel
1077 2578 1171 2610 postea

431 2617 470 2644 illi
485 2626 567 2644 suum
583 2617 696 2645 verbum
709 2618 930 2653 subiungendum
945 2621 995 2652 est,
1012 2627 1054 2646 ex.
1071 2627 1108 2653 g.,
1119 2627 1171 2654 pa-

433 2664 551 2690 tranem-
570 2663 611 2689 vel
631 2663 844 2691 committititur
858 2666 898 2696 (n.
914 2663 963 2697 Τ.).

468 2707 485 2734 2
504 2707 601 2735 Melius
616 2708 754 2743 legeretur
769 2707 927 2746 simpliciter
941 2708 978 2736 acl
992 2710 1031 2743 (n.
1050 2709 1097 2743 Τ.).

1014 295 1197 321 BULLARIUM
1216 297 1370 322 ROMANUM

1201 350 1347 385 nuentes,
1370 344 1520 377 omnibus
1544 350 1576 378 et
1599 345 1858 390 quibuscumque
1888 357 1939 380 ec-

1184 435 1185 439 ,
1202 397 1384 431 clesiasticis
1404 402 1435 431 et
1454 396 1589 437 clericis,
1612 397 1708 430 etiam
1726 397 1758 431 in
1777 398 1886 439 sacris,
1909 404 1941 432 et

1201 450 1440 494 presbyteratus
1465 450 1632 483 ordinibus
1657 450 1852 492 constitutis,
1875 457 1939 485 tam

1201 503 1420 537 saecularibus
1451 514 1547 547 quam
1580 503 1719 537 cuiusvis
1752 503 1879 538 Ordinis
1910 510 1940 538 et

1202 557 1383 590 Militiarum
1419 568 1455 590 ac
1483 557 1650 601 hospitalis
1678 557 1778 591 sancti
1814 557 1941 591 loannis

1202 610 1479 655 llierosolyinitani
1499 610 1711 653 regularibus,
1727 616 1758 644 et
1770 616 1941 655 quantum·

1202 664 1246 697 vis
1268 665 1422 708 exemptis
1443 675 1479 698 ac
1496 664 1589 698 nobis
1604 670 1634 698 et
1646 664 1849 708 Apostolicae
1867 664 1941 699 Sedi

1201 718 1352 751 subiectis
1373 729 1409 751 ac
1423 718 1481 752 sub
1496 720 1603 752 nostra
1620 718 1746 751 etbeati
1766 718 1851 753 Petri
1868 729 1943 763 pro-

1203 771 1339 805 tectione
1360 771 1545 805 immediate
1563 771 1708 815 receptis,
1732 777 1763 805 et
1787 781 1943 816 quocum-

1202 835 1264 867 que
1287 824 1455 868 privilegio
1488 824 1647 866 suffultis,
1676 829 1708 858 et
1737 835 1942 870 quacumque

1184 877 1379 922 ,dig-nitate,
1409 878 1601 912 auctoritate
1631 884 1662 911 et
1687 878 1943 922 praeeminentia

1204 932 1410 974 fulgentibus,
1435 943 1613 976 earumque
1630 932 1855 974 familiaribus,
1877 943 1943 966 ser-

1203 985 1361 1019 vientibus
1382 992 1411 1019 ct
1434 986 1585 1019 ministris
1603 986 1635 1019 in
1647 986 1739 1020 dictis
1758 986 1943 1030 principatu

1204 1045 1233 1072 et
1258 1040 1411 1073 comitatu
1437 1040 1696 1082 consistentibus,
1720 1040 1944 1084 praesentibus

1203 1098 1233 1125 et
1253 1093 1388 1134 futuris,
1418 1104 1458 1126 nc
1485 1093 1583 1132 simili
1611 1093 1871 1127 archibusiorum
1903 1093 1944 1127 ad

1204 1152 1307 1179 rotam
1328 1157 1446 1189 genere
1471 1147 1583 1190 quovis
1609 1147 1705 1181 modo
1730 1147 1787 1188 uti,
1811 1151 1866 1180 aut
1889 1147 1944 1180 illa

1205 1200 1333 1243 publice
1347 1201 1394 1233 vel
1410 1201 1536 1234 occulte
1551 1200 1706 1242 detinere,
1722 1201 1771 1234 vel
1785 1200 1944 1234 fabricare

1204 1253 1251 1286 vel
1266 1253 1415 1286 fabricari
1431 1254 1534 1287 facere
1546 1264 1677 1298 quoquo
1695 1254 1792 1288 modo
1806 1254 1946 1288 audeant

1206 1307 1251 1340 vel
1263 1313 1480 1355 praesumant,
1499 1307 1688 1341 auctoritate
1701 1307 1887 1352 apostolica,
1900 1312 1945 1341 te-

1203 1370 1283 1393 nore
1311 1361 1543 1404 praesentium,
1565 1361 1604 1395 ad
1625 1366 1770 1394 nostrum
1800 1366 1830 1394 et
1854 1360 1944 1394 Sedis

1204 1415 1406 1457 Apostolicae
1419 1415 1657 1458 beneplacitum
1674 1414 1895 1458 prohibemus.

1249 1472 1264 1510 3
1286 1468 1317 1502 3.
1337 1470 1380 1502 Ac
1401 1469 1575 1502 venerabili
1592 1468 1681 1502 fratri
1698 1473 1807 1502 nostro
1821 1468 1945 1512 episco-
1985 1474 2091 1505 apiseppo
2103 1474 2141 1496 Ge·
2222 1482 2224 1489 ⁸

1958 1502 2058 1522 ruudensx
2091 1501 2141 1522 data

1203 1533 1244 1565 po
1264 1522 1464 1555 Gerundensi
1486 1533 1570 1555 nunc
1585 1528 1615 1555 et
1626 1532 1685 1566 pro
1707 1528 1852 1566 tempore
1877 1522 1942 1555 exi·
1957 1528 2047 1558 facultas
2068 1533 2144 1558 proce,-
2169 1543 2180 1563 .·
2223 1525 2225 1531 ⁸

1958 1554 2020 1576 :leudi
2039 1556 2112 1575 couti-a
2127 1560 2143 1574 ι-
2222 1567 2225 1573 f

1202 1575 1297 1608 stenti
1328 1576 1561 1609 committimus
1596 1582 1627 1609 et
1666 1576 1877 1617 mandamus,
1908 1581 1944 1610 ut
1958 1581 2105 1603 n0b⁰¹¹i⁰nle⁸-

1203 1634 1316 1662 contra
1336 1639 1490 1673 personas
1503 1629 1732 1662 ecclesiasticas
1749 1629 1941 1673 praedictas,

1204 1682 1298 1716 etiam
1321 1683 1427 1726 quoad
1449 1689 1612 1727 exemptas
1649 1689 1814 1727 tamquam
1835 1688 1945 1716 noster

1204 1742 1233 1769 et
1254 1737 1456 1780 Apostolicae
1476 1736 1565 1770 Sedis
1583 1736 1757 1779 delegatus,
1781 1747 1864 1781 quae
1883 1736 1944 1770 hu-

1204 1791 1340 1824 iusmodi
1367 1790 1551 1824 archibusia
1575 1790 1776 1833 gestaverint,
1801 1790 1946 1824 detinue-

1204 1844 1278 1885 rint,
1303 1849 1357 1877 aut
1374 1854 1506 1888 quoquo
1525 1844 1621 1877 inodo
1639 1843 1812 1876 habuerint
1829 1843 1877 1876 vel
1900 1843 1946 1877 fa-

1203 1891 1417 1939 bricaret-int,
1450 1903 1504 1930 aut
1536 1896 1685 1930 fabricari
1722 1896 1858 1930 fecerint
1887 1907 1946 1941 per

1204 1961 1324 1994 poenas
1341 1950 1543 1993 gravissimas
1557 1950 1641 1984 iuxta
1654 1950 1862 1994 proclamatis
1875 1955 1905 1984 et
1917 1960 1947 1984 e-

1203 2005 1280 2038 dicti
1298 2004 1382 2047 regis
1395 2010 1507 2038 contra
1516 2003 1615 2037 laicos
1628 2004 1783 2048 publicati
1794 2004 1944 2045 formam,

1204 2059 1283 2092 citra
1301 2064 1407 2092 tamen
1424 2068 1561 2102 poenam
1577 2057 1682 2091 ultimi
1702 2058 1864 2102 supplicii,
1886 2068 1945 2102 per

1203 2124 1246 2153 se,
1275 2113 1323 2147 vel
1346 2113 1467 2155 alium,
1492 2119 1554 2146 tam
1580 2123 1638 2157 per
1665 2113 1748 2146 viam
1768 2112 1945 2147 accusatio-

1204 2166 1252 2200 nis
1272 2167 1320 2201 vcl
1342 2166 1600 2200 denunciationis
1617 2166 1665 2200 vel
1685 2166 1839 2211 simplicis
1867 2176 1945 2211 que-

1204 2220 1300 2261 relae,
1324 2230 1421 2264 quam
1441 2230 1478 2253 ex
1498 2229 1588 2252 mero
1613 2219 1732 2260 officio,
1754 2218 1896 2263 inquirat
1915 2223 1946 2253 et

1204 2274 1378 2317 procedat,
1411 2284 1448 2306 ac
1473 2273 1506 2305 in
1531 2283 1583 2307 cas
1608 2283 1729 2317 poenas
1763 2272 1944 2316 praedictas

1204 2320 1391 2370 exequatur,
1407 2337 1443 2359 ac
1453 2326 1659 2370 exequutioni
1673 2325 1800 2359 debitae
1813 2326 1946 2359 deman-

1204 2380 1274 2413 dari
1296 2385 1386 2413 curet
1399 2385 1429 2413 et
1450 2379 1554 2421 faciat,
1575 2379 1729 2412 auxilium
1751 2378 1846 2412 etiam
1869 2378 1944 2411 hra-

1205 2433 1267 2466 cbii
1297 2432 1470 2467 saecularis
1499 2433 1539 2466 ad
1574 2432 1624 2474 id,
1657 2432 1682 2465 si
1711 2442 1791 2475 opus
1825 2430 1941 2471 fuerit,

1205 2487 1396 2528 invocando,
1413 2497 1510 2530 super
1529 2486 1646 2530 quibus
1664 2485 1814 2519 omnihus
1833 2490 1864 2518 et
1880 2484 1945 2518 sin-

1205 2540 1288 2582 gulis
1313 2540 1373 2584 ipsi
1398 2539 1549 2583 episcopo
1573 2540 1724 2583 plenam,
1752 2538 1887 2572 liberam
1912 2544 1944 2572 et

1205 2593 1426 2627 omnimodam
1453 2593 1637 2627 facultatem
1662 2597 1693 2625 ct
1716 2591 1941 2626 auctoritatem

1205 2646 1412 2679 concedimus
1431 2657 1490 2690 per
1509 2650 1704 2689 praesentes.

1249 2701 1266 2743 ξ
1286 2699 1317 2733 li.
1342 2699 1411 2733 Non
1436 2699 1636 2734 obstantibus
1660 2698 1943 2733 constitutionibus
1957 2714 2054 2741 derogat,

1953 298 2046 326 ΑΜ).
2070 299 2138 328 ¹00⁷
2174 278 2177 283 ’
2220 286 2221 289 ’

2005 2683 2141 2708 ubstanunu·
2167 2663 2202 2718 ‚J-
