2227 3241
81 233 130 261 An.
147 232 175 260 C.
199 232 267 261 1609

113 1040 224 1066 Phiiippus
234 1045 270 1060 rex

86 1067 108 1088 id
133 1072 150 1097 a⁸
170 1067 272 1098 l'ontisice

86 1095 177 1142 pgmitu
199 1099 272 1120 preca-

120 2159 215 2180 Praestat
224 2158 276 2179 l'au-

94 2186 132 2207 tus.

930 231 1052 256 PAULUS
1072 232 1091 255 V
1108 232 1159 256 PP.

279 279 429 314 donativa
452 286 647 324 nuncupata,
669 279 729 313 sub
761 279 855 313 certis
881 279 1026 313 terminis

279 345 316 368 ac
337 334 435 368 modo
456 340 486 368 et
504 334 609 368 forma
628 334 800 377 exigendas
814 325 1027 367 interse'tra-

280 388 457 429 ctaverint,
489 387 689 422 venerabiles
712 387 826 421 fratres
851 386 1026 431 archiepis-

279 441 364 486 copi,
395 441 539 486 episcopi
565 448 596 475 et
616 441 723 476 dilecti
752 440 810 474 filii
842 440 1026 474 archiman-

279 495 364 529 drita
404 501 435 529 et
477 494 558 528 aliae
598 503 756 538 personae
793 492 1027 527 ecclesiasticae

281 549 355 583 dicti
380 548 470 592 regni
493 555 614 582 certam
635 554 736 582 ratam
758 553 875 592 sponte
896 549 953 581 sua
971 547 1028 581 ob-

283 603 424 636 tulerunt
451 608 482 636 et
502 602 780 640 darmstatuerunt
800 602 833 635 in
850 602 1029 646 parlamen-

283 655 322 689 tis
349 655 522 689 ordinariis
546 655 664 689 habitis
685 656 723 689 de
743 665 829 689 anno
854 655 1026 699 praesenti,

283 708 409 752 ipsique
434 707 681 752 archiepiscopi,
706 707 849 752 episcopi
875 712 905 740 et
925 707 1026 740 archi-

283 761 444 795 mandrita
464 771 500 795 ac
525 761 607 795 aliae
620 752 855 795 emesiasticzie
872 770 1028 804 personae

285 824 398 849 eorum
424 820 528 848 ratam
549 814 759 856 huiusmodi,
791 814 964 848 accedente
988 813 1028 847 ad

284 868 348 903 hoc
379 874 491 903 nostro
517 874 548 902 et
572 868 663 902 Sedis
693 868 898 913 Apostolicae
929 868 1028 902 bene-⁴

285 921 417 966 placito,
436 921 621 966 persolvere
646 921 846 962 obtulerunt,
870 926 899 955 et
924 921 1028 954 forsan

287 974 382 1009 etiam
400 975 642 1019 persolverunt3

331 1028 393 1072 52.
413 1029 490 1063 Cum
511 1034 630 1070 autem,
646 1028 728 1062 sicut
744 1028 856 1062 eadem
875 1028 1029 1072 expositio

288 1082 503 1125 subiungebat
517 1082 568 1126 (ex
586 1093 624 1116 eo
642 1082 728 1126 quod
746 1093 804 1126 per
817 1083 1029 1115 Lateranense

290 1135 468 1169 Concilium
493 1135 667 1169 novissime
692 1135 902 1176 celebratum,
927 1135 1030 1169 direr-

288 1186 404 1233 sasque
435 1188 514 1222 alias
546 1189 717 1223 canonicas
742 1188 936 1230 sanctiones,
971 1188 1029 1222 sub

289 1243 423 1277 diversis
452 1243 596 1277 censuris
622 1249 652 1277 et
676 1243 789 1287 poenis
811 1248 959 1276 caveatur
979 1253 1031 1276 ex-

289 1307 399 1341 presse
414 1324 422 1338 ,
450 1306 490 1330 ne
515 1306 607 1339 reges
622 1323 630 1338 ,
653 1296 815 1340 principes
847 1302 876 1329 et
900 1296 953 1329 alii
974 1307 1031 1340 po-

291 1355 430 1384 tentatus
458 1350 497 1383 ab
533 1349 807 1394 archiepiscopis,
846 1350 1027 1393 episeopis,

290 1403 459 1437 abhatibus
476 1409 505 1437 et
525 1403 595 1436 aliis
615 1403 762 1447 personis
783 1402 1026 1444 ecclesiasticis,

291 1457 385 1490 etiam
407 1462 521 1501 sponte
538 1456 757 1497 offerentibus,
775 1457 914 1500 aliquam
934 1467 1031 1500 pecu-

290 1510 417 1543 niarum
444 1520 603 1543 summam
630 1510 694 1543 sive
715 1509 960 1543 subventionem
983 1521 1031 1543 rc-

291 1563 436 1608 cipiant),
465 1563 614 1596 maiestas
635 1568 688 1596 tna
708 1574 744 1596 ac
771 1563 813 1595 tui
836 1563 920 1596 illius
940 1563 1031 1606 regni

290 1616 429 1650 ministri
446 1627 504 1650 nec
525 1627 590 1650 non
612 1616 715 1650 dictus
736 1618 870 1650 loannes
893 1617 1032 1650 Fernan-

290 1671 347 1704 dez
369 1681 485 1715 prorex
506 1671 680 1712 dubitetis,
705 1676 807 1704 ratam
830 1671 1030 1715 praedictam

289 1724 486 1769 recipiendo,
500 1735 650 1758 censuras
667 1730 697 1758 et
713 1734 834 1768 poenas
850 1724 1032 1768 praedictas

291 1772 457 1811 incurrere
484 1782 516 1811 et
540 1777 649 1811 forsan
670 1777 868 1818 incurrissc;
892 1783 923 1811 et
940 1778 1032 1812 nobis

290 1837 463 1876 propterea
493 1831 659 1864 humiliter
687 1831 860 1876 supplicari
890 1831 1029 1873 fecistis,

290 1896 350 1930 pro
382 1887 435 1919 tua
471 1891 502 1919 et
538 1885 699 1919 dictorum
736 1886 956 1919 ministrorum
997 1897 1033 1919 ac

292 1939 420 1972 loannis
440 1939 625 1972 Fernandez
645 1939 791 1983 proregis
817 1939 1033 1973 conscientiae

292 1993 410 2037 quiete,
443 1998 601 2036 quatenus
630 1992 815 2036 praemissis
836 1998 977 2026 nostram
1004 1999 1035 2027 et

291 2046 388 2080 huius
415 2051 544 2080 sanctae
572 2046 663 2081 Sedis
688 2046 911 2080 auctoritatem
936 2047 1034 2080 inter-

292 2109 414 2144 ponere
434 2100 653 2143 dignaremur:

337 2153 401 2196 53.
429 2153 510 2194 Nos,
534 2153 823 2197 supplicationil.›us
850 2153 1032 2187 huiusmodi

293 2206 448 2248 inclinati,
472 2207 628 2241 oblationi
649 2212 680 2240 et
701 2207 804 2240 forsan
827 2207 1034 2251 promissioni

293 2271 352 2294 nec
379 2271 444 2294 non
473 2261 625 2294 solutioni
654 2272 712 2305 per
743 2261 1004 2305 archiepiscopos
1024 2289 1031 2301 ,

293 2315 462 2360 episcopos
503 2320 533 2348 et
561 2314 845 2348 archimandritam
887 2326 923 2348 ac
956 2316 1034 2349 alias

293 2369 524 2403 ecclesiasticas
555 2379 710 2413 personas
744 2369 855 2409 sactis,
888 2379 946 2412 pro
975 2369 1034 2402 bac

293 2423 360 2457 vice
382 2428 518 2464 tantum,
535 2429 677 2457 nostram
697 2429 725 2456 et
748 2423 850 2457 dictae
868 2423 959 2457 Sedis
979 2435 1034 2456 au-

293 2477 474 2510 ctoritatem
504 2476 739 2520 interponimus
759 2487 816 2519 per
838 2482 1032 2519 praesente&

294 2536 322 2561 et
343 2530 555 2563 nihilominus
586 2529 846 2573 archiepiscopis,
874 2511 1052 2574 episcopisi

295 2590 323 2616 et
354 2583 625 2617 archimandritae
654 2595 688 2615 ac
718 2583 787 2615 aliis
812 2583 1052 2616 ecclesiasticis*

296 2636 440 2679 personis
462 2637 652 2680 praedictis,
667 2642 697 2669 ut
725 2641 824 2669 ratam
847 2624 1053 2675 huiusmodi}

1060 289 1116 323 per
1141 289 1213 321 eos,
1234 285 1268 313 ut
1292 279 1491 324 praefertur,
1513 278 1653 313 oblatam
1676 284 1707 312 et
1725 289 1802 323 pro-

1061 333 1189 367 missam
1207 334 1403 378 persolvere‚
1418 345 1454 367 ac
1472 333 1620 368 maiestas
1640 340 1693 367 tua
1710 339 1741 367 et
1758 333 1802 367 tui

1061 386 1198 420 ministri
1241 387 1410 431 dictusque
1443 388 1578 421 loannes
1619 387 1804 421 Fernandez

1060 449 1175 483 prorex
1208 450 1279 473 eam
1308 447 1418 484 petere
1447 446 1478 474 et
1506 440 1652 485 recipere
1681 440 1803 484 absque

1061 492 1276 526 conscientiae
1304 494 1479 537 scrupulo,
1506 504 1562 527 seu
1591 503 1803 527 censurarum

1062 553 1093 581 et
1116 558 1295 592 poenarum
1320 549 1559 592 praedictarum
1584 549 1737 590 incursu,
1765 548 1803 582 ti-

1061 601 1138 635 bere
1159 606 1190 634 et
1210 601 1295 635 licite
1317 602 1452 642 valeant,
1476 601 1684 635 concedimus
1710 608 1740 635 et
1754 601 1805 635 in-

1063 655 1248 698 dulgemus:
1270 655 1422 699 ipsosque
1443 656 1718 699 archiepiscopos,
1739 654 1805 699 epi-

1062 719 1176 753 scopos
1201 715 1232 742 et
1256 709 1543 743 archimandritam
1570 720 1607 743 ac
1628 710 1704 743 alias
1725 720 1801 754 per-

1062 773 1156 796 sonas
1182 763 1415 797 ecclesiasticas
1444 768 1474 796 et
1501 773 1612 797 earum
1637 762 1801 805 singulas,

1063 821 1221 860 quatenus
1246 816 1305 860 ipsi
1327 816 1444 850 dictam
1469 822 1572 850 ratam
1592 815 1657 849 iam
1676 815 1802 860 promi--

1063 869 1163 903 serint
1193 875 1248 903 aut
1281 870 1454 911 solverint,
1483 880 1542 904 nec
1566 880 1632 904 non
1657 870 1805 903 eamdem

1065 923 1264 956 maiestatem
1295 929 1381 956 tuam
1414 929 1445 957 et
1479 929 1550 957 tuos
1581 923 1744 957 ministros
1769 933 1806 957 ac

1064 977 1217 1011 Ioannem
1251 977 1437 1011 Fernandez
1472 987 1643 1022 proregem
1678 977 1806 1021 praedi-

1065 1036 1175 1071 ctum,
1203 1031 1400 1065 si·eamdem
1430 1037 1533 1064 ratam
1563 1031 1625 1064 iam
1654 1040 1808 1074 percepe-

1065 1083 1143 1125 rint,
1165 1083 1203 1116 ab
1225 1083 1376 1117 omnibus
1401 1090 1431 1117 et
1455 1084 1590 1126 singulis
1613 1083 1760 1117 censuris
1778 1088 1808 1116 et

1066 1137 1188 1180 poenis,
1205 1143 1378 1181 propterea
1395 1137 1644 1182 quomodolibet
1660 1137 1808 1178 incursis,

1066 1190 1177 1223 eadem
1196 1190 1384 1224 auctoritate
1405 1190 1612 1231 absolvimus,
1633 1196 1663 1223 et
1679 1190 1807 1223 absolu-

1066 1249 1113 1276 tos
1134 1243 1202 1276 sore
1223 1254 1390 1277 censemus
1408 1249 1439 1277 et
1459 1244 1670 1277 declaramus.

1110 1298 1126 1340 g
1144 1296 1174 1329 li.
1197 1297 1431 1338 Decernentes,
1455 1297 1542 1341 quod
1560 1308 1673 1337 omnes
1694 1303 1724 1331 et
1743 1298 1807 1331 sin-

1065 1351 1130 1393 guli
1148 1350 1366 1394 pensionarii,
1390 1361 1446 1384 seu
1464 1351 1482 1383 ii
1503 1351 1620 1394 quibus
1637 1351 1709 1384 loco
1729 1362 1807 1395 pen-

1066 1405 1191 1438 sionum
1221 1405 1343 1438 fructus
1369 1405 1401 1438 in
1428 1411 1529 1439 totum
1550 1406 1598 1439 vel
1624 1405 1655 1438 in
1682 1411 1807 1449 partem

1066 1458 1216 1491 reservati
1235 1458 1385 1499 existunt,
1398 1458 1630 1502 cuiuscumque
1645 1458 1808 1500 dignitatis

1066 1511 1113 1545 vel
1135 1511 1329 1545 conditionis
1347 1512 1419 1553 sint,
1441 1504 1579 1556 cx‘ceptis
1605 1518 1710 1545 tamen
1736 1521 1808 1545 san-

1066 1570 1134 1598 ctae
1155 1565 1319 1598 Romanae
1334 1565 1494 1598 Ecclesiae
1516 1565 1746 1605 cardinalibus,
1768 1566 1808 1599 ad

1067 1618 1252 1651 huiusmodi
1274 1623 1361 1652 ratae
1376 1618 1582 1660 solutionem,
1607 1619 1638 1652 in
1660 1618 1809 1652 omnibus

1067 1676 1098 1705 et
1122 1683 1180 1716 per
1206 1672 1335 1713 omnia,
1361 1672 1494 1716 perinde
1515 1683 1551 1706 ac
1571 1672 1595 1705 si
1617 1672 1809 1706 nominatim

1068 1731 1169 1759 ratam
1201 1726 1348 1759 eamdem
1373 1736 1406 1759 se
1434 1726 1597 1760 soluturos
1618 1726 1811 1760 obtulissent

1067 1781 1231 1824 (clausulis
1257 1787 1287 1814 et
1315 1781 1452 1814 decretis
1481 1780 1513 1813 in
1542 1780 1657 1814 litteris
1683 1786 1811 1824 aposto-

1068 1834 1135 1867 licis
1163 1834 1417 1868 reservationum
1449 1834 1643 1878 pensionum
1676 1840 1706 1867 et
1738 1834 1812 1867 sru—

1068 1894 1176 1921 ctuum
1195 1888 1403 1928 huiusmodi,
1428 1888 1523 1920 etiam
1546 1887 1812 1922 consistorialiter

1068 1941 1242 1985 appositis,
1267 1941 1365 1974 etiam
1393 1942 1481 1985 quod
1508 1941 1612 1975 dictae
1637 1941 1810 1985 pensiones

1069 1995 1107 2028 ab
1134 1995 1222 2029 omni
1244 1995 1386 2035 decima,
1410 1994 1552 2028 subsidio
1574 1995 1762 2028 charitativo
1781 2001 1812 2028 et

1068 2048 1180 2091 quovis
1198 2048 1260 2081 alio
1281 2058 1401 2087 onere,
1430 2053 1493 2081 tam
1521 2048 1687 2081 ordinario
1713 2058 1809 2092 quam

1069 2101 1336 2139 extraordinario,
1358 2101 1467 2144 quavis
1489 2101 1692 2141 auctoritate,
1713 2101 1809 2134 ctiam

1069 2165 1127 2197 pro
1146 2154 1361 2197 expeditione,
1387 2160 1449 2187 tam
1472 2154 1624 2188 otl‘ensirat
1645 2166 1740 2198 qnam
1757 2155 1811 2188 dc-

1071 2207 1199 2247 sensiru,
1217 2213 1329 2240 contra
1351 2208 1469 2241 'l'incas
1490 2213 1517 2241 et
1541 2208 1620 2241 alios
1641 2208 1807 2248 infideles,

1069 2272 1105 2294 ac
1125 2261 1322 2304 reipublicae
1344 2261 1538 2295 christianae
1558 2262 1597 2295 ab
1613 2262 1742 2294 illorum
1758 2272 1811 2295 co-

1069 2315 1196 2348 natibus
1235 2315 1422 2349 defensione
1439 2343 1446 2355 ,
1485 2326 1541 2348 scu
1572 2315 1810 2357 inexcogitabili

1069 2370 1174 2409 causa,
1198 2379 1215 2401 a
1236 2369 1381 2402 Romano
1403 2369 1556 2402 l'ontiti‹·e
1579 2379 1636 2412 pro
1667 2374 1811 2412 tempore

1069 2421 1239 2462 existente,
1263 2422 1358 2455 ctiam
1378 2422 1416 2454 aii
1437 2421 1659 2464 imperatoris,
1684 2432 1807 2463 regunt,

1069 2476 1204 2515 ducum,
1226 2482 1254 2508 et
1276 2476 1414 2508 alioruin
1438 2475 1640 2514 instantiam,
1666 2474 1810 2507 illorum-

1069 2540 1129 2573 que
1165 2529 1439 2573 contemplatione
1472 2536 1501 2561 et
1533 2529 1672 2567 intuitu,
1713 2529 1809 2562 etiam

1070 2590 1157 2616 motu
1180 2584 1310 2627 proprio
1336 2590 1364 2616 et
1395 2594 1428 2615 cx
1451 2585 1534 2616 terta
1557 2583 1688 2616 scientia
1711 2583 1810 2626 impo-

1069 2637 1135 2670 ¹<itis
1156 2642 1183 2670 et
1216 2637 1442 2681 imponendis,
1475 2642 1527 2670 aut
1553 2637 1629 2671 alias
1656 2637 1810 2681 qualiter-

1697 220 1761 255 575
1807 230 1860 258 An.
1875 229 1904 258 e.
1928 229 2001 259 1609

1842 1300 1868 1322 Et
1875 1302 1902 1322 ad
1914 1307 1951 1322 eas
1960 1306 2008 1327 pei·-

1822 1328 1933 1349 solvendas
1940 1329 2007 1349 ecete-

1822 1355 1920 1375 siasticos
1938 1356 2008 1380 singu-

1822 1382 1852 1402 tos
1876 1382 1944 1402 teneri
1972 1382 2008 1402 de-

1823 1409 1896 1429 etan-at.
