2227 3241
248 266 296 294 An.
318 266 346 294 C.
365 265 431 295 1608

255 653 367 678 Collegium
377 654 394 673 et
404 652 433 672 b*-

248 679 376 699 btmtbccam
392 680 429 699 =ub

248 711 285 726 sna
300 708 432 731 prmeetvone

248 732 342 757 susmpit.

277 971 332 993 Rata
348 976 434 997 quoque

249 999 315 1020 habet
325 1003 380 1024 quae
395 1002 433 1023 pro

249 1025 358 1046 doctorum
382 1023 434 1045 sub—

249 1051 385 1075 stentatione,
403 1049 434 1070 bi-

249 1078 370 1099 bliothecae
385 1082 433 1097 cou-

252 1105 372 1126 servatione
414 1105 435 1124 et

250 1131 430 1157 cappellaniarnm

250 1158 357 1179 erectione
368 1159 389 1177 et
398 1156 434 1178 do·

251 1187 271 1206 to
285 1186 333 1218 sut
347 1185 435 1205 statura.

425 1897 427 1899 .
454 1868 521 1902 eius
541 1866 692 1901 domibus
710 1872 740 1900 et
758 1866 883 1900 iuribus
905 1866 1000 1910 (quas
1021 1871 1146 1899 tenutas
1166 1870 1213 1899 et'

454 2091 562 2126 supra,
581 2080 761 2123 suffragari,
778 2079 1030 2124 specificaverat,
1055 2090 1091 2113 ac
1109 2089 1196 2113 nunc

479 256 542 291 522

446 315 485 348 ab
505 313 655 348 omnibus
675 318 705 346 et
725 312 1000 356 quibuscumque,
1024 312 1064 345 ad
1084 310 1180 356 quos⁴

445 378 530 400 nunc
550 365 797 410 quomodolibet
820 370 942 409 spectat
963 371 993 398 et
1013 364 1179 409 spectabit,

445 420 582 453 firmiter
607 425 637 452 et
665 418 892 452 inviolabiliter
918 418 1081 452 observari
1102 424 1132 451 et
1151 428 1183 450 a·

445 471 605 516 dimpleri:
624 482 684 505 nec
704 471 743 505 ab
765 470 828 504 illis
845 471 911 504 ullo
929 481 1087 516 umquam
1107 476 1184 504 tem—

445 535 524 570 pore
544 524 660 558 resiliri
678 534 782 568 posse,
802 534 907 568 neque
926 524 1054 565 debere,
1072 524 1182 557 eadem

446 578 636 613 auctoritate
658 577 871 611 decernimus.

492 634 508 675 ξ
533 631 584 666 19.
613 632 649 665 Et
680 631 892 665 nihilominus
924 630 1095 674 collegium
1123 631 1182 664 do-

448 692 573 720 ctorum
588 691 619 720 et
632 685 874 725 bibliothecam,
892 685 1089 728 illorumque
1102 685 1185 718 bona

447 739 652 779 huiusmodi,
687 738 774 772 salvo
795 744 913 772 tamem
935 738 1005 771 iure
1025 737 1185 771 Ordinarii

449 793 481 826 in
502 793 628 827 casibus
650 792 709 826 sibi
730 803 748 825 a
768 792 838 826 iure
859 791 1031 832 concessis,
1051 791 1110 824 sub
1131 801 1187 824 no-

450 847 514 880 stra
541 852 572 880 et
600 846 689 881 Sedis
710 846 913 890 Apostolicae
934 845 1136 890 protectione
1158 850 1188 878 ct

451 900 638 934 defensione
658 899 754 933 etiam
775 905 932 944 perpetuo
953 898 1155 942 suscipimus.

494 955 511 996 ξ
536 952 588 986 20.
616 953 748 987 Necnon
769 953 848 997 (pro
870 952 997 995 collegii
1018 952 1186 985 doctorum

450 1013 481 1041 et
499 1007 715 1041 bibliothecae
743 1017 780 1040 ac
807 1007 994 1040 eorumdem
1019 1006 1187 1039 doctorum

450 1061 650 1105 aliarumque
668 1071 882 1105 personarum
900 1052 1138 1104 praedictorum
1160 1064 1190 1092 et

450 1114 672 1148 ministrorum
702 1114 935 1147 sustentatione
960 1119 990 1147 et
1014 1119 1186 1146 manuten-

451 1167 550 1211 tione)
565 1178 582 1201 a
601 1167 773 1212 praedictis
791 1167 928 1210 collegio
946 1166 1104 1200 Ticinensi
1118 1166 1191 1199 Bor·
1207 1178 1209 1212 ᾗ

449 1231 580 1255 romaeo
590 1227 786 1265 nuncupato,
800 1221 848 1254 οὔ
860 1219 1024 1254 beneficiis
1042 1219 1190 1253 ecclesia-

450 1275 536 1310 sticis
556 1285 593 1308 ac
617 1275 710 1309 bonis
736 1275 781 1307 illi
802 1273 993 1308 auctoritate
1015 1270 1209 1317 apostolica¹

449 1329 616 1375 praedicta
633 1329 710 1363 alias
728 1329 839 1369 unitis,
855 1339 951 1361 unam
970 1328 1114 1368 domum,
1135 1337 1190 1360 seu

451 1383 636 1424 domorum,
657 1388 688 1416 et
708 1383 870 1416 honorum
891 1381 969 1415 locis
987 1382 1102 1415 domus
1119 1380 1191 1414 Thi-

451 1437 523 1479 sini,
543 1447 600 1471 seu
622 1435 655 1470 ta
672 1447 747 1470 casa
764 1436 799 1469 cli
826 1435 961 1470 Thisino
979 1434 1156 1479 nuncupati
1167 1434 1188 1475 ³,

451 1490 616 1536 Papiensis
649 1490 805 1525 dioecesis
821 1517 828 1531 ,
857 1489 945 1523 mille
969 1494 999 1523 et
1022 1489 1132 1522 decem
1162 1493 1193 1522 et

451 1555 567 1579 novem
587 1544 784 1589 perticarum
802 1544 851 1577 vel
871 1542 1002 1577 alterius
1023 1552 1192 1576 mensurae

452 1599 580 1633 illarum
594 1597 747 1643 partium,
762 1608 834 1631 cum
856 1597 920 1631 suis
934 1596 1094 1638 domibus,
1110 1607 1192 1630 mas-

453 1652 569 1687 saritiis
590 1658 621 1686 et
640 1652 782 1692 iuribus,
804 1651 879 1685 item
900 1651 1047 1691 alteram,
1070 1656 1194 1684 tenutas

454 1713 485 1741 et
501 1705 718 1752 possessiones
731 1705 897 1748 Vogherae
915 1705 1011 1738 etiam
1028 1714 1193 1748 nuncupa-

454 1767 540 1802 tam,
562 1765 785 1794 sexcentarum
813 1765 844 1793 et
873 1758 1106 1803 quinquaginta
1131 1758 1192 1791 cir-

454 1814 534 1849 citer
554 1813 750 1858 perticarum
777 1813 880 1846 dictae
907 1822 1097 1852 mensurae,
1122 1822 1192 1844 cum

452 1920 672 1966 possessiones
697 1930 768 1953 cum
801 1919 955 1963 predictis
980 1918 1103 1952 iuribus
1128 1918 1195 1962 ipse

454 1974 639 2010 Fridericus
666 1973 840 2007 cardinalis
866 1978 897 2006 et
921 1973 1062 2017 praesul,
1091 1971 1196 2006 existi-

455 2038 545 2062 mans
570 2026 750 2071 praedictas
772 2026 894 2060 litteras
919 2026 1111 2070 apostolicas
1126 2053 1134 2066 ,
1162 2030 1196 2058 ut

455 2136 561 2169 denuo
570 2133 663 2168 etiam
672 2133 859 2177 specificat>3
875 2139 905 2167 et
916 2143 1054 2178 quarum
1071 2143 1196 2166 annuus

454 2188 565 2229 valor,
593 2186 713 2220 iudicio
738 2197 817 2227 suo,
845 2186 988 2220 ascendit
1009 2187 1049 2220 ad
1068 2186 1195 2231 praedi-

456 2246 539 2275 ctam
560 2250 719 2274 summam
739 2240 826 2273 mille
847 2244 1023 2281 scutorum,
1043 2241 1083 2273 ad
1104 2240 1215 2289 ratio-l

492 2322 501 2347 1
525 2320 596 2348 Haec
614 2319 695 2347 verba
709 2320 747 2346 ad
763 2327 830 2355 quos
846 2328 894 2347 nos
911 2320 1035 2347 addimus
1049 2322 1088 2354 (n.
1106 2321 1153 2353 τ.).

489 2365 505 2392 2
521 2365 570 2392 Vel
594 2372 685 2401 praep.
710 2372 745 2391 ecc
767 2363 809 2391 liic
834 2363 966 2396 delenda,
985 2364 1024 2391 vel
1045 2365 1125 2391 antea
1146 2363 1196 2400 legi

454 2410 548 2438 debuit
562 2409 706 2445 praedicto
722 2417 770 2445 pro
785 2409 941 2444 praedictis
955 2410 993 2444 (a.
1005 2410 1054 2444 τ.).

489 2456 504 2483 3
524 2454 693 2482 Adamussim
709 2454 789 2481 retuli
805 2453 948 2481 lectionem
970 2453 1197 2488 Maium-dianam,
1214 2456 1215 2468 ¹

455 2508 523 2536 quae
549 2499 649 2535 aliquid
675 2497 872 2526 emendationis
901 2497 1058 2525 desiderare
1084 2498 1195 2525 videtur.

455 2544 554 2571 Forsan
570 2543 635 2571 ordo
652 2542 793 2570 verborum
809 2542 847 2569 sic
859 2547 900 2569 est
912 2542 1069 2569 mutandus:
1088 2550 1199 2577 aprae-

456 2589 572 2617 diclis...
589 2589 663 2616 allas
688 2588 790 2620 unitis,
817 2595 866 2615 seu
890 2588 1042 2616 (tomorum
1064 2591 1090 2616 et
1114 2589 1217 2616 borto-¹

456 2641 521 2660 rum
537 2632 604 2660 locis
617 2654 623 2663 ,
639 2640 727 2660 unam
742 2632 856 2659 domum
868 2652 875 2664 ,
902 2632 1000 2659 domus
1023 2632 1135 2660 This-ini
1150 2641 1198 2659 seu
1216 2647 1218 2654 ι

458 2677 483 2704 la
498 2685 558 2705 casa
573 2677 600 2705 di
615 2676 706 2706 Tisino
717 2679 926 2712 nuncupatam,
939 2680 990 2705 etc.
1012 2678 1049 2712 (n.
1067 2680 1113 2711 τ.),

1030 263 1213 290 BULLARIUM
1234 263 1388 290 ROMANUM

1216 321 1290 345 nem
1311 321 1363 345 sex
1382 311 1539 345 librarum
1560 311 1777 356 imperialium
1798 324 1857 357 pro
1877 325 1958 358 quo-

1217 364 1293 398 libet
1313 370 1403 398 scuto
1428 364 1613 399 huiusmodi
1640 365 1771 408 (quibus
1795 367 1955 408 detractis,

1217 417 1342 462 reliqua
1369 417 1476 458 bona,
1506 423 1538 450 et
1564 418 1685 450 fructus
1710 417 1810 462 ipsius
1831 419 1958 462 collegii

1217 470 1392 504 Ticinensis
1407 498 1415 512 ,
1440 471 1480 504 ad
1501 471 1587 505 illius
1607 471 1812 505 alumnorum
1835 477 1866 506 et
1884 483 1959 517 per-

1218 535 1370 559 sonarum
1387 535 1564 568 congruam
1583 525 1860 560 manutentionem
1877 527 1960 561 sulfi-

1220 579 1328 621 cient)‚
1345 579 1535 612 auctoritate
1549 584 1579 612 et
1594 585 1705 613 tenore
1724 579 1900 624 praedictis
1920 580 1961 614 de

1220 643 1303 666 novo
1329 632 1479 665 similiter
1506 638 1664 676 perpetuo
1690 633 1961 667 dismembramus

1221 689 1252 717 et
1276 693 1464 727 separamus
1480 709 1487 723 ‚
1517 683 1651 727 illasque
1675 684 1719 718 sic
1744 689 1906 728 separatas
1929 689 1962 718 et

1222 736 1480 776 dismembratas,
1497 747 1557 770 nec
1570 747 1635 770 non
1649 737 1728 770 alias
1741 747 1962 781 quascumque

1222 789 1445 832 proprietates,
1462 800 1523 830 res,
1540 789 1611 823 iura
1631 795 1662 823 et
1681 790 1766 823 bona
1783 789 1815 823 in
1829 789 1962 834 quibus-

1223 852 1363 886 cumque
1388 843 1484 876 rebus
1510 843 1738 884 consistentia,
1763 854 1799 876 ac
1824 842 1962 876 cuiusvis

1223 895 1410 939 quantitatis
1424 901 1454 929 et
1471 895 1588 940 speciei
1608 895 1781 938 existentia,
1796 906 1854 940 per
1867 905 1963 940 quos-

1224 958 1362 993 cumque
1381 948 1605 983 christifideles
1619 950 1889 994 quandocumque
1907 949 1963 984 do-

1223 1002 1341 1043 nanda,
1362 1002 1508 1045 leganda,
1527 1002 1740 1047 relinquenda
1760 1009 1790 1037 et
1807 1003 1964 1047 elargien-

1225 1056 1265 1089 da
1279 1083 1286 1096 ,
1321 1056 1456 1099 collegio
1487 1057 1658 1090 doctorum
1688 1062 1720 1090 et
1747 1051 1964 1092 bibliothecae

1206 1122 1208 1135 ι
1225 1109 1409 1143 huiusmodi
1431 1109 1495 1152 <ita
1515 1110 1601 1154 quod
1627 1110 1722 1144 liceat
1748 1110 1868 1144 eisdem
1887 1111 1959 1145 Fri-

1225 1161 1333 1195 derico
1359 1162 1515 1196 cardinali
1536 1166 1566 1196 et
1589 1163 1752 1207 praesuli,
1775 1174 1812 1197 ac
1832 1163 1963 1198 illorum

1225 1215 1504 1250 conservatoribus
1534 1227 1593 1261 pro
1626 1222 1771 1261 tempore
1797 1217 1963 1252 existenti-

1225 1269 1294 1309 bus,
1318 1280 1374 1313 per
1394 1280 1437 1310 se,
1463 1270 1509 1303 vel
1530 1269 1640 1311 alium,
1660 1281 1716 1304 seu
1736 1271 1816 1304 alios
1836 1281 1960 1314 eorum,

1225 1334 1261 1356 ac
1282 1323 1407 1366 collegii
1430 1324 1597 1356 doctorum
1617 1329 1647 1357 et
1667 1323 1883 1359 bibliothecae
1902 1325 1964 1360 hu-

1226 1375 1364 1409 iusmodi
1384 1376 1581 1418 nominibus,
1605 1377 1819 1421 corporalem,
1843 1379 1964 1413 realem

1226 1435 1256 1462 et
1273 1430 1430 1463 actualem
1450 1429 1685 1474 possessionem
1703 1430 1863 1466 bonorum
1877 1443 1967 1477 prae-

1227 1483 1397 1525 dictorum,
1418 1483 1549 1528 propria
1568 1484 1770 1526 auctoritate,
1790 1485 1890 1520 libere
1910 1497 1966 1531 ap-

1225 1537 1449 1582 prehendere,
1479 1543 1509 1572 et
1536 1543 1694 1582 perpetuo
1722 1538 1883 1580 retinere,
1909 1551 1967 1575 seu

1228 1592 1290 1624 iam
1311 1592 1419 1624 forsan
1440 1591 1676 1636 apprehensam
1703 1592 1903 1635 continuare,
1927 1593 1966 1627 il-

1227 1645 1399 1688 lorumque
1424 1645 1562 1686 fructus,
1584 1644 1748 1687 redditus,
1771 1652 1964 1690 proventus,

1228 1698 1436 1733 obventiones
1458 1704 1489 1732 et
1506 1699 1726 1733 emolumenta
1744 1709 1968 1745 quaecumque

1210 1779 1212 1785 ,
1228 1753 1406 1802 percipere,
1430 1753 1557 1796 exigere
1578 1759 1609 1787 et
1625 1753 1742 1795 levare,
1766 1764 1803 1788 ac
1820 1765 1857 1788 ex
1875 1765 1969 1799 prae-

1229 1806 1320 1840 dictis
1338 1806 1462 1840 duabus
1481 1807 1598 1840 tenutis
1618 1807 1650 1840 in
1668 1807 1750 1841 sesto
1770 1807 1872 1842 sancti
1886 1808 1968 1842 Mar-

1231 1860 1287 1894 tini
1308 1871 1393 1894 anno
1418 1861 1545 1907 Domini
1566 1871 1663 1895 nncvr
1689 1871 1725 1895 ac
1750 1861 1782 1895 in
1807 1866 1923 1904 antea,
1951 1873 1971 1896 a

1229 1925 1294 1959 quo
1318 1914 1443 1959 priores
1468 1915 1711 1949 dismembratio
1738 1921 1768 1950 et
1792 1915 1969 1960 applicatio

1230 1979 1287 2012 per
1308 1974 1537 2012 exequutorem
1555 1968 1715 2002 dictarum
1732 1968 1912 2003 litterarum
1929 1969 1970 2003 sa-

1230 2027 1279 2056 cta
1299 2022 1448 2063 suerunt,
1477 2027 1647 2067 perceptos
1668 2028 1698 2056 et
1718 2022 1944 2067 percipiendos
1959 2051 1967 2065 ‚

1231 2075 1380 2117 retinere,
1404 2076 1531 2119 exigere
1548 2081 1579 2110 et
1599 2077 1714 2118 levare,
1735 2087 1772 2110 ac
1792 2076 1822 2110 in
1843 2076 1970 2120 collegii

1230 2130 1402 2164 doctorum
1428 2135 1459 2164 et
1482 2129 1696 2164 bibliothecae
1725 2130 1911 2165 huiusmodi
1935 2141 1972 2165 u-

1230 2195 1295 2226 sus,
1309 2184 1478 2218 utilitatem
1494 2190 1523 2218 et
1537 2184 1759 2219 necessitatem
1774 2190 1970 2228 convertere,

1232 2238 1413 2272 dioecesani
1432 2238 1493 2272 loci
1512 2239 1559 2272 vel
1575 2238 1712 2272 cuiusvis
1730 2238 1860 2272 alterius
1876 2238 1971 2273 licen-

1232 2291 1273 2324 tia
1287 2291 1425 2336 desuper
1438 2291 1572 2325 minime
1585 2292 1752 2336 requisita)
1766 2292 1887 2336 pariter
1898 2303 1971 2337 per-

1232 2350 1328 2389 petuo
1349 2344 1548 2389 applicamus
1569 2351 1599 2379 et
1619 2345 1877 2389 appropriamus.

1276 2400 1292 2441 ξ
1313 2398 1365 2431 21.
1389 2398 1561 2432 Praeterea
1581 2398 1685 2432 eidem
1710 2398 1874 2432 Friderieo
1894 2409 1966 2433 car-

1233 2451 1351 2492 dinali,
1372 2451 1480 2496 quoad
1499 2451 1624 2492 vixerit,
1648 2457 1683 2485 ut
1703 2461 1761 2495 pro
1779 2452 1970 2486 eorumdem

1215 2527 1217 2533 »
1233 2505 1357 2548 collegii
1373 2505 1542 2538 doctorum
1561 2510 1591 2538 et
1612 2505 1827 2539 bibliothecae
1844 2516 1970 2541 necnon

1233 2558 1505 2602 cappellaniarum
1528 2558 1613 2606 feliq'
1631 2569 1792 2600 successu,
1814 2559 1971 2602 regimine

1216 2618 1264 2646 *et
1292 2612 1571 2646 administratione
1587 2639 1594 2653 ‚
1620 2622 1746 2646 necnon
1771 2612 1876 2647 circa¹
1898 2613 1970 2647 illo-

1273 2679 1280 2703 t
1304 2675 1373 2704 Edit.
1391 2674 1469 2704 Main.
1486 2674 1550 2710 legit
1565 2675 1640 2704 citra
1656 2675 1694 2710 (n.
1711 2675 1759 2710 τ.).

2038 2394 2164 2421 Legesom
2189 2400 2201 2419 t,

1985 2421 2048 2447 deinlj
2099 2419 2168 2447 eid-J

1985 2447 2094 2469 Frater-ico
2105 2446 2136 2467 [ιο
2150 2453 2164 2464 w>
2185 2449 2190 2459 ‘
2204 2455 2206 2469 ;

1985 2477 2050 2496 tatem
2065 2473 2142 2495 tribuit.
2160 2476 2163 2477 ’
