2227 3241
41 228 91 254 An.
108 225 136 252 C.
158 224 226 251 1608

240 1015 277 1048 'in
306 1014 457 1048 omnibus
475 1012 557 1053 aliis,
578 1022 660 1056 quae
678 1009 862 1055 praemissis
876 1008 987 1052 quovis
1004 1028 1005 1035 1

891 214 1010 238 rixULt's
1029 215 1049 237 V
1069 214 1118 237 ΓΡ.

242 269 438 309 versitatum,
463 266 685 309 collegiorum,
703 264 864 297 civitatum
887 269 915 295 et
938 263 983 294 lo-

242 332 353 357 corum
375 329 670 365 quorumcumque,
697 317 892 355 iuramento,
907 325 983 347 con-

242 375 425 409 firmatione
445 372 632 418 apostolica,
649 372 696 404 vel
708 370 818 414 quavis
832 367 983 401 firmitate
998 381 1000 409 't

242 430 305 463 alia
325 417 644 470 roboratistetiamsi
669 425 709 457 de
726 423 787 456 illis
804 421 980 461 servandis,
998 413 1000 450 i

241 490 274 517 et
306 493 372 516 non
409 480 623 526 impetrandis
654 477 768 511 litteris
800 474 983 520 apostolicis

243 542 356 571 eontra
372 535 438 576 illa,
455 541 496 575 et,
517 533 579 566 illis
593 533 688 566 etiam
707 531 745 564 ab
767 530 829 563 alio
848 529 893 562 vel
913 528 983 561 aliis
999 536 1001 540 ’

243 588 423 634 impetratis
439 598 495 621 seu
517 586 594 619 alias
607 584 719 629 quovis
740 583 837 616 modo
858 591 984 615 conces-

243 643 296 684 sis,
319 652 385 675 non
412 638 607 679 utentibus¹,
636 646 793 682 personae
818 635 984 680 praestite-

244 696 308 729 rint
332 698 484 735 eatenus,
512 693 560 726 vel
586 692 797 736 imposterum
823 695 984 732 praestare

243 748 414 791 contigerit
427 745 670 787 iuramentum),
682 755 719 777 ac
740 741 904 787 quibusvis
921 741 986 784 pri·
1001 752 1002 767 1

243 801 364 844 vilegiis
387 806 417 833 et
434 799 565 833 indultis
578 793 986 842 apostolicis,generalibus

245 861 276 889 et
297 853 501 899 specialibus,
518 850 743 891 Cluniacensis,
759 847 985 889 Cisterciensis,

245 907 548 943 Praemostratensis
573 912 603 938 et
628 905 765 938 aliorum
798 902 982 947 praedicto-

243 972 316 995 rum
333 989 340 1002 ,
367 966 635 1002 caeterorumque
659 957 814 991 Ordinum
842 958 885 997 (et
909 955 1005 1003 altas,

247 1069 344 1102 modo
373 1068 501 1101 obstare
530 1066 719 1103 videantur,
748 1074 853 1108 quae,
881 1059 1006 1105 quoad³¹

244 1122 526 1163 haec,nullatenus
544 1120 693 1163 cuiquam
712 1119 739 1151 in
752 1118 859 1161 aliquo
877 1118 989 1150 sull'ra—
1004 1106 1006 1114 l

245 1176 313 1219 gari
334 1176 494 1215 volumus,
519 1174 652 1218 aliisque
677 1173 839 1213 omnibus,
861 1178 887 1205 et
911 1183 984 1205 cac-

248 1229 322 1264 teris
353 1228 522 1262 contrariis
562 1228 821 1273 quilmscumcpie
834 1255 841 1267 ,
872 1227 925 1259 ubi
960 1233 991 1259 et,

247 1284 378 1327 quando
396 1282 543 1326 expediet
566 1281 743 1314 secundum
764 1281 807 1313 rei
841 1287 869 1313 ct
899 1291 990 1313 casus

248 1336 494 1379 exigentiam,in
508 1345 626 1378 genere
640 1341 670 1368 et
690 1335 720 1367 in
739 1334 857 1378 specie,
874 1344 911 1367 ac
926 1340 987 1366 tam
1006 1343 1007 1363 1

248 1390 446 1425 coniunctim
466 1399 562 1433 quam
582 1389 719 1428 divisim,
741 1394 836 1433 prout
853 1389 907 1421 tibi
920 1389 989 1432 pla-

249 1444 364 1484 cuerit,
387 1444 492 1476 valeas
513 1443 682 1485 derogare,
706 1448 736 1474 et
755 1452 852 1485 super
873 1441 921 1474 liis
943 1442 987 1473 in-

248 1496 415 1540 dulgere);
443 1494 616 1540 quodque²
640 1494 739 1538 aliqui
764 1505 860 1538 super
884 1495 991 1537 provi-

247 1552 391 1587 sionibus
414 1562 470 1585 seu
491 1550 692 1584 commendis
709 1550 767 1583 sibi
786 1550 938 1583 faciendis
952 1550 990 1582 de

247 1605 434 1639 huiusmodi
460 1605 506 1638 vel
526 1604 597 1638 aliis
614 1604 780 1637 beneficiis
800 1604 991 1637 ecelesiasti-

249 1659 335 1693 eisin
349 1658 411 1692 illis
424 1658 570 1702 partibus
588 1657 743 1702 speciales
764 1658 810 1690 vel
825 1657 991 1699 generales

249 1712 353 1746 dictae
378 1711 468 1746 Sedis
496 1712 543 1744 vel
569 1712 750 1753 legatorum
777 1711 846 1743 eius
871 1711 992 1743 litteras

250 1765 466 1810 impetrarint,
488 1764 612 1798 etiamsi
627 1775 683 1808 per
696 1775 749 1797 eas
770 1764 809 1797 ad
829 1764 992 1797 inhibitio-

250 1830 322 1853 nem
340 1846 347 1860 ,
378 1818 640 1857 reservationem,
665 1823 696 1850 et
728 1818 916 1857 decretum,
945 1818 991 1851 vel

249 1873 328 1906 alias
345 1872 589 1916 quomodolibet
604 1871 644 1904 sit
657 1881 855 1915 processum,
876 1871 992 1915 quibus
1009 1882 1010 1886 ¹

250 1926 401 1960 omnibus
430 1935 596 1970 personas,
620 1924 652 1957 in
679 1934 816 1968 quorum
851 1925 991 1958 savorem

250 1990 309 2024 per
329 1985 358 2013 te
383 1980 422 2013 de
442 1978 591 2013 beneficii
616 1979 790 2022 praedictis
810 1978 994 2022 providebi-

252 2040 315 2074 tur,
335 2038 391 2066 aut
411 2033 488 2066 alias
506 2033 706 2076 disponetur,
730 2032 761 2065 in
780 2042 891 2065 eorum
910 2043 993 2065 asse-

251 2087 408 2132 quutione
432 2087 581 2120 volumus
606 2086 771 2126 anteferri,
792 2087 847 2119 sed
868 2086 991 2119 nullum

251 2151 310 2184 per
329 2140 390 2174 hoc
407 2141 463 2181 eis,
487 2140 594 2184 quoad
615 2139 878 2183 assequutionem
897 2139 994 2172 bene-

253 2194 400 2228 ficiorum
416 2193 809 2237 aliorum,praeiudicium
832 2192 991 2235 generari,

252 2247 327 2281 seu³
346 2247 371 2280 si
392 2247 539 2280 locorum
562 2246 750 2285 Ordinariis,
775 2251 806 2278 et
827 2245 991 2279 collatori-

252 2300 334 2341 bus,
357 2310 394 2333 ac
422 2299 615 2344 praedictis,
640 2299 687 2332 vel
718 2298 883 2342 quibusvis
911 2298 991 2339 aliis,

290 2390 300 2416 l
324 2389 424 2424 Legere
440 2392 547 2424 oportet
567 2396 624 2414 non
645 2387 756 2420 utendi,
778 2388 817 2414 vel
839 2394 897 2413 non
913 2390 995 2414 uten-

253 2430 314 2462 dis‚·
330 2437 428 2465 nempe
443 2429 626 2456 iuramentum
646 2436 703 2455 non
719 2428 816 2456 utendi
832 2427 873 2453 vel
889 2427 921 2453 cle
936 2435 993 2453 non

253 2470 367 2498 utendis
387 2469 439 2496 illis
458 2469 555 2496 litteris
574 2468 741 2504 apostolicis,
762 2467 871 2503 quando
896 2467 996 2494 suerint

254 2509 288 2537 ab
296 2510 349 2537 alio
359 2510 398 2537 vel
409 2509 443 2536 ab
453 2510 512 2537 aliis
520 2509 680 2545 impetratae
689 2512 736 2535 aut
751 2516 895 2535 concessae
906 2508 993 2542 (1112).

289 2549 305 2576 2
324 2550 445 2586 Nempe:
463 2553 489 2578 ει
504 2558 563 2576 non
583 2550 710 2576 obstante
726 2549 812 2584 quod,
830 2552 882 2575 etc.
894 2549 994 2583 (n.·r.).

290 2589 306 2616 3
325 2588 443 2625 Nempe:
467 2598 513 2618 seu
538 2597 595 2617 non
619 2590 744 2618 obstante
766 2589 806 2620 si,
823 2591 851 2615 ut
871 2592 945 2624 patet
964 2596 995 2616 ex

255 2629 336 2658 huius
355 2629 486 2659 formulae
505 2629 658 2658 adiectione
674 2630 699 2658 in
720 2629 779 2657 aliis
794 2629 874 2657 bullis
890 2631 930 2663 (n.
945 2629 986 2665 τ.)

1017 260 1233 294 communiter
1263 259 1311 290 wt
1340 256 1490 295 divisim,
1512 255 1550 287 ab
1581 254 1693 286 eadem
1719 253 1758 285 sit

1017 314 1097 347 Sede
1115 311 1386 355 indultum,quod
1411 309 1450 342 ad
1470 307 1686 351 receptionem
1711 305 1757 338 vel

1018 366 1235 410 provisionem
1258 364 1394 397 alicuius
1416 362 1547 395 minime
1568 365 1756 397 teneantur,

1017 423 1049 451 et
1077 417 1116 449 ad
1143 417 1174 449 id
1204 415 1365 459 compelli,
1394 420 1470 454 aut,
1498 412 1585 456 quod
1611 409 1758 443 interdici

1018 470 1064 502 vel
1080 467 1351 502 excommunicari
1366 477 1431 499 non
1446 465 1584 509 possint,
1607 462 1760 507 quodque

1019 523 1057 556 de
1083 521 1267 555 huiusmodi
1304 521 1351 553 vel
1376 519 1446 552 aliis
1471 516 1635 551 beneficiis
1660 515 1761 548 ecele-

1017 576 1152 609 siasticis
1173 576 1213 608 ad
1232 585 1345 608 eorum
1368 572 1585 611 collationem,
1606 569 1760 614 provisio-

1019 640 1103 669 nem,
1132 628 1441 672 praesentationem,
1467 625 1678 663 electionem,
1705 633 1761 655 seu

1019 683 1164 726 quamvis
1178 682 1272 714 aliam
1288 680 1542 724 dispositionem,
1564 675 1759 711 coniunctim

1019 737 1066 769 vel
1085 735 1267 779 separatim,
1282 732 1517 777 spectantibus,
1540 729 1620 763 nulli
1639 729 1763 762 valeant

1021 788 1193 832 provideri,
1212 798 1268 820 seu
1289 786 1481 819 commenda
1502 784 1583 823 lieri,
1607 793 1664 826 per
1681 782 1763 814 litte-

1020 853 1071 875 ras
1099 842 1290 886 apostolieas
1318 851 1380 873 non
1408 839 1559 872 l'acientes
1584 837 1711 880 plenam
1733 840 1761 868 et

1021 906 1202 939 expressam
1235 906 1270 929 ac
1298 895 1337 926 de
1370 893 1467 925 verbo
1496 892 1535 924 ad
1565 890 1697 923 verbum
1724 888 1763 921 de

1024 949 1147 982 indulto
1168 947 1353 981 huiusmodi
1373 946 1588 980 mentionem;
1610 949 1640 976 et
1659 942 1762 986 quali-

1023 1004 1075 1037 bet
1092 1003 1152 1035 alia
1178 1003 1281 1035 dictae
1306 1001 1395 1034 Sedis
1422 998 1633 1041 indulgentia,
1661 1007 1760 1037 gene-

1023 1057 1080 1089 rali
1116 1057 1162 1088 vel
1196 1055 1349 1098 speciali,
1378 1053 1610 1095 cuiuscmuspte
1645 1049 1765 1083 tenoris

1023 1110 1169 1148 exsistat,
1190 1120 1246 1152 per
1270 1105 1615 1151 quam,praesentibus
1640 1112 1764 1136 necnon

1025 1163 1136 1196 litteris
1162 1174 1219 1206 per
1245 1168 1272 1195 te
1298 1161 1485 1194 earumdem
1513 1159 1620 1201 vigore
1645 1168 1763 1190 conce*

1025 1218 1139 1250 (lendis
1164 1228 1227 1250 non
1255 1227 1436 1260 expressam
1463 1216 1508 1248 vel
1536 1215 1670 1248 omnino
1700 1224 1764 1246 non

1025 1273 1191 1307 insertam,
1216 1271 1347 1303 effeetus
1368 1279 1478 1302 earum
1499 1267 1646 1312 impediri
1666 1268 1767 1300 valeat

1025 1325 1268 1369 quomodolibet
1300 1325 1347 1356 vel
1370 1322 1503 1359 ‹lill'errr
1519 1328 1550 1355 et
1574 1322 1612 1354 de
1633 1331 1696 1364 qua
1713 1331 1766 1353 cu-

1026 1380 1137 1422 iusque
1159 1384 1225 1411 toto
1242 1383 1351 1411 tenore
1372 1376 1521 1409 habenda
1537 1375 1577 1408 sit
1594 1375 1624 1407 in
1646 1374 1765 1407 eisdem

1026 1432 1138 1465 litteris
1157 1432 1278 1464 mentio
1298 1430 1455 1474 specialis.

1070 1487 1085 1528 ξ
1106 1485 1156 1518 tt».
1180 1485 1333 1517 Volumus
1353 1489 1470 1524 autem,
1493 1489 1526 1515 ut
1547 1481 1765 1526 praesentium

1026 1539 1245 1582 transumptis,
1269 1538 1364 1570 etiam
1392 1536 1566 1580 impressis,
1597 1546 1693 1568 manu
1720 1546 1768 1568 re-

1026 1593 1130 1634 gentis
1156 1592 1367 1625 cancellariae
1395 1597 1486 1629 tuae,
1515 1601 1551 1622 ac
1582 1589 1687 1631 sigillo
1714 1594 1768 1621 tuo

1026 1646 1221 1689 obsignatis,
1253 1646 1364 1678 eadem
1397 1645 1449 1676 illa
1480 1654 1611 1687 prorsus
1632 1643 1712 1675 tides
1737 1643 1768 1675 in

1026 1700 1146 1734 iudicio
1168 1707 1197 1733 et
1212 1707 1299 1732 extra
1313 1699 1391 1732 illud
1410 1698 1530 1742 ubique
1548 1698 1693 1730 locorum
1712 1697 1768 1729 ad-

1027 1754 1186 1794 hibeatur,
1207 1764 1290 1797 quae
1312 1752 1521 1785 adhiberetur
1535 1751 1656 1784 eisdem
1678 1762 1770 1794 prae-

1026 1807 1182 1847 sentibus,
1202 1807 1226 1840 si
1242 1812 1347 1840 essent
1360 1805 1519 1838 exhibitae
1543 1805 1590 1837 vel
1609 1810 1765 1837 ostensae.

1071 1862 1184 1894 [tatum
1202 1861 1323 1893 Romae
1344 1860 1430 1903 apud
1451 1848 1596 1892 sanetum
1615 1858 1766 1897 Marcum,

1028 1925 1112 1948 anno
1146 1913 1378 1947 incarnationis
1403 1912 1589 1946 Dominicae
1623 1921 1765 1949 nncvm,

1029 1968 1122 2001 tertio
1158 1978 1259 2000 nonas
1297 1966 1394 2005 maii,
1432 1965 1640 2009 pontificatus
1668 1965 1768 1998 nostri

1028 2032 1113 2055 ἱίΠΠΟ
1132 2031 1179 2054 111.

1064 2075 1122 2101 Dat.
1144 2074 1187 2101 die
1207 2074 1223 2101 5
1242 2072 1304 2100 maii
1324 2073 1401 2105 ¹608,
1418 2073 1512 2108 pontif.
1535 2080 1578 2099 an.
1597 2078 1634 2099 111.

1033 2216 1198 2249 Concessio
1212 2216 1360 2249 ecclesiae
1381 2217 1501 2249 Bestiae
1514 2216 1640 2249 Mariae
1657 2215 1694 2248 de
1713 2215 1771 2249 Ca-

1075 2273 1146 2301 lena
1162 2296 1169 2309 ,
1197 2269 1233 2301 in
1258 2269 1386 2301 civitate
1414 2269 1658 2302 Paitoi-meana
1681 2268 1768 2300 exis-

1075 2324 1182 2363 tentis,
1205 2323 1364 2366 fratribus
1391 2322 1525 2357 Ordinis
1550 2322 1772 2355 Eremitarum

1074 2377 1179 2409 sancti
1198 2376 1380 2419 Anam-tini
1396 2376 1673 2409 Inscalceatormn
1692 2376 1771 2410 Con-

1073 2430 1273 2473 (Jreqcztiom's
1286 2428 1447 2463 Sicilt'cte'.

1068 2510 1075 2535 t
1102 2509 1176 2535 Hanc
1188 2508 1262 2535 Pauli
1274 2509 1294 2534 V
1306 2508 1529 2535 Constitutiouem
1539 2507 1713 2543 Cocquelines
1725 2507 1772 2535 de-

1029 2548 1068 2575 dit
1092 2548 1118 2575 in
1143 2553 1214 2576 tomo
1238 2548 1361 2584 sequenti
1385 2548 1417 2575 ad
1441 2548 1543 2575 calcem
1573 2548 1684 2575 Constit.
1712 2555 1772 2575 xttx

1029 2589 1108 2624 Greg.
1120 2588 1240 2622 XV3n0s
1257 2588 1308 2615 huc
1328 2597 1388 2616 eam
1402 2593 1535 2624 tamquam
1548 2588 1574 2615 in
1587 2588 1674 2616 locum
1694 2597 1771 2616 suum

1030 2628 1245 2665 transposuimus
1258 2629 1296 2663 (11.
1308 2630 1356 2662 Τ.).

1659 194 1723 228 487
1771 204 1819 229 An.
1840 201 1868 227 e.
1887 200 1954 228 1608

1823 1487 1967 1512 Tranznmptis

1782 1514 1851 1534 danda
1861 1514 1919 1533 tides
