2227 3241
255 301 306 328 An.
329 301 357 328 c.
374 300 444 327 icio
490 291 553 324 644

280 470 333 490 Puer
349 472 369 490 ct
388 468 439 489 ado-

253 497 334 517 lvscens
357 497 438 516 visinu-

253 524 291 543 [ωε
307 524 402 543 εωίωιῑ,

310 1266 433 1293 Papiaeqne

248 1292 370 1313 doctoratus
405 1299 434 1313 in-

247 1319 315 1345 signia
332 1321 434 1347 suscipit,

249 1348 269 1366 et
293 1346 378 1366 Romam
402 1352 435 1366 vo-

249 1374 309 1392 catus
324 1379 336 1393 a
351 1373 391 1394 Pio
407 1374 432 1394 lV

248 1399 294 1419 eius
322 1400 434 1424 avunculo,

248 1426 370 1449 cardinalis,
397 1432 434 1452 po-

248 1454 294 1472 stea
317 1453 435 1479 archiepis-

248 1484 315 1504 copus
330 1479 434 1500 Mediola-

247 1505 268 1525 ni
298 1506 382 1529 eligitur
414 1509 435 1527 et

247 1532 377 1556 gravissimis
396 1533 434 1553 Ec-

246 1559 325 1579 clesiae
340 1560 434 1586 negociis

247 1586 392 1611 praeponitur.

289 1906 310 1927 lu
326 1912 350 1927 ea
366 1907 432 1927 admi-

247 1933 372 1953 nistratione
401 1933 432 1954 in—

247 1959 339 1985 culpate.
355 1960 432 1981 aclau-

247 1985 348 2007 dabititer
363 1987 432 2008 omnia

247 2012 306 2037 norit.

453 359 550 392 super
576 353 754 380 maternum
772 346 954 380 cubiculum
971 346 1191 390 compluribus

455 403 530 435 viso.

498 454 555 498 gb.
581 454 642 486 Nec
659 453 792 497 puerilis
812 458 898 486 actas
919 453 1060 486 eiusdem
1073 453 1190 486 sancti-

455 507 525 541 tatis
556 507 679 539 indiciis
709 507 827 540 caruit:
854 512 978 550 tempus
1004 506 1104 546 enim,
1125 516 1189 550 quo

454 571 563 594 vacare
586 560 710 600 licebat,
739 560 922 593 extruendis
943 565 971 593 et
997 560 1190 593 exornandis

451 614 604 647 altat-iolis
635 615 751 656 magna
783 623 854 646 cum
884 610 1046 657 voluptate
1080 613 1184 646 dabat.

450 665 620 701 Crescente
638 673 750 709 aetate,
772 667 859 711 quod
876 667 993 700 bonam
1013 667 1081 700 eius
1103 677 1189 700 men-

451 727 511 754 tem
532 720 810 754 excellentioribus
832 720 922 754 donis
947 720 1084 764 Spiritus
1105 720 1188 753 San-

449 780 518 807 ctus
531 774 562 806 in
577 774 643 808 dies
662 774 762 816 magis
775 779 992 818 praepararet,
1010 773 1189 807 christianis

449 828 594 861 moribus
614 833 644 861 ct
658 828 768 861 litteris
785 838 849 860 non
872 827 1000 860 difficile
1021 838 1037 860 a
1055 827 1115 871 piis
1135 837 1190 871 pa-

450 881 593 914 rentibus
631 881 797 914 imbuitur.
829 881 1020 914 Eminebant
1049 891 1122 913 vero
1158 880 1188 913 in

447 933 649 967 adolescente
662 933 830 978 praeludia
843 933 1190 977 benedictionuni,qui-

448 989 506 1022 bus
527 988 676 1032 dignatus
701 994 748 1022 cst
775 999 846 1022 eum
879 988 1076 1030 Aldssimus,
1102 998 1190 1021 mun-

450 1042 529 1076 ditia
555 1042 672 1084 cordis,
700 1054 758 1086 pax
785 1043 920 1083 interna,
950 1041 1134 1076 innocentia
1159 1046 1189 1075 et

450 1096 622 1137 modestia,
651 1107 710 1130 nec
739 1096 834 1130 rebus
859 1097 961 1130 solum
979 1124 986 1137 ‚
1011 1097 1066 1130 sed
1093 1096 1188 1129 etiam

448 1150 598 1184 omnibus
632 1151 736 1184 verbis
776 1151 944 1195 turpibus,
975 1150 1189 1195 omnibusque

449 1203 624 1237 mendaciis
638 1204 827 1238 abstinebat.

493 1258 507 1301 ἓ
530 1258 558 1290 7.
580 1259 613 1291 ln
634 1264 772 1302 utroque
798 1259 866 1292 iure
893 1258 923 1291 in
948 1259 1094 1302 Papiensi
1120 1258 1190 1291 uni-

449 1312 608 1352 versitate,
630 1313 684 1345 ubi
706 1312 753 1346 his
767 1313 879 1346 studiis
893 1324 1024 1356 operam
1039 1313 1187 1353 dederat,

450 1365 491 1397 ad
510 1365 698 1399 doctoratus
719 1366 855 1408 gradum
876 1370 1054 1409 promotus,
1079 1376 1095 1398 a
1121 1365 1190 1397 seli-

450 1418 494 1451 cis
516 1419 692 1453 memoriae
712 1420 767 1453 Pio
788 1420 871 1464 Papa
889 1420 924 1453 tv
944 1420 1190 1464 praedecessore

449 1478 571 1513 nostro,
593 1473 660 1506 eius
681 1474 849 1515 avunculo,
867 1474 964 1518 paulo
984 1480 1067 1514 ante,
1085 1473 1190 1516 dispo-

449 1532 544 1559 nente
573 1527 729 1568 Domino,
762 1528 800 1560 ad
833 1528 1035 1571 Apostolatus
1066 1527 1188 1570 ajssiicem

450 1586 578 1619 evecto,
609 1580 742 1614 Romam
772 1587 922 1614 evocatur
951 1587 980 1614 ct
1008 1581 1038 1614 in
1063 1592 1188 1614 sacrum

448 1638 575 1666 sanctae
605 1634 767 1668 Romanae
792 1635 950 1668 Ecclesiae
977 1634 1188 1668 cardinalium

449 1686 620 1729 collegium
653 1687 853 1721 adscribitur.
883 1688 1003 1721 Deinde
1033 1688 1185 1721 Mediola-

447 1733 541 1773 nensi
555 1740 714 1773 Ecclesiae
725 1740 922 1784 praeficitur,
939 1741 1188 1784 gravissimaque

448 1793 634 1833 universalis
649 1794 806 1827 Ecclesiae
822 1794 954 1837 negocia
969 1800 996 1828 et
1008 1794 1097 1827 Sedis
1106 1795 1190 1838 Apo·

447 1846 580 1880 stolicae
603 1857 737 1881 munera
758 1847 803 1881 illi
821 1848 1008 1881 creduntur.

493 1899 556 1942 38.
581 1901 637 1934 Hic
666 1911 739 1934 vero
767 1902 870 1945 coepit
895 1901 1049 1934 Dominus
1077 1907 1185 1934 osten-

449 1954 524 1988 dere
545 1954 576 1987 in
597 1954 710 1988 Carolo
729 1955 889 1988 mirabilia
909 1965 978 1995 sua;
1008 1966 1080 1988 cum
1102 1955 1186 1988 enim

447 2009 592 2042 nondum
621 2009 810 2051 vigesimum
840 2009 968 2043 tertium
1001 2009 1188 2053 explevisset

447 2072 567 2095 annum
582 2089 589 2102 ,
618 2062 863 2096 administrabat
888 2062 997 2096 omnia
1018 2062 1188 2106 diligenter

446 2115 479 2148 in
496 2115 652 2159 sapientia
671 2122 702 2149 et
727 2115 855 2157 iustitia,
877 2127 1004 2150 summo
1025 2127 1097 2150 cum
1118 2117 1186 2150 zelo

445 2168 578 2202 honoris
596 2168 649 2202 Dei
665 2169 814 2202 etstudio
829 2169 1010 2204 Catholicae
1027 2169 1186 2203 Ecclesiae

444 2221 601 2255 utilitatis.
634 2222 720 2261 Quae
748 2222 856 2255 omnia
881 2222 912 2255 in
941 2222 1082 2265 negociis
1110 2221 1185 2255 fidei

445 2274 623 2308 catholicae
653 2281 682 2308 et
707 2276 872 2309 universae
902 2275 1079 2315 Ecclesiae,
1103 2285 1185 2319 quae

443 2327 475 2360 in
497 2327 638 2361 Concilio
655 2329 840 2362 Tridentino
862 2335 936 2362 tunc
961 2329 1181 2371 agitabantur,

443 2381 581 2414 maxime
599 2382 794 2415 enituerunt.
816 2382 885 2415 Non
903 2381 1028 2424 vigiliis,
1053 2391 1117 2414 non
1139 2381 1185 2414 in-

444 2435 644 2476 commodis,
669 2441 724 2468 aut
748 2435 912 2468 laboribus
933 2435 1006 2468 ullis
1025 2435 1181 2479 pepercit,

444 2494 478 2520 ut
497 2498 537 2521 nc
557 2488 634 2532 quid
655 2488 833 2522 retardaret
848 2494 977 2521 sanctae
995 2488 1112 2533 Synodi
1130 2488 1184 2521 ab·

443 2541 635 2575 solutionem
652 2569 659 2582 ,
687 2552 784 2586 quam
815 2542 881 2586 ipse
909 2542 1042 2575 sollicite
1061 2547 1090 2575 et
1111 2552 1182 2575 cum

443 2594 574 2637 spiritus
595 2596 710 2628 ardore
740 2595 901 2639 promovit
921 2605 1059 2638 semper,
1081 2595 1183 2628 donec

445 2647 609 2681 aDomino
632 2648 830 2692 impetraret.
854 2649 887 2681 ln
907 2654 969 2681 tam
988 2648 1116 2681 sublimi
1134 2648 1183 2682 di-

445 2701 571 2743 gnitatis
600 2703 699 2743 gradu
730 2702 940 2745 constitutus7
973 2701 1178 2742 divitiarum,

1028 276 1204 322 BULLYRIUM
1232 298 1381 323 ROMANUM

1224 346 1407 392 potentiae,
1435 346 1562 386 aetatis,
1590 346 1723 390 aliisque
1747 356 1811 380 non
1835 347 1955 391 paucis,

1225 410 1282 432 nec
1307 399 1447 439 levibus,
1477 399 1693 433 delinimentis
1723 400 1956 441 circumdatus,

1225 459 1344 486 tantum
1367 454 1465 495 abest,
1485 459 1517 486 ut
1548 458 1618 497 post
1638 452 1778 486 carnalia
1803 452 1960 487 desideria

1224 507 1349 548 abierit,
1369 513 1414 548 ut>
1431 517 1571 551 superno
1596 506 1761 540 assistente
1786 506 1956 551 praesidio,

1225 566 1302 593 tunc>
1318 560 1459 604 coeperit
1481 560 1604 594 Christo
1623 559 1723 603 magis
1737 559 1913 593 adhaerere
1930 565 1961 593 et

1223 614 1401 658 spiritualia
1418 603 1581 647 ardentius
1602 613 1768 647 aemulari.

1267 669 1283 709 ἓ
1305 667 1334 700 9.
1356 669 1476 711 ltaque,
1504 667 1633 701 Urbano
1658 667 1828 712 splendore
1842 672 1873 700 et
1893 677 1960 700 am-

1223 721 1530 765 plitudinerelictis
1550 749 1557 762 ‚
1588 721 1693 754 bonus
1727 720 1892 765 operarius
1928 720 1959 753 in

1224 785 1379 816 messem,
1404 785 1498 818 quam
1524 780 1718 819 susceperat,
1746 774 1959 808 Mediolanum

1223 827 1367 869 discedit,
1395 828 1460 869 ubi,
1488 833 1595 872 partes
1619 838 1692 866 suas
1717 827 1748 860 in
1773 827 1840 861 dies
1861 827 1960 871 magis

1224 881 1397 926 implendo,
1419 892 1531 925 agrum
1560 881 1661 923 illum,
1683 881 1804 926 malitia
1830 886 1957 925 tempo-

1225 946 1308 976 rum,
1329 935 1479 979 vepribus
1497 935 1631 980 turpiter
1648 935 1826 969 deformem
1845 945 1881 968 ac
1901 934 1958 968 sil-

1225 995 1416 1029 vescentem,
1437 988 1468 1021 in
1495 996 1567 1022 eum
1593 988 1731 1022 restituit
1755 988 1903 1029 nitorem,
1927 993 1962 1021 ut

1969 298 2022 325 An.
2043 297 2071 325 C.
2089 298 2158 326 ¹610
2208 296 2212 300 ’

2014 676 2160 698 Mediolanum
2208 676 2211 678 '

1974 710 1997 725 so
2012 704 2102 725 contulit
2113 720 2118 729 .
2139 706 2161 725 οι

1976 731 2087 752 ecetesiam
2100 735 2161 752 suam

1975 763 2025 779 vero
2057 757 2160 778 ecetesia-

1975 784 2031 805 ticao
2066 783 2159 810 discipli·

1975 817 2015 832 nae
2028 810 2090 832 nitori
2099 810 2160 831 resti-

1976 838 2021 859 tuit.

1224 1041 1395 1075 Ecclesiam
1414 1042 1683 1076 Mediolanensem
1697 1042 1898 1086 praeclarum
1914 1051 1962 1074 ex·
2009 1057 2016 1065 ·

1224 1095 1346 1139 emplar
1377 1096 1526 1129 redderet
1557 1095 1789 1129 ecclesiasticae
1820 1094 1962 1138 discipli-

1224 1159 1292 1183 nae.
1314 1150 1381 1182 Hoc
1401 1155 1506 1183 autem
1525 1160 1596 1183 cum
1612 1160 1630 1183 a
1646 1160 1679 1183 se
1692 1155 1859 1194 praesente
1872 1159 1964 1193 prae-

1224 1201 1373 1236 standum
1396 1209 1552 1244 cerneret,
1569 1213 1746 1248 numquam
1761 1213 1776 1235 a
1793 1198 1963 1236 residentia

1225 1256 1387 1297 discessit,
1412 1257 1471 1290 nisi
1501 1262 1647 1297 coactus,
1679 1261 1734 1289 aut
1763 1256 1962 1289 concedente

1224 1309 1304 1343 Sede
1315 1309 1507 1353 Apostolica,
1523 1310 1568 1343 vel
1583 1310 1708 1343 seniore
1722 1309 1874 1353 episcopo
1888 1319 1963 1342 suae

1225 1363 1409 1406 provinciae
1426 1363 1637 1407 approbante.
1657 1363 1817 1406 Principio
1831 1362 1963 1396 Concilii

1224 1416 1399 1450 Tridentini
1427 1417 1554 1449 decreta
1584 1415 1788 1460 exequutioni
1818 1415 1962 1448 mandari

1224 1470 1357 1503 sollicite
1379 1471 1512 1511 curavit,
1534 1476 1574 1511 et,
1595 1476 1629 1503 ut
1650 1469 1895 1503 ecclesiasticam
1915 1468 1963 1502 di-

1224 1523 1390 1567 sciplinam
1414 1534 1583 1568 moresque
1609 1524 1798 1567 depravatos
1825 1528 1908 1556 recte
1934 1528 1962 1555 et

1224 1577 1336 1610 ordine
1358 1578 1562 1618 emendaret,
1587 1576 1712 1610 Domini
1734 1576 1781 1609 via
1807 1575 1960 1609 inceden-

1224 1631 1298 1663 dum
1322 1631 1512 1673 intelligens,
1533 1630 1639 1663 (livino
1660 1629 1777 1663 auxilio
1795 1630 1898 1663 facere
1913 1629 1961 1663 in-

1224 1684 1307 1727 cepit
1331 1690 1359 1716 ct
1386 1685 1513 1717 docere.
1627 1728 1629 1730 Ι

1267 1739 1283 1779 g
1306 1736 1357 1770 to.
1381 1738 1470 1778 Nam,
1495 1748 1511 1770 a
1532 1748 1564 1770 se
1585 1739 1707 1781 suaque
1728 1737 1846 1771 familia
1867 1737 1963 1770 resor-

1224 1791 1396 1824 mationem
1418 1801 1598 1834 aggressus,
1616 1791 1725 1824 omnia
1742 1791 1782 1825 ad
1794 1801 1960 1824 sacrorum

1223 1851 1253 1877 et
1265 1851 1449 1878 sanctorum
1464 1851 1590 1889 patrum
1610 1844 1755 1888 exempla
1769 1844 1960 1888 composuit,

1223 1898 1309 1931 laicis
1327 1898 1539 1931 familiaribus
1563 1900 1652 1941 grata
1677 1898 1828 1932 missione
1852 1897 1961 1932 dimis-

1222 1952 1274 1993 sis,
1296 1952 1486 1985 clericorum
1502 1952 1792 1986 censuitutendum
1816 1951 1960 1986 ministe-

1223 2006 1293 2047 rio,
1318 2006 1510 2050 quibuscum
1545 2006 1691 2040 assiduae
1727 2006 1771 2039 illi
1803 2012 1894 2040 erant
1921 2006 1961 2040 ad

1220 2059 1319 2092 Deum
1347 2070 1468 2104 preces,
1489 2059 1635 2104 aliaeque
1661 2059 1844 2103 complures
1868 2058 1961 2103 spiri-

1223 2113 1321 2146 tuales
1335 2112 1573 2156 occupationes,
1591 2112 1679 2145 omni
1693 2111 1826 2145 vestium
1841 2114 1960 2156 pompa

1220 2167 1374 2206 detracta,
1395 2165 1548 2210 omnique
1569 2165 1630 2199 alia
1650 2176 1684 2199 re
1705 2165 1810 2198 minus
1827 2165 1960 2198 honesta

1220 2225 1247 2253 et
1270 2219 1420 2262 religioso
1446 2219 1597 2253 indecora
1629 2219 1764 2252 sublata.
1799 2218 1959 2258 Quantum

1221 2272 1251 2305 in
1280 2272 1437 2305 Ecclesiae
1467 2282 1542 2305 suae
1572 2273 1658 2305 recta
1683 2270 1960 2305 administratione

1219 2325 1423 2369 praestiterit,
1439 2325 1514 2368 satis
1529 2325 1694 2358 declarant
1710 2324 1821 2370 synodi
1841 2324 1959 2357 multae

1219 2379 1429 2422 provinciales
1450 2390 1486 2412 ac
1503 2378 1725 2420 dioecesanae,
1749 2378 1959 2421 eiusdemque

1218 2434 1377 2467 Ecclesiae
1399 2439 1544 2467 actorum
1571 2433 1656 2467 edita
1680 2433 1855 2473 volumIna,
1876 2441 1958 2476 quae

1217 2487 1419 2521 sacerdotum
1441 2486 1588 2521 manibus
1609 2492 1757 2520 teruntur
1776 2491 1806 2519 et
1826 2484 1958 2528 regendi

1218 2540 1369 2574 ccclesias
1389 2540 1568 2573 doctrinam
1590 2539 1718 2573 abunde
1733 2538 1954 2582 suppeditant.

1218 2594 1356 2628 Civitatis
1381 2605 1417 2627 ae
1442 2593 1597 2627 dioecesis
1620 2603 1695 2626 suae
1720 2592 1881 2633 ecclesias,
1905 2597 1959 2625 aut

1217 2647 1283 2691 ipse
1300 2648 1387 2681 solus
1399 2647 1465 2681 suis
1477 2646 1668 2691 sumptibus,
1685 2651 1738 2679 aut
1752 2645 1865 2688 grandi
1880 2645 1960 2679 elee-

1218 2703 1346 2745 mosyna
1369 2700 1553 2745 praeeundo
1574 2701 1638 2733 una
1655 2710 1727 2734 cum
1749 2699 1818 2733 aliis
1838 2699 1957 2733 instau-

2009 1735 2161 1757 Rosci-matiani

1976 1763 2009 1784 sui
2019 1763 2084 1789 ipsius
2099 1767 2161 1784 suae-

1976 1794 2017 1816 que
2066 1788 2160 1810 familia·

1975 1815 2063 1837 studuit.
