2227 3241
274 292 322 316 An.
347 291 363 317 ἶ.

501 281 564 313 :300

496 341 520 382 ἢ
546 339 610 381 Ego
636 339 752 381 Evang.
783 339 828 372 tit.
859 339 888 372 S.
918 339 1080 372 Laurentii
1103 339 1133 372 in
1154 340 1214 373 Lu-

561 391 632 424 cina
657 392 762 435 presb.
786 393 872 426 card.
897 393 1098 427 Cusentinus.

494 446 518 487 ἢ
544 445 607 488 Ego
632 445 807 488 Gregorius
829 446 875 479 tit.
900 446 929 480 S.
951 446 1066 480 Mariae
1086 447 1210 481 Transt.

560 498 666 541 presb.
692 499 779 532 card.
804 499 843 533 de
864 499 967 533 Monte
988 498 1114 544 Elpero.

495 552 518 593 {⁴
542 551 607 593 Ego
633 552 745 585 Frane.
778 553 874 586 Maria
906 553 952 587 tit.
986 554 1015 586 S.
1040 553 1156 587 Mariae
1182 552 1214 586 in

560 604 722 638 Ara-Caeli
744 606 850 649 presb.
873 606 960 640 card.
985 617 1002 640 a
1022 607 1138 640 Monte.

494 658 518 699 >2-
543 657 608 700 Ego
633 657 781 692 Octavius
808 658 854 692 tit.
888 659 917 693 S.
942 659 1042 693 Alexii
1068 659 1209 704 presbyt.

548 711 646 760 ‘card
676 712 891 746 Paravicinus.

493 765 517 806 -ξ-
541 764 606 806 Ego
631 764 778 799 Octavius
806 765 851 799 tit.
879 765 909 799 S.
930 766 1080 800 Praxedis
1104 766 1210 810 presb.

559 818 648 852 card.
677 819 848 863 Aquaviva.

494 871 518 912 ἦ
543 870 610 913 Ego
634 871 782 906 Octavius
807 872 852 905 tit.
881 872 911 906 S.
943 872 1078 906 Sabinae
1103 872 1210 917 presb.

559 925 647 958 card.
676 925 849 959 Bandinus.

492 978 516 1020 †
539 977 606 1020 Ego
626 978 762 1011 Lauren.
784 978 830 1012 tit.
852 978 882 1012 S.
902 979 1064 1013 Laurentii
1080 978 1111 1012 in
1128 979 1214 1012 Pane

559 1037 589 1064 et
610 1031 711 1065 Perna
732 1032 900 1076 presbyter
927 1033 1015 1066 eard.
1038 1033 1210 1066 Blanrhet-

559 1090 619 1117 tus.

491 1139 516 1180 >2-
540 1138 605 1181 Ego
634 1138 880 1173 Bartholomeus
911 1139 956 1173 tit.
985 1140 1015 1174 S.
1040 1140 1156 1173 Mariae
1182 1140 1212 1172 in

558 1191 688 1225 Porticu
712 1192 819 1236 presb.
849 1194 935 1226 card.
961 1193 1098 1228 Caesius.

491 1246 515 1287 ἦ
540 1244 605 1288 Ego
630 1245 819 1279 Franciseus
842 1246 886 1279 tit.
911 1247 941 1280 S.
966 1247 1086 1281 Mariaev
1103 1247 1214 1281 (10Ρο-

558 1298 634 1341 pulo
656 1299 762 1343 presb.
788 1300 874 1333 eard.
899 1301 1044 1333 Mantica.

506 1367 515 1371 ·
540 1352 605 1394 Ego
623 1353 795 1396 Pompeius
817 1353 861 1387 tit.
887 1353 916 1386 S.
934 1354 1085 1387 Balbinae
1103 1355 1209 1398 presb.

558 1406 645 1439 card.
675 1406 844 1449 Arigonus.

541 1460 605 1501 Ego
630 1460 813 1493 Bonisacius
835 1461 881 1493 tit.
906 1461 936 1495 S.
965 1461 1150 1504 Hveronimi
1174 1462 1212 1494 ll-

560 1513 726 1547 liricorum
743 1515 850 1557 presb.
875 1515 963 1548 rard.
985 1515 1165 1559 Bevilssquu.

504 1582 516 1586 Δ
540 1567 605 1610 Ego
623 1567 809 1601 Dominicus
825 1568 870 1601 til.
885 1568 914 1601 S.
934 1569 1080 1601 llonul'rii
1102 1568 1208 1612 presb.

558 1620 731 1653 cardinalis
749 1621 880 1654 Tuscus.

492 1674 517 1715 †
541 1674 606 1716 Ego
631 1674 789 1707 Robertus
815 1674 861 1708 tit.
892 1674 923 1708 S.
952 1675 1068 1708 Mariae
1101 1675 1131 1707 in
1158 1674 1212 1707 Via

558 1727 664 1770 presb.
689 1727 775 1760 eard.
800 1727 1024 1761 Bellarminus.

491 1781 516 1822 »ζ-
541 1780 606 1823 Ego
627 1780 811 1814 Dominicus
836 1782 881 1814 Ss.
912 1781 1087 1814 Duodecim
1113 1782 1212 1825 Apos-

388 291 455 317 ¹608

492 1460 515 1501 ⁶1-
491 1353 505 1394 >2

492 1568 507 1610 0*-

560 1834 698 1867 tolorum
721 1833 828 1878 presb.
853 1834 939 1867 card.
964 1833 1163 1878 Gymnasius.
1212 1842 1215 1845 ’

459 1919 463 1923 ,
491 1888 516 1929 †
541 1887 606 1929 Ego
625 1887 783 1920 Antonius
808 1887 854 1920 tit.
883 1888 913 1921 S.
942 1887 1050 1921 Crucis
1075 1888 1106 1921 in
1132 1888 1208 1922 llie-

559 1940 698 1973 rusalem
725 1940 831 1984 presb.
856 1940 944 1973 card.
968 1941 1097 1985 Zapata.

492 1992 517 2034 ἦ·
540 1992 605 2035 Ego
633 1993 838 2026 Innocentius
871 1993 917 2027 tit.
953 1993 999 2027 Ss.
1028 1994 1144 2036 Nerei,
1181 2000 1212 2028 et

558 2047 691 2080 Achillei
716 2047 823 2091 presb.
845 2048 932 2081 eard.
958 2048 1107 2081 Bubalus.

492 2101 516 2142 ἦ
540 2100 606 2142 Ego
626 2102 761 2134 Ioannes
777 2101 822 2134 tit.
838 2101 867 2135 S.
885 2101 980 2135 Marci
994 2102 1101 2146 presb.
1123 2102 1211 2136 card.

560 2152 599 2186 de
619 2153 783 2197 Vicentia2

492 2206 516 2247 ’ζκ
540 2205 606 2247 Ego
626 2206 760 2240 Iacobus
775 2206 822 2240 tit.
839 2206 870 2241 S.
888 2207 1041 2251 Stephani
1055 2207 1087 2240 in
1107 2208 1211 2242 Monte

558 2259 665 2302 Coelio
682 2261 787 2304 presb.
812 2261 898 2294 card.
923 2261 1105 2295 Sannesius.

494 2313 518 2355 -ξ-
542 2312 607 2355 Ego
632 2313 846 2358 Hieronymus
866 2314 911 2348 tit.
931 2314 960 2348 S.
978 2315 1072 2348 Blasii
1091 2316 1129 2350 de
1149 2316 1211 2349 An-

558 2366 636 2399 nulo
656 2366 762 2410 presb.
787 2367 875 2400 card.
898 2368 1108 2412 Pamphilius.

491 2420 515 2462 ἦ
539 2419 604 2462 Ego
619 2420 839 2454 Ferdinandus
853 2420 898 2454 tit.
916 2421 946 2455 S.
963 2421 1089 2455 Eusebii
1104 2422 1210 2466 presb.

560 2473 647 2506 card.

491 2527 516 2568 »ζ-
539 2526 605 2569 Ego
630 2526 737 2571 Scipio
760 2527 804 2560 tit.
833 2527 863 2561 S.
887 2526 1083 2573 Chrysogoni
1100 2528 1208 2573 presb.

558 2580 646 2614 card.
667 2580 871 2623 Burghesius.

492 2634 515 2674 >1-
539 2632 604 2676 Ego
622 2633 800 2668 Ludovicus
815 2634 861 2668 tit.
882 2635 912 2669 S.
930 2635 1088 2670 Pancratii
1100 2635 1207 2680 presb.
1245 2633 1441 2668 elesiasticae
1461 2633 1649 2678 dIsciplinae
1668 2643 1815 2668 normam
1834 2642 1986 2668 revocare

559 2688 646 2720 card.
671 2687 784 2721 Montis
805 2688 942 2731 Regalis.

1057 291 1242 316 BULLARIUM
1262 291 1416 316 ROMANUM

2003 291 2094 319 Amo.
2115 293 2184 319 tir*⁴

1270 341 1294 382 -Jv
1319 340 1383 382 Ego
1404 339 1556 383 Mapheus
1581 340 1626 373 tit.
1655 341 1686 373 S.
1715 341 1799 374 Petri
1823 341 1856 374 in
1879 342 1984 375 Monte

1337 395 1443 426 Aureo
1464 393 1568 436 presb.
1593 393 1679 426 card.
1704 394 1906 427 Barberinus.

1269 447 1293 488 ἦ
1318 446 1383 488 Ego
1408 446 1542 479 loannes
1561 445 1673 480 Garzia
1700 446 1745 480 tit.
1774 447 1820 480 Ss.
1844 447 1986 486 Ouatuor

1336 499 1442 542 presb.
1472 500 1558 532 card.
1592 499 1739 532 Millinus.

1268 553 1292 595 >1-
1317 552 1381 595 Ego
1406 553 1574 586 Marcellus
1592 553 1646 599 tit.
1670 553 1716 587 Ss.
1739 553 1861 592 Quirici
1886 558 1916 587 et
1936 553 1986 587 lu-

1335 605 1409 639 litae
1427 606 1534 650 presb.
1555 606 1642 639 card.
1664 606 1785 640 Lantes.
1809 636 1814 642 .

1269 660 1293 701 †
1317 659 1383 701 Ego
1403 659 1591 693 Franciscus
1611 659 1727 694 Ssortia
1744 659 1825 694 diae.
1846 659 1932 694 card.
1954 660 1986 694 in

1336 710 1392 744 vta
1412 712 1499 745 Lata.

1270 765 1294 806 Ἴ·-
1319 765 1384 807 Ego
1409 765 1588 799 Alexander
1612 766 1642 800 S.
1671 766 1833 800 Laurentii
1866 766 1897 800 in
1913 767 1983 801 ‘Da-

1338 829 1426 853 maso
1446 819 1527 853 diac.
1549 821 1636 854 card.
1657 821 1826 855 Montaltus
1841 820 1872 855 S.
1893 821 1928 855 R.
1949 821 1983 854 E.

1336 872 1630 907 vicecancellarius.

1269 925 1294 968 ἦ
1318 925 1384 968 Ego
1397 927 1540 960 Andreas
1550 927 1580 960 S.
1598 927 1710 970 Angeli
1722 927 1753 961 in
1769 927 1838 962 soro
1849 927 1986 962 Piscium

1337 979 1417 1013 diac.
1442 981 1529 1014 card.
1550 981 1706 1015 Perettus.

1269 1034 1293 1075 ἦ
1318 1033 1383 1076 Ego
1416 1034 1550 1068 loannes
1580 1035 1719 1079 Baptista
1750 1036 1780 1070 S.
1811 1035 1926 1070 Mariae
1955 1036 1985 1070 in

1335 1086 1515 1125 Cosmedin,
1544 1088 1625 1121 diac.
1648 1089 1734 1122 card.
1755 1089 1861 1123 Detus.

1583 1275 1654 1309 Clv.

1247 1380 1420 1424 Suspensio
1433 1382 1654 1425 abroqatiom's
1671 1392 1793 1426 poenae
1805 1392 1988 1416 eoeeommu-

1291 1435 1468 1467 mentionis
1493 1431 1605 1468 contra
1628 1436 1854 1469 ecclesiasticos
1869 1436 1986 1470 India-

1290 1497 1364 1520 γυνη
1391 1487 1652 1521 occidentalium
1673 1488 1813 1522 illicitae
1831 1489 1984 1532 neyocia-

1292 1540 1375 1573 tione*
1390 1546 1538 1575 ‘z'acantes
1557 1542 1702 1584 inflictae
1715 1541 1734 1575 ¹.

1490 1639 1600 1666 Paulus
1621 1639 1700 1673 Papa
1719 1639 1752 1671 V,

1370 1692 1406 1719 ad
1426 1696 1604 1726 perpetuam
1618 1693 1663 1720 rei
1679 1693 1860 1721 memoriam.

1245 1893 1332 1920 verat
1353 1888 1482 1929 abusus,
1505 1899 1560 1922 seu
1588 1888 1695 1932 potius
1719 1888 1905 1932 corruptela
1918 1915 1926 1929 ,
1949 1894 1985 1922 ut
1998 1876 2158 1930 ῗιῖξῗὲῖῗὶἶζιῗ
2177 1885 2180 1887 ’

1245 1941 1365 1982 clerici,
1389 1942 1485 1975 etiam
1504 1942 1536 1974 in
1557 1941 1655 1975 sacris
1675 1942 1842 1976 ordinibus
1867 1942 1985 1976 consti·
1998 1934 2182 1988 ι’ῗῖἷὲιῑὲἶῗῖωρῗι
2199 1936 2203 1969 ,¹

1247 1994 1315 2036 tuti,
1336 2005 1373 2028 ac
1393 1994 1487 2028 etiam
1514 1994 1722 2028 ecclesiarum
1749 1994 1984 2038 parochialium
1999 1989 2034 2005 '¹³'

1246 2054 1397 2090 rectores,
1410 2048 1556 2092 aliaeque
1568 2058 1726 2092 personae
1740 2048 1984 2090 ecclesiasticae,

1244 2101 1360 2145 partim
1381 2101 1440 2134 sub
1458 2106 1634 2146 praetextu,
1651 2101 1739 2146 quod
1760 2101 1904 2135 redditus
1921 2102 1986 2135 suf-

1245 2155 1387 2189 ficientes
1399 2155 1439 2189 ad
1452 2165 1628 2198 congruam
1642 2155 1906 2189 sustentationem
1920 2165 1986 2189 non

1245 2208 1413 2250 haberent,
1430 2208 1547 2252 partim
1566 2209 1636 2242 aliis
1653 2208 1774 2242 frivolis
1794 2209 1910 2250 causis,
1929 2209 1985 2243 sed

1245 2262 1352 2306 potius
1369 2262 1503 2295 avaritia
1523 2261 1674 2302 adducti,
1697 2261 1829 2296 diversis
1857 2261 1986 2296 illicitae

1245 2315 1477 2357 negociationis
1493 2314 1666 2357 generibus
1685 2325 1718 2348 se
1732 2325 1765 2348 se
1783 2314 1986 2348 involvebant

1245 2368 1278 2400 in
1298 2368 1506 2402 ecclesiastici
1531 2367 1658 2401 Ordinis
1676 2368 1826 2409 dedecus,
1849 2377 1982 2401 eorum-

1245 2432 1307 2466 que
1328 2421 1508 2454 animarum
1535 2421 1711 2465 perniciem
1741 2427 1771 2455 et
1797 2420 1985 2454 scandalum

1244 2474 1473 2518 plurimorum;
1486 2485 1554 2516 nos,
1571 2475 1664 2508 talem
1676 2474 1810 2507 abusum
1824 2473 1864 2507 de
1878 2473 1986 2507 medio

1245 2527 1359 2561 tollere
1385 2537 1421 2561 ac
1452 2527 1681 2562 ecclesiasticas
1712 2536 1866 2571 personas
1890 2536 1985 2571 prae-

1245 2580 1346 2614 dictas
1366 2581 1405 2614 ab
1424 2591 1537 2615 eorum
1558 2580 1721 2614 erroribus
1738 2580 1779 2614 ad
1796 2585 1917 2615 rectam
1935 2590 1986 2614 ec·

1283 2699 1291 2724 t
1315 2696 1352 2724 Ex
1372 2696 1480 2732 Regest.
1502 2697 1530 2724 in
1549 2697 1654 2725 Secret.
1676 2695 1754 2724 Brev.
