2227 3241
240 297 294 324 An.
307 295 335 324 c.
359 294 427 325 1603
473 285 516 320 50

286 1266 347 1287 Prius
361 1267 431 1285 tamen

247 1294 351 1320 petendus
361 1293 431 1313 visita-

281 1961 320 1984 Qut
335 1960 375 1981 nist
391 1961 440 1986 post

255 1988 308 2008 duos
317 1992 439 2007 niensesac-

255 2015 350 2036 cesserit.
359 2014 439 2039 capitu-

255 2041 295 2061 lum
310 2040 439 2067 provinciale

256 2070 350 2093 cogatur.

439 341 612 378 nationalis
635 340 800 380 Franciae,
828 344 858 373 et
878 349 914 372 ex
935 349 968 372 se
986 338 1061 382 ipsis
1081 349 1181 371 unum

441 397 621 430 ministrum
641 393 870 438 provincialem
891 403 950 436 per
969 397 1041 425 vota
1061 398 1183 425 secreta

441 450 575 493 eligant,
604 448 670 492 qui,
699 447 743 480 sic
769 447 900 487 electus,
916 446 956 479 ab
981 445 1095 479 eodem
1121 446 1182 478 mi-

440 504 541 538 nistro
559 501 701 545 generali
723 501 770 533 vel
791 499 1013 533 commissario
1028 500 1181 532 nationali

440 558 610 597 Franciae,
639 561 694 589 aut
718 555 799 596 alio,
832 555 887 599 qui
913 565 1025 588 eorum
1051 554 1183 588 nomine

440 610 625 645 huiusmodi
639 609 788 644 electioni
799 609 985 654 praefuerit,
999 609 1183 642 confirmari

442 665 567 705 debeat,
596 675 632 697 ac
658 664 808 697 omnibus
833 663 1018 708 privilegiis,
1049 663 1184 696 faculta-

442 718 526 751 tibus
559 722 590 750 et
620 716 812 750 auctoritate
839 727 936 761 super
966 726 1078 750 omnes
1108 716 1184 750 dicti

441 771 539 805 Tertii
563 770 692 804 Ordinis
716 776 892 804 conventus
912 775 942 804 et
959 770 1074 804 fratres
1095 769 1185 812 regni

442 824 615 865 Franciae,
651 824 770 869 quibus
800 824 855 857 alii
885 823 1024 857 ministri
1057 823 1187 868 provin-

444 878 540 912 ciales
571 878 708 912 aliarum
739 878 980 923 provinciarum
1009 878 1105 911 Tertii
1131 877 1187 911 Or-

444 932 528 965 dinis
544 932 646 966 sancti
663 931 824 965 Francisci
845 931 1030 965 huiusmodi
1052 930 1188 965 ubilibet

444 986 648 1021 existentium
679 985 739 1019 frui
770 991 799 1019 et
828 986 970 1028 gaudere
998 991 1133 1029 possunt
1158 991 1188 1019 et

443 1045 599 1085 poterunt
619 1039 865 1084 quomodolibet
889 1039 921 1072 in
940 1039 1096 1080 futurum,
1120 1039 1189 1073 sine

444 1094 551 1138 aliqua
576 1093 757 1127 differentia
782 1092 845 1126 frui
871 1098 901 1126 et
925 1093 1065 1135 gaudere
1089 1093 1189 1137 possit

445 1153 478 1182 et
502 1148 629 1188 debeat,
656 1152 754 1191 prout
783 1145 812 1179 ei
841 1147 881 1180 ad
910 1146 973 1180 hoc
997 1146 1189 1179 nominatim

446 1202 631 1235 facultatem
658 1200 865 1234 concedimus
891 1206 921 1233 et
944 1200 1160 1244 impertimur.

492 1255 507 1299 ἓ
524 1255 554 1288 3.
572 1255 727 1288 Volumus
741 1254 836 1288 etiam
850 1255 938 1298 quod
951 1254 1085 1297 singulis
1098 1254 1190 1287 bien-

446 1309 508 1343 niis
533 1320 590 1342 scu
622 1308 767 1342 trienniis
792 1308 890 1340 iidem
921 1308 1036 1341 fratres
1065 1308 1192 1341 vocales

446 1363 543 1397 Tertii
568 1362 696 1396 Ordinis
720 1362 878 1406 praedicti
910 1362 1091 1406 Capitulum
1117 1372 1193 1406 pro-

447 1416 583 1449 vinciale
608 1416 783 1456 celebrent,
800 1421 872 1448 ante
890 1415 980 1448 cuius
1002 1415 1192 1448 celebratio—

446 1480 521 1502 nem
546 1475 621 1502 tunc
646 1469 782 1501 existens
808 1468 955 1501 minister
980 1479 1092 1501 eorum
1117 1479 1192 1512 pro-

447 1522 591 1556 vincialis
606 1527 752 1555 teneatur
765 1532 781 1553 a
797 1522 882 1554 dicto
893 1521 1034 1564 generali
1048 1521 1193 1554 ministro

449 1577 584 1610 fratrum
611 1576 650 1608 dc
676 1575 895 1616 Observantia,
927 1576 975 1608 vel
1002 1586 1019 1607 a
1044 1575 1194 1608 commis-

449 1630 535 1663 sario
545 1629 688 1672 generali
701 1629 960 1662 ultramontanae
975 1629 1126 1669 familiae,
1139 1640 1194 1662 seu

450 1694 469 1716 a
493 1682 715 1717 commissario
741 1682 885 1724 generali
910 1682 1067 1715 nationali
1088 1682 1191 1715 Fran-

452 1738 520 1771 ciae
542 1737 687 1770 eiusdem
711 1736 839 1769 Ordinis
859 1736 898 1769 de
920 1735 1196 1777 Observantia,vi-

452 1792 617 1826 sitatorem
643 1796 765 1834 petere,
786 1790 841 1834 qui
863 1800 974 1823 eorum
997 1789 1195 1834 provinciam

452 1846 568 1887 visitet,
592 1851 623 1879 et
647 1845 837 1878 electionem
866 1844 939 1877 novi
961 1844 1099 1877 ministri
1120 1853 1196 1888 pro-

453 1899 610 1939 vincialis,
634 1904 670 1932 ut
688 1909 797 1942 supra,
823 1898 917 1931 saciat
939 1903 969 1931 et
991 1898 1171 1931 confirmet.

500 1953 558 1997 §la
569 1953 699 1993 Verum,
715 1952 740 1985 si
754 1951 940 1985 huiusmodi
955 1951 1099 1984 visitator
1116 1951 1199 1984 intra

455 2009 536 2042 duos
561 2012 616 2040 aut
644 2012 708 2040 tres
733 2016 858 2039 menses
883 2006 921 2038 ad
947 2016 1108 2038 summum
1135 2015 1199 2037 non

455 2061 641 2101 accesserit,
676 2059 851 2103 supradicti
884 2059 997 2092 fratres
1021 2058 1118 2092 Tertii
1144 2058 1200 2091 Or-

456 2116 539 2149 dinis
557 2115 597 2148 ad
614 2113 864 2147 celebrationem
879 2112 1010 2156 capituli
1025 2117 1054 2146 et
1068 2112 1199 2146 electio-

455 2180 530 2204 nem
543 2168 616 2202 novi
635 2167 772 2201 ministri
794 2166 1000 2212 provincialis
1014 2167 1134 2210 absque
1153 2167 1201 2200 in-

459 2228 602 2258 terventu
633 2222 710 2256 dicti
739 2220 913 2254 visitatoris
942 2221 1120 2265 procedere
1148 2232 1201 2254 va-

456 2278 555 2318 leant;
574 2277 613 2310 de
627 2287 691 2320 qua
711 2275 867 2309 electione
881 2274 1075 2307 visitatorem
1090 2280 1201 2318 postea

457 2330 684 2369 accedentem,
724 2328 779 2372 qui
820 2338 889 2361 eam
928 2327 1122 2361 confirmare
1158 2333 1200 2362 te-

457 2390 589 2424 neatur,
618 2382 789 2416 certiorem
819 2382 924 2415 facere
954 2382 1101 2415 debeant.
1140 2382 1201 2415 Sed

457 2439 483 2473 si
504 2444 576 2483 post
596 2438 710 2470 factam
731 2436 917 2469 huiusmodi
940 2436 1143 2477 electionem,
1172 2441 1203 2469 et

460 2492 552 2526 dictis
578 2490 799 2535 superioribus
828 2489 1049 2531 notificatam,
1088 2489 1202 2523 electio

459 2545 625 2589 praedicta
649 2544 733 2576 intra
762 2553 814 2576 sex
843 2553 970 2576 menses
995 2543 1033 2576 ab
1059 2543 1103 2576 cis
1128 2553 1204 2576 con-

461 2599 589 2631 firmata
618 2598 666 2631 vel
701 2597 863 2630 infirmata
895 2608 959 2630 non
988 2597 1101 2636 suerit,
1136 2596 1204 2640 ipsa

465 2651 578 2684 electio
610 2651 785 2694 apostolica
818 2651 1007 2684 auctoritate
1037 2656 1205 2684 censeatur

463 2703 653 2738 confirmata
677 2714 714 2737 eo
736 2703 816 2749 ipso.

1024 289 1209 315 BULLARIUM
1229 291 1383 317 ROMANUM

1261 341 1275 383 ᾗ
1300 339 1330 373 5.
1353 341 1568 374 Decernentes
1581 340 1627 374 sic
1643 345 1674 374 et
1689 351 1755 374 non
1772 341 1865 376 aliter
1884 353 1958 387 per-

1216 399 1314 437 petuo
1344 394 1506 427 observari
1536 394 1669 435 debere,
1704 405 1741 428 ac
1771 394 1897 429 irritum
1927 401 1958 430 et

1217 447 1312 481 inane
1333 447 1491 491 quidquid
1515 457 1606 480 secus
1635 457 1732 491 super
1755 447 1805 481 his
1829 459 1846 482 a
1871 460 1955 493 quo-

1218 513 1330 546 quam,
1359 502 1471 546 quavis
1500 502 1707 543 auctoritate,
1742 502 1881 537 scienter
1909 504 1959 537 vel

1218 555 1413 597 ignoranter,
1443 555 1612 598 contigerit
1635 555 1797 588 attentari.

1263 610 1279 650 ξ
1305 608 1334 641 6.
1362 609 1432 643 Non
1464 610 1665 643 obstantibus
1695 609 1860 654 quibusvis
1885 620 1961 644 con-

1219 662 1438 696 stitutionibus
1453 669 1482 696 et
1496 663 1754 697 ordinationibus
1768 663 1962 708 apostolicis,

1220 726 1256 748 ac
1281 715 1356 749 dicti
1376 717 1473 749 Tertii
1491 717 1613 750 ordinis
1634 717 1663 751 S.
1680 717 1852 759 Francisci,
1865 717 1962 750 etiam

1220 769 1412 811 iuramento,
1437 770 1683 804 confirmatione
1703 770 1890 814 apostolica,
1913 770 1962 803 vel

1221 822 1330 866 quavis
1356 823 1508 856 firmitate
1529 823 1590 857 alia
1611 823 1780 866 roboratis,
1794 823 1919 857 statutis
1933 829 1965 858 et

1222 876 1520 917 consuctudinibus,
1547 876 1723 920 privilegiis
1747 887 1888 921 quoque,
1916 877 1964 910 in-

1222 930 1318 964 dultis
1339 937 1370 963 ct
1386 930 1499 963 litteris
1518 930 1702 974 apostolicis
1722 931 1826 965 eidem
1838 931 1961 973 Ordini‚

1223 984 1372 1028 illiusque
1386 984 1607 1028 superioribus
1627 989 1658 1018 et
1676 985 1823 1029 personis
1840 985 1873 1018 in
1890 995 1965 1019 con-

1225 1038 1358 1071 trarium
1368 1038 1622 1082 praemissorum
1635 1038 1880 1082 quomodolibet
1890 1049 1966 1073 con-

1224 1092 1330 1133 cessis,
1359 1091 1555 1125 confirmatis
1577 1098 1607 1125 et
1627 1092 1822 1136 approbatis.
1844 1092 1966 1132 Quibus

1224 1145 1374 1179 omnibus
1395 1150 1425 1179 et
1444 1145 1588 1188 singulis,
1599 1156 1711 1179 eorum
1726 1151 1854 1179 tenores
1874 1156 1967 1190 prae-

1224 1199 1368 1232 sentibus
1381 1209 1440 1243 pro
1460 1199 1617 1243 expressis
1634 1199 1801 1241 habentes,
1818 1199 1879 1233 hac
1897 1199 1965 1233 vice

1226 1253 1391 1285 dumtaxat
1410 1252 1592 1296 specialiter
1612 1257 1643 1285 et
1660 1262 1808 1296 expresse
1828 1253 1966 1295 deroga-

1227 1317 1309 1346 mus,
1335 1305 1535 1350 caeterisque
1556 1305 1725 1339 contrariis
1750 1305 1965 1350 quibuscum-

1227 1370 1300 1403 que.

1271 1414 1385 1446 Datum
1410 1412 1538 1446 Tusculi
1566 1412 1625 1446 sub
1650 1413 1769 1446 annulo
1797 1411 1969 1446 Piscatoris

1228 1467 1278 1501 die
1303 1477 1325 1501 11
1344 1467 1485 1500 octobris
1504 1476 1618 1508 numu,
1642 1466 1847 1511 pontificatus
1868 1466 1970 1501 nostri

1229 1532 1313 1555 anno
1337 1531 1392 1555 x11.

1263 1587 1324 1613 Dat.
1342 1586 1385 1614 die
1405 1586 1420 1612 2
1437 1585 1556 1614 octobris
1573 1585 1651 1620 1603,
1667 1584 1759 1621 pontif·
1776 1593 1818 1612 an.
1836 1592 1883 1612 x11.

1505 1754 1684 1789 CCCXXXI.

1236 1853 1448 1896 Confirmatio
1489 1853 1669 1887 litterarum
1701 1852 1789 1886 Sioeci
1824 1854 1848 1886 V
1878 1863 1973 1897 super

1256 1908 1356 1951 officio
1380 1908 1528 1940 scutimus
1552 1908 1693 1940 civitatis
1710 1906 1948 1940 Anconitanae.

1276 1995 1400 2023 Dilectis
1421 1995 1492 2022 filiis
1513 1995 1646 2022 antianis
1668 2002 1703 2022 ao
1723 1995 1932 2023 communitati

1235 2044 1265 2068 et
1280 2041 1449 2068 hominibus
1466 2040 1601 2068 civitatis
1619 2043 1741 2068 nostrae
1760 2041 1975 2074 Anconstanae,

1440 2105 1575 2131 clemens
1595 2104 1675 2137 Papa
1693 2103 1772 2131 VIII.

1311 2168 1418 2196 Dilecti
1433 2168 1498 2201 filii,
1516 2169 1647 2195 satutem
1667 2169 1697 2195 et
1713 2166 1908 2201 apostolicam

1480 2213 1729 2241 benedictionem.

1279 2276 1427 2310 Sincerae
1456 2275 1532 2309 fidei
1561 2280 1592 2309 et
1622 2274 1801 2309 devotionis
1829 2274 1975 2317 affectus,

1236 2341 1331 2375 quem
1346 2340 1421 2373 erga
1436 2340 1494 2362 nos
1512 2334 1542 2362 et
1561 2328 1777 2373 Apostolicarn
1798 2328 1911 2362 Sedem
1926 2339 1980 2371 ge-

1236 2395 1307 2417 rere
1332 2382 1610 2427 comprobamini,
1644 2392 1703 2414 nos
1732 2380 1856 2414 inducit
1882 2388 1917 2414 ut
1942 2392 1980 2415 ea

1237 2448 1319 2481 quae
1340 2448 1356 2470 a
1381 2435 1664 2481 predecessoribus
1682 2434 1802 2467 nostris
1826 2433 1979 2468 Romanis

1236 2490 1448 2524 Pontificibus
1467 2488 1557 2522 vobis
1575 2497 1725 2521 concessa
1745 2492 1829 2528 sunt,
1853 2493 1887 2520 ut
1907 2497 1980 2532 per-

1238 2550 1335 2588 petuo
1360 2544 1454 2576 firma
1479 2547 1510 2576 et
1541 2541 1664 2574 illibata
1691 2540 1875 2585 persistant,
1903 2551 1980 2585 apo-

1238 2597 1369 2630 stolicae
1383 2594 1636 2630 confirmationis
1650 2594 1767 2627 robore
1781 2594 1976 2627 muniamus.

1284 2651 1298 2693 g
1323 2649 1353 2682 l.
1386 2646 1471 2682 Alias
1497 2646 1656 2691 siquidem
1682 2657 1699 2679 a
1725 2646 1824 2680 felicis
1849 2646 1975 2680 record.

1239 2703 1324 2737 Sixto
1341 2703 1428 2747 Papa
1446 2702 1470 2734 V
1486 2701 1736 2746 praedecessore
1755 2705 1866 2735 nostro
1894 2709 1980 2733 ema-

1968 294 2018 322 An.
2031 294 2061 322 c.
2087 293 2170 331 ¹603*

1999 357 2117 378 Clausulam.

1988 622 2103 653 Dei-ogatio
2111 627 2163 643 con-

1976 652 2096 671 trax-iorum.

2018 2285 2158 2307 Prooemium.

2007 2649 2037 2670 Ro
2041 2648 2080 2670 sort
2094 2647 2148 2670 sixti
2162 2647 2178 2669 V

1994 2675 2083 2698 litteras.
