2227 3241
193 277 242 304 An.
264 277 290 304 c.
312 277 378 306 1609
424 268 487 303 576

211 1319 214 1322 ἢ
230 1291 338 1312 (ubstantia
350 1291 386 1312 tul-

391 337 528 370 cumque
549 331 714 370 exemptae
732 326 795 359 sint
811 352 818 365 ,
841 335 1047 369 nequaquam
1073 326 1130 359 ob-

390 378 571 420 stantibus),
589 383 758 411 teneantur
778 383 808 411 et
828 377 1004 411 efficaciter
1021 378 1131 411 adstri-

391 431 431 464 cti
449 431 522 470 sint,
544 431 667 474 ipsique
687 430 938 474 archiepiscopi,
966 431 1128 474 episcopi,

392 484 643 517 archimandrita
665 489 694 517 et
712 484 794 517 aliae
813 494 980 527 personae,
995 494 1130 527 quarum

393 536 568 575 ecclesiae,
605 536 798 570 monasteria
827 542 857 569 et
889 536 951 569 alia
977 536 1132 570 beneficia

392 589 605 622 ecclesiastica
627 589 742 623 annuis
767 589 993 632 pensionibus,
1016 596 1130 623 aucto-

393 641 485 675 ritate
513 642 689 685 apostoliea
722 642 913 685 assignatis,
948 647 1079 686 gravata
1103 648 1134 676 et

394 700 527 728 onerata
543 701 626 738 sunt,
644 700 745 728 ratam
768 695 1048 739 pensionariorum
1067 705 1135 729 suo-

395 758 484 787 rum,
508 760 563 782 seu
595 759 706 783 eorum
740 750 857 793 quibus
879 750 1000 783 fructus
1025 749 1135 782 huius-

397 802 483 835 modi
509 803 571 835 sint
602 803 776 844 reservati,
804 803 946 844 solvere,
975 808 1006 837 et
1031 803 1132 843 illud,

397 854 484 898 quod
508 865 567 898 pro
594 855 668 899 ipsis
693 855 906 900 pensionariis
933 866 989 890 seu
1013 855 1049 889 iis
1066 855 1136 900 qui-

397 907 456 940 bus
488 907 610 942 fructus
642 909 827 942 huiusmodi
859 914 934 942 sunt
959 908 1133 948 reservati,

399 971 471 994 vere
496 966 526 994 et
550 962 678 995 realiter
710 973 746 995 ae
780 973 983 1006 quacumque
1010 961 1138 995 fictione

398 1020 541 1048 cessante
571 1015 802 1058 persolverint,
830 1018 886 1048 sua
920 1015 1052 1059 propria
1076 1026 1134 1048 au-

399 1067 545 1101 ctoritate
570 1069 775 1111 postmodnm
802 1080 899 1112 penes
932 1076 965 1102 se
999 1069 1138 1103 retinere

400 1120 542 1163 possint,
566 1131 623 1154 nec
649 1127 820 1165 propterea
844 1122 1037 1162 sententias,
1059 1133 1135 1155 cen-

401 1183 491 1206 suras
522 1179 552 1207 et
582 1185 701 1217 poenas
735 1175 767 1207 in
791 1175 921 1210 *eisdem
946 1175 1137 1219 pensionum

402 1227 671 1261 reservationibus
692 1234 857 1262 contentas
878 1228 1070 1262 incurrant¹.

447 1281 463 1322 ἓ
488 1279 518 1313 5.
547 1281 616 1314 Non
641 1281 840 1314 obstantibus
872 1281 1053 1325 praemissis
1069 1308 1076 1321 ,
1104 1291 1140 1315 ac

403 1336 568 1380 quibusvis
593 1336 876 1370 constitutionibus
902 1341 931 1369 et
956 1335 1137 1369 ordinatio-

403 1389 497 1423 nibus
521 1389 726 1434 apostolicis,
750 1400 808 1422 nec
828 1399 893 1422 non
918 1389 1136 1429 ecclesiarum,

404 1443 675 1488 monasteriorum
701 1449 731 1476 et
756 1442 988 1476 beneficiorum
1023 1442 1138 1475 huius-

404 1497 514 1537 modi,
543 1497 637 1530 etiam
663 1497 867 1536 iuramento,
896 1495 1142 1530 confirmatione

404 1551 595 1596 apostolica,
620 1550 666 1584 vel
692 1543 801 1594 quavis
828 1549 979 1583 firmitate
1004 1549 1062 1583 alia
1089 1560 1141 1583 ro-

405 1604 542 1645 boratis,
566 1604 689 1637 statutis
711 1609 740 1637 et
761 1603 1059 1643 consuetudinilms,
1079 1603 1142 1646 pri-

404 1658 526 1701 vilegiis
544 1668 683 1702 quoqne,
705 1657 847 1697 indultis,
871 1656 1139 1700 exerimtionibtis,

406 1711 685 1751 immunitatibus,
723 1711 818 1744 etiam
846 1710 876 1743 in
902 1720 1039 1753 corpore
1066 1709 1143 1743 iuris

407 1766 538 1805 clausis,
563 1776 599 1799 ac
624 1765 737 1798 litteris
763 1764 946 1808 apostolicis
966 1763 1141 1807 quibusvis,

407 1818 599 1862 generalitor
617 1818 662 1851 vel
683 1817 875 1861 specialiter,
897 1816 1065 1856 concessis,
1087 1826 1145 1849 nec

407 1883 471 1906 non
491 1871 606 1905 litteris
627 1871 880 1905 reservationum
902 1869 1094 1914 pensionum
1116 1874 1146 1902 et

409 1926 568 1959 fructuum
586 1924 782 1964 huiusmodi,
796 1934 832 1957 ac
850 1922 1013 1967 quibusvis
1030 1922 1147 1965 obliga-

410 1979 559 2018 tionibus,
580 1978 675 2011 etiam
691 1978 722 2010 in
739 1978 839 2011 forma
859 1977 1027 2016 Gamerae,
1052 1975 1146 2009 etiam

410 2044 483 2066 cum
505 2032 705 2071 iuramento,
730 2037 756 2063 ct
781 2040 988 2064 censurarum
1007 2035 1037 2062 ct
1052 2040 1144 2062 man—

410 2086 474 2119 dati
496 2084 675 2128 exequutiri
697 2083 909 2127 susceptione,
933 2082 980 2115 vel
1002 2081 1079 2115 alias
1099 2082 1149 2115 de-

411 2150 507 2183 super
528 2139 638 2178 sactis,
667 2138 791 2171 etiamsi
818 2137 857 2170 (le
882 2136 943 2169 illis
969 2145 1149 2179 eorumque

413 2193 486 2227 totis
505 2192 668 2226 tenoribus
687 2192 725 2224 tle
743 2191 839 2224 verbo
857 2190 896 2223 ad
915 2190 1047 2223 verbum
1066 2199 1151 2221 men-

414 2247 456 2280 tio
474 2257 529 2279 seu
547 2245 676 2290 quaevis
690 2245 751 2277 alia
765 2243 924 2287 expressio
941 2242 1089 2276 habenda
1103 2242 1152 2282 sit,

413 2306 445 2334 ct
470 2300 501 2333 in
526 2299 570 2332 eis
595 2303 744 2332 careatur
780 2307 925 2341 expresse
941 2323 948 2336 ,
982 2295 1069 2340 quod
1095 2304 1152 2338 per

414 2351 598 2386 huiusmodi
636 2350 795 2384 clausulas
834 2350 1022 2392 generales,
1056 2348 1151 2382 etiam

413 2406 584 2450 specialem
612 2403 810 2438 mentionem
846 2403 1080 2446 importantes,
1108 2401 1153 2434 eis

415 2461 603 2502 derogatum
629 2469 696 2491 esse
717 2467 781 2491 non
803 2462 972 2490 censeatur
986 2483 993 2496 ,
1017 2460 1071 2488 aut
1093 2455 1150 2488 tle-

415 2513 522 2557 rogari
544 2523 608 2546 non
628 2511 787 2551 videatur,
811 2509 870 2543 nisi
892 2509 986 2543 certis
1007 2508 1103 2541 modo
1125 2513 1154 2541 et

418 2567 518 2600 forma
542 2566 572 2598 in
594 2564 655 2598 illis
676 2563 832 2608 expressis
850 2563 943 2607 plene
960 2561 1150 2596 observatis:

456 2638 462 2662 l
488 2635 585 2662 Confer
611 2642 680 2670 quae
706 2634 828 2661 similitor
853 2632 1019 2669 praescripta
1046 2631 1154 2658 luerunt

419 2689 508 2715 supra,
526 2689 584 2716 pag.
601 2680 647 2707 321
666 2682 704 2714 (u.
719 2680 766 2712 r.).

961 278 1139 303 nuti-anteat
1165 279 1315 304 Romami

1905 280 1958 306 An,
1980 279 2007 305 (2.
2030 279 2097 308 1609

1164 325 1281 369 quibus
1301 326 1462 368 omnibus,
1483 336 1595 361 eorum
1615 332 1739 361 tenores
1756 337 1900 371 praesen-

1165 379 1249 413 tibus
1265 390 1325 423 pro
1343 380 1499 424 expressis
1515 380 1680 421 habentes,
1697 380 1758 413 illis
1775 381 1852 414 alias
1869 381 1900 414 in

1165 442 1223 465 suo
1243 433 1361 470 robore
1381 433 1610 477 permansuris,
1634 433 1693 466 hae
1713 433 1781 466 vice
1801 433 1897 467 dum-

1168 491 1251 519 taxat
1271 485 1452 530 specialiter
1469 493 1500 520 et
1524 496 1677 531 expresse
1693 486 1899 529 derogamus,

1167 539 1365 582 caeterisque
1386 539 1553 572 contrariis
1570 539 1836 583 quibuscumque.

1212 592 1228 633 ἕ
1249 591 1279 623 6.
1304 591 1490 632 Caeterum,
1514 592 1655 626 volentes
1675 591 1844 636 providere
1864 601 1904 625 ne
1938 596 2102 643 Ενςῑωίᾱέὲῑξξξ

1168 654 1325 688 pauperes
1346 644 1551 678 ecclesiastici
1572 645 1612 678 ad
1632 644 1903 678 contributionem
1919 628 2023 671 affligi
2052 649 2102 695 ιποιεί

1168 696 1354 731 huiusmodi
1379 703 1570 740 graventur,
1590 699 1742 732 loannem
1763 699 1904 732 Fernan-
1919 682 1981 704 ΡΜ
1997 681 2066 702 ‘w'

1169 749 1225 783 dez
1251 761 1422 795 proregem
1453 751 1651 813 praegictum
1673 751 1840 785 hortamur
1860 756 1907 784 at-

1171 807 1255 836 tente
1270 830 1277 843 ,
1301 813 1338 837 ae
1358 803 1390 836 in
1410 803 1527 838 virtute
1546 809 1674 838 sanctae
1703 802 1907 837 obedientiae

1170 855 1215 888 illi
1234 857 1441 897 mandamus,
1460 862 1617 901 quatenus
1638 857 1767 890 eosdem
1789 866 1908 901 paupe-

1171 919 1221 942 res
1241 909 1496 951 ecclesiasticos,
1519 910 1574 954 qui
1596 910 1629 943 in
1649 909 1829 943 redditibus
1846 919 1906 943 an-

1171 961 1243 995 nuis
1269 962 1348 995 nibil
1364 990 1371 1004 ,
1391 968 1446 996 ant
1469 974 1583 1007 parum
1599 990 1607 1004 ,
1627 963 1722 997 etiam
1744 973 1846 1007 usque
1869 962 1909 996 ad

1173 1015 1314 1048 valorem
1337 1015 1448 1049 decem
1474 1015 1663 1056 unciarum,
1685 1022 1774 1049 scuta
1797 1014 1909 1058 viginti

1174 1067 1315 1112 quinque
1337 1074 1485 1102 monetae
1502 1068 1586 1102 illius
1605 1068 1695 1111 regni
1713 1067 1911 1102 constituen-

1176 1121 1272 1162 tium,
1294 1121 1446 1155 inclusive
1466 1122 1609 1162 habent,
1632 1121 1671 1154 ad
1693 1120 1908 1155 contributio-

1174 1184 1246 1206 nem
1265 1173 1461 1218 praedictam
1486 1184 1544 1218 per
1561 1181 1782 1218 quoscumque
1802 1173 1912 1217 quavis
1957 1206 1960 1209 ,

1175 1227 1365 1261 auctoritate
1397 1228 1564 1271 fungentes
1589 1227 1658 1270 cogi
1684 1233 1737 1260 aut
1761 1226 1911 1270 compelli

1176 1283 1265 1316 nullo
1288 1283 1383 1315 modo
1405 1281 1599 1325 permittat&

1221 1337 1236 1378 ξ
1260 1336 1287 1369 7.
1311 1336 1480 1375 Volumus,
1505 1336 1590 1380 quod
1612 1335 1734 1369 exactio
1759 1335 1912 1379 pecunia·
1928 1337 2111 1390 cnffgffdg'flgmffss

1176 1400 1247 1423 rum
1265 1389 1449 1423 huiusmodi
1468 1395 1577 1422 contra
1596 1399 1748 1433 personas
1765 1388 1914 1422 ecclesia·
1928 1378 2114 1438 gglffiffigaffijffl}

1175 1444 1270 1478 sticas
1293 1455 1350 1488 per
1374 1453 1527 1488 personas
1548 1443 1644 1476 etiam
1665 1442 1910 1483 ecclesiasticas,
1929 1443 1984 1469 00³⁵-

1176 1508 1194 1531 a
1219 1497 1302 1531 dicta
1331 1497 1495 1530 maiestate
1524 1498 1575 1529 tua
1599 1506 1655 1529 seu
1684 1495 1769 1529 dicto
1794 1495 1914 1528 Ioanne

1177 1551 1359 1584 Fernandez
1377 1550 1586 1594 deputandas,
1604 1549 1672 1583 sieri
1688 1549 1812 1591 debeat,
1831 1548 1916 1582 invo-

1177 1611 1248 1638 cato
1270 1604 1375 1646 etiam,
1390 1604 1415 1637 si
1436 1614 1516 1647 opus
1538 1603 1643 1642 suerit,
1661 1602 1779 1636 auxilio
1793 1601 1914 1635 brachii

1176 1658 1357 1691 saecularis.
1382 1657 1472 1696 Quod
1490 1656 1515 1690 si
1533 1667 1623 1690 secus
1644 1656 1674 1688 in
1695 1656 1803 1699 aliquo
1824 1665 1915 1699 prae-

1179 1711 1350 1744 missorum
1377 1710 1493 1743 sactum
1523 1709 1639 1749 suerit,
1669 1709 1722 1752 qui
1744 1714 1914 1741 contrave-

1178 1764 1302 1805 nerint,
1324 1764 1354 1796 in
1376 1773 1496 1807 poenas
1517 1768 1547 1796 et
1567 1773 1718 1796 censuras
1739 1761 1914 1802 incurrant,

1179 1818 1313 1862 perinde
1338 1828 1374 1850 ac
1399 1816 1423 1850 si
1450 1816 1632 1861 praedictae
1656 1815 1780 1849 litterae
1801 1825 1864 1849 non
1886 1826 1917 1849 e-

1181 1877 1372 1905 manassent.
1560 1904 1561 1907 ,

1225 1927 1241 1968 ξ
1260 1924 1289 1958 8.
1310 1924 1453 1968 Denique
1474 1924 1620 1957 volumus
1640 1927 1806 1967 praeterea
1827 1932 1919 1966 prae·
1934 1920 2119 1975 φξζξῒξῇξᾎξξξξᾞξ

1180 1978 1317 2013 sentium
1332 1977 1550 2021 transumptis,
1566 1987 1661 2009 manu
1680 1975 1813 2009 alicuius
1830 1981 1919 2009 nota·
1934 1975 1998 1996 “⁰¹¹³-

1182 2033 1219 2065 rii
1240 2032 1359 2076 publici
1381 2031 1590 2074 subscriptis,
1612 2036 1640 2063 et
1660 2029 1764 2072 sigillo
1785 2028 1921 2062 alicuius

1184 2095 1338 2130 personae
1357 2085 1386 2117 in
1406 2083 1558 2125 dignitate
1576 2082 1789 2116 ecclesiastica
1806 2081 1922 2115 consti-

1186 2146 1270 2173 tutae
1289 2138 1430 2178 mnnitis,
1448 2138 1593 2171 eamdem
1609 2147 1741 2180 prorsus
1762 2135 1870 2175 fidem,
1891 2135 1923 2167 in

1185 2193 1303 2226 indicio
1320 2183 1351 2225 et
1369 2198 1467 2231 extra,
1481 2191 1512 2223 in
1529 2190 1679 2224 omnibus
1693 2195 1724 2222 et
1742 2198 1798 2233 per
1816 2187 1924 2221 onmia

1186 2246 1345 2286 adbiberi,
1362 2255 1445 2289 quae
1463 2244 1538 2288 ipsis
1555 2243 1777 2288 praesentibus
1795 2241 1925 2275 adhibe-

1188 2306 1286 2341 retur,
1310 2299 1334 2332 si
1355 2303 1461 2332 essent
1481 2297 1640 2331 exhibitae
1661 2297 1708 2330 vel
1730 2301 1884 2329 ostensae.

1231 2353 1344 2386 Datum
1362 2353 1482 2386 Romae
1503 2351 1588 2394 apud
1608 2355 1753 2384 sanctum
1771 2349 1922 2388 Marcum,

1187 2407 1245 2441 sub
1260 2406 1379 2440 annulo
1394 2404 1573 2445 Piscator-is,
1585 2403 1637 2437 die
1650 2413 1722 2437 xxiv
1737 2400 1803 2435 iulii
1819 2411 1926 2441 nnctx,

1189 2459 1395 2504 pontificatus
1415 2458 1515 2492 nostri
1537 2467 1620 2491 anno
1642 2467 1669 2490 v.

1225 2532 1284 2558 Dat.
1306 2531 1350 2557 (lie
1369 2531 1404 2557 ⁹24
1422 2529 1479 2557 iulii
1502 2528 1576 2562 1609,
1593 2528 1685 2563 pontis.
1704 2534 1746 2554 an.
1760 2533 1785 2552 v.

1227 2631 1235 2656 1
1255 2620 1325 2656 Edit.
1349 2627 1426 2655 Malu.
1450 2626 1514 2662 legit
1532 2625 1720 2660 permittant:
1747 2630 1880 2657 erronee,
1901 2625 1929 2649 ut

1190 2677 1263 2710 patet
1280 2674 1315 2709 (a.
1333 2674 1380 2707 T.).
