2227 3241
233 258 281 284 Λη.
300 257 328 285 c.
352 256 417 284 1606
463 247 531 281 30o

434 316 530 349 super
555 303 739 348 qumumvis
764 312 948 336 mensarum
974 301 1174 346 patriarcha-

434 359 523 398 lium,
544 356 865 401 archiepiscopalium
883 383 889 397 ,
921 355 1170 400 episcopalium,

434 410 651 451 abbatialium,
663 420 699 443 ac
713 409 917 452 dignitatum,
927 409 1172 442 canonicatuum

434 470 464 498 et
477 464 614 497 aliorum
628 462 861 496 beneficiorum
873 463 1174 502 ecclesiasticorum,

435 522 468 549 ut
499 516 702 560 praefertur,
736 516 783 549 vel
819 515 896 549 alias
930 515 1175 560 quomodolibet

434 570 708 613 qualificatorum,
735 570 910 611 fructibus,
938 569 1118 603 redditibus
1146 575 1176 604 et

435 623 654 667 proventibus,
686 629 739 656 aut
765 623 849 667 ipsos
874 624 1006 664 fructus,
1030 623 1193 657 redditus*

436 683 466 710 et
486 682 660 721 proventus
680 676 752 710 loco
776 676 968 722 pensionum
994 687 1174 710 annuarum

435 730 496 764 sibi
517 730 692 775 apostolica
716 730 906 764 auctoritate
930 730 1176 774 quomodolibet

436 790 612 818 reservatas
632 789 663 817 et
682 783 857 826 assignatas
889 794 925 817 ae
949 789 1125 817 reservatos
1146 788 1176 816 et

436 837 612 880 assignatos
631 837 786 870 habentes
804 842 834 870 et
851 837 1043 878 obtinentes,
1067 836 1122 880 qui
1144 836 1175 869 in

436 890 520 924 dieta
540 891 625 924 Urbe
639 891 687 924 vel
701 890 769 924 eius
787 890 950 924 disctrictu
964 891 1047 924 intra
1065 891 1174 924 decem

435 943 573 977 miliaria
593 944 632 978 ab
661 944 729 988 ipsa
748 944 833 978 Urbe
853 945 931 988 (non
958 950 1063 978 tamen
1089 949 1176 978 extra

436 997 575 1032 debitam
594 997 815 1041 residentiam)
830 998 1033 1039 decesserint,
1051 998 1090 1031 de
1108 1008 1176 1031 om-

436 1050 529 1084 nibus
542 1050 607 1099 suis
617 1051 711 1084 bonis
724 1050 899 1084 mobilibus
913 1057 943 1084 et
956 1051 1177 1084 immobilibus

436 1116 472 1139 ac
500 1106 758 1147 semoventibus,
782 1105 907 1139 iuribus
936 1111 967 1139 et
997 1105 1177 1138 actionibus

436 1158 706 1203 quibuscumque,
723 1169 849 1192 necnon
869 1159 1025 1192 iocalibus
1043 1164 1072 1191 et
1085 1169 1178 1202 pecu-

436 1212 508 1253 niis,
529 1223 566 1246 ac
582 1212 677 1246 rebus
699 1212 768 1245 aliis
786 1212 818 1245 in
840 1212 925 1246 dicta
948 1212 1033 1246 Urbe
1058 1217 1089 1245 et
1109 1211 1177 1245 eius

437 1265 582 1299 districtu
620 1266 703 1299 intra
735 1266 846 1299 decem
880 1265 1029 1298 milliaria
1059 1265 1174 1298 huius-

437 1319 525 1352 modi
540 1319 787 1353 consistentibus
801 1325 832 1352 et
844 1329 900 1353 seu
915 1319 1177 1360 existentibus,ac

438 1373 532 1406 etiam
563 1372 825 1417 provenientibus
856 1384 891 1407 ex
919 1372 1177 1416 quibuscumque

438 1426 617 1467 fructibus,
638 1426 818 1460 redditibus
843 1432 874 1460 et
897 1426 1118 1470 proventibus,
1142 1437 1178 1459 ac

438 1479 580 1521 iuribus,
609 1480 856 1514 obventionibus
877 1486 908 1513 et
928 1479 1174 1519 emolumentis,

439 1533 533 1566 etiam
553 1533 775 1575 decimalibus,
797 1534 955 1567 dictarum
970 1533 1176 1567 ecclesiarum

439 1592 469 1619 et
488 1586 733 1628 beneficiorum,
758 1592 792 1620 ut
815 1587 1019 1631 praefertur,
1043 1597 1178 1630 quomo—

439 1640 561 1673 dolibet
582 1640 854 1684 qualificatorum,
879 1650 961 1684 quae
982 1640 1015 1672 in
1037 1639 1175 1679 titulum,

438 1693 484 1726 vel
508 1693 746 1734 commendam,
770 1699 824 1726 aut
851 1692 1174 1733 administrationem,

439 1745 485 1779 vel
507 1745 584 1778 alias
604 1746 860 1790 quomodolibet,
877 1746 970 1779 etiam
994 1756 1030 1779 ex
1049 1745 1179 1789 quibus-

439 1798 484 1831 vis
520 1799 781 1832 concessionibus
819 1805 847 1832 et
884 1798 1179 1842 dispensationibus

440 1852 624 1896 apostolicis
649 1852 804 1894 obtinent,
834 1858 865 1886 et
888 1863 945 1886 seu
970 1857 1062 1885 antea
1090 1851 1176 1885 obti-

440 1911 601 1946 mierum,
635 1906 682 1939 vel
716 1906 926 1950 imposterum
962 1905 1175 1946 obtinebunt,

440 1969 564 1992 necnon
584 1958 678 1992 etiam
694 1970 731 1992 ex
745 1959 909 2004 quibusvis
930 1958 1094 2001 fructibus,
1113 1959 1180 1992 red-

441 2011 569 2052 ditibus,
597 2012 822 2056 proventibus,
848 2012 987 2053 iuribus,
1012 2012 1179 2046 obventio-

440 2065 535 2099 nibus
560 2071 590 2099 et
615 2066 842 2100 emolumentis
873 2066 1106 2111 ecclesiasticis,
1127 2071 1180 2099 at-

441 2130 504 2164 que
522 2119 732 2164 pensionibus
763 2120 878 2153 annuis
902 2131 998 2164 super
1022 2119 1180 2153 similibus

441 2174 606 2215 fructibus,
630 2173 809 2207 redditibus
834 2179 863 2208 et
892 2174 1121 2218 proventibus,
1146 2184 1181 2206 ac

442 2227 537 2261 etiam
551 2227 831 2261 distributionibus
845 2227 1040 2272 quotidianis
1059 2227 1118 2260 sibi
1134 2238 1180 2260 re-

442 2281 582 2323 servatis,
603 2281 771 2322 concessis,
792 2281 973 2315 constitutis
991 2287 1021 2315 et
1041 2281 1182 2324 assigna-

444 2336 493 2377 tis,
510 2345 635 2369 necnon
650 2345 685 2368 ex
706 2335 932 2369 emolumentis
951 2345 1182 2379 quorumcum-

443 2399 506 2434 que
530 2389 693 2422 Romanae
719 2388 830 2422 Curiae
860 2388 1041 2421 officiorum
1059 2415 1065 2429 ‚
1086 2387 1180 2420 etiam

444 2442 755 2476 administrationem
774 2441 975 2482 habentium,
993 2446 1023 2474 et
1036 2441 1180 2474 locorum

444 2496 596 2530 Montium
622 2496 669 2529 vel
695 2505 873 2536 censuum,
897 2506 933 2528 ac
961 2494 1038 2528 alias
1063 2505 1179 2538 prove-

445 2549 617 2590 nientibus,
634 2559 716 2593 quae
735 2549 794 2593 ipsi
814 2559 874 2593 pro
896 2554 1040 2592 tempore
1060 2548 1182 2582 habue-

446 2608 519 2636 runt
539 2609 569 2636 et
589 2602 814 2644 obtinuerunt,
842 2612 879 2636 ac
903 2601 1022 2634 habent
1046 2607 1076 2634 et
1101 2601 1184 2634 obti-

445 2662 532 2697 nent,
548 2655 777 2702 habebuntque
795 2661 826 2690 et
839 2655 1033 2690 obtinebunt
1050 2654 1080 2688 in
1100 2655 1183 2688 sutu-

1015 254 1196 278 BULLARIUM
1217 254 1369 278 ROMANUM

2150 63 2170 82 '⁸2
2183 59 2199 91 ’.ᾗ

2143 94 2199 153 ‘'z-ff

2152 167 2180 191 ,3

1960 250 2011 278 Kn.
2026 249 2054 278 C.
2076 251 2088 277 Ι
2145 186 2188 259 ’ᾖ

1208 312 1291 343 rum,
1312 301 1543 345 cuiuscumque
1563 301 1735 345 qualitatis,
1759 299 1945 345 quantitatis
2091 243 2201 367 Ἤ]

1208 361 1237 388 et
1254 365 1411 395 summae,
1438 364 1473 387 ac
1498 353 1590 398 pretii
1611 359 1643 387 et
1663 353 1777 387 valoris
1797 353 1942 394 existant,
2144 348 2159 380 ⁷·
2173 346 2200 389 ‘2⁴

1208 419 1265 452 per
1283 418 1336 441 eos
1354 413 1383 441 et
1402 417 1513 441 eorum
1535 406 1713 451 quemlibet
1732 406 1895 450 acquisitis
1915 412 1947 440 et

1207 461 1426 505 acquirendiS,
1441 460 1516 494 etin
1537 460 1649 493 eadem
1667 459 1751 494 Urbe
1766 465 1796 493 et
1812 459 1843 492 in
1861 459 1947 493 illius

1209 515 1355 548 districtu
1377 514 1460 547 infra
1480 514 1590 547 decem
1613 513 1761 555 miliaria,
1785 519 1819 547 ut
1835 524 1944 558 supra,

1209 567 1467 608 consistentibus,
1492 567 1676 611 disponere,
1697 572 1727 600 et
1752 572 1816 600 tam
1841 567 1944 601 dona-

1211 621 1297 656 tione
1311 621 1394 655 inter
1405 621 1492 655 vivos
1504 621 1551 654 vel
1567 623 1661 655 causa
1679 621 1802 663 mortis,
1818 631 1874 655 seu
1888 626 1948 656 tes·
2148 651 2154 666 ,ξ
2179 651 2194 662 ἡ,

1211 681 1362 716 tamento,
1387 675 1492 718 legato
1513 680 1544 708 et
1564 674 1828 716 fideicommisso‚
1851 684 1948 719 quam
2125 670 2192 712 >,ἶ“-’

1209 729 1271 762 alia
1291 729 1402 773 quavis
1427 729 1635 773 dispositione
1660 729 1742 762 inter
1765 728 1870 770 vivos,
1892 738 1949 762 seu
2158 721 2166 728 '

1209 782 1321 815 ultima
1343 783 1506 816 voluntate
1535 782 1567 816 in
1592 782 1733 816 savorem
1755 781 1949 825 consangui-

1210 846 1345 870 neorum
1361 841 1393 870 et
1406 835 1551 870 affinium
1567 847 1712 877 suorum,
1726 835 1950 879 collegiorum-

1210 899 1292 933 que,
1317 889 1561 923 universitatum
1591 895 1622 923 et
1652 889 1799 923 locorum
1819 888 1949 934 piorum

1210 953 1247 976 ac
1264 943 1448 987 quarumvis
1461 943 1594 977 aliarum
1609 953 1832 987 personarum,
1853 942 1949 976 etiarn

1210 998 1337 1040 penitus
1355 1002 1591 1038 extranearum,
1615 996 1787 1041 disponere
1812 1001 1843 1030 et
1862 995 1950 1030 ordi-

1211 1060 1298 1090 nare,
1320 1061 1356 1084 ac
1377 1051 1408 1084 in
1431 1051 1550 1084 eisdem
1573 1050 1679 1090 rebus,
1703 1056 1735 1084 et
1761 1049 1855 1084 bonis
1875 1059 1950 1084 con-

1210 1104 1415 1146 sanguineos,
1436 1110 1466 1137 et
1486 1104 1610 1146 affines,
1627 1104 1762 1147 collegia
1775 1110 1806 1139 et
1825 1103 1952 1138 univer-

1210 1157 1329 1198 sitates,
1358 1169 1394 1191 ac
1419 1158 1504 1199 loca,
1533 1164 1563 1192 et
1590 1168 1743 1203 personas
1767 1157 1948 1202 praefatas,

1211 1210 1365 1244 haeredes
1386 1211 1582 1245 universales
1608 1212 1654 1245 viel
1668 1211 1879 1256 particulares
1891 1221 1951 1256 pro

1211 1274 1322 1297 eorum
1342 1264 1432 1297 libito
1450 1264 1622 1299 voluntatis
1635 1265 1752 1306 facere,
1769 1265 1808 1299 de
1825 1264 1952 1309 illisque

1212 1317 1312 1351 libere
1333 1324 1363 1352 et
1382 1318 1470 1352 licite
1497 1329 1555 1363 pro
1585 1319 1676 1353 libito
1696 1319 1870 1353 voluntatis
1889 1318 1952 1353 dis-

1212 1381 1333 1415 ponere
1352 1371 1519 1415 possintet
1533 1372 1667 1413 valeant,
1685 1372 1812 1416 plenam
1831 1377 1862 1405 et
1874 1371 1952 1406 libe-

1212 1435 1279 1457 ram
1310 1425 1354 1458 eis
1386 1431 1417 1458 et
1439 1425 1572 1459 cuilibet
1596 1436 1708 1459 eorum
1734 1425 1896 1459 licentiam
1922 1431 1954 1459 et

1212 1479 1392 1512 facultatem
1433 1479 1653 1513 omnimodam
1685 1479 1893 1514 concedimus
1923 1483 1952 1512 et

1214 1531 1426 1574 impertimur.

1257 1586 1272 1627 g
1294 1584 1323 1618 3.
1338 1585 1552 1627 Declarautes,
1570 1586 1667 1629 quod,
1682 1585 1706 1619 si
1722 1585 1887 1629 contingat
1902 1585 1951 1620 di-
1966 1615 2050 1642 smum
2064 1615 2151 1642 ‘mm
2168 1613 2175 1618 .,
2186 1626 2189 1633 Δ

1213 1643 1279 1671 ctos
1294 1638 1429 1672 clericos
1447 1644 1476 1671 et
1491 1639 1568 1672 alias
1592 1639 1823 1673 ecclesiasticas
1839 1649 1951 1684 perso-
1965 1643 2150 1694 3223&ssssssssss
2168 1643 2202 1671 ζ·

1214 1702 1269 1724 uas
1289 1692 1446 1735 praefatas
1465 1692 1635 1735 disponere
1650 1693 1689 1726 de
1703 1693 1845 1737 ipsorum
1860 1692 1953 1726 bonis
1968 1695 1999 1718 εἰς
2013 1684 2132 1722 disponant.
2151 1698 2187 1739 ’,ἔ

1214 1744 1244 1777 in
1267 1746 1406 1778 savorem
1428 1745 1670 1787 illegitimorum
1692 1746 1770 1790 (non
1792 1751 1897 1779 tamen
1916 1755 1952 1779 ex
2166 1743 2167 1746 ’

1214 1809 1325 1831 eorum
1352 1799 1485 1843 proprio
1517 1810 1653 1843 corpore
1672 1799 1951 1844 procreatorum),

1216 1858 1289 1885 tuuc
1311 1864 1345 1885 cx
1368 1863 1405 1885 co
1431 1864 1528 1894 casu,
1549 1853 1653 1897 quoad
1679 1853 1764 1887 bona
1785 1859 1815 1887 et
1834 1853 1905 1887 iura
1925 1858 1957 1887 et

1215 1905 1292 1939 alias
1314 1917 1363 1939 res
1382 1906 1522 1950 ipsorum
1539 1906 1777 1951 disponentium
1799 1917 1888 1940 mere-
1900 1916 1958 1951 pa-⁴

1217 1959 1409 1992 trimonialia
1438 1965 1469 1993 ct
1494 1960 1618 1994 laicalia
1646 1961 1677 1993 in
1706 1960 1790 1994 dicta
1809 1960 1895 1994 Urbe
1923 1965 1956 1994 et

1216 2012 1299 2046 illius
1311 2013 1468 2054 districtu,
1486 2018 1519 2047 nt
1535 2024 1643 2057 supra,
1661 2013 1878 2055 consistentia,
1895 2023 1956 2047 nec

1215 2065 1367 2106 Camera,
1392 2077 1450 2099 nec
1479 2066 1537 2110 ipsi
1567 2066 1725 2109 illegitimi
1747 2062 1862 2100 inillis
1889 2066 1956 2100 ullo

1217 2119 1313 2152 modo
1327 2119 1511 2159 succedant,
1526 2119 1580 2153 sed
1602 2119 1641 2153 ad
1662 2118 1824 2153 venientes
1843 2119 1883 2152 ab
1901 2118 1953 2152 in-

1217 2178 1329 2206 testato
1348 2172 1433 2206 iuxta
1455 2172 1532 2205 iuris
1551 2172 1794 2217 dispositionem
1812 2177 1957 2216 spectent

1216 2232 1246 2259 et
1259 2225 1569 2270 pertineant‚quavis
1582 2226 1642 2260 alia
1654 2226 1884 2267 Constitutione
1896 2226 1957 2260 sor-

1216 2290 1271 2313 san
1293 2280 1489 2313 contrarium
1505 2279 1695 2325 disponente
1715 2290 1779 2314 non
1793 2280 1952 2314 obstante.

1261 2334 1277 2375 g
1298 2333 1328 2366 4.
1352 2333 1521 2367 Praeterea
1543 2339 1642 2374 motu,
1657 2333 1788 2367 scientia
1803 2338 1834 2367 et
1849 2338 1955 2377 potes·
1990 2334 2171 2392 curiatibunffilf
2196 2375 2197 2378 Ἴ

1219 2393 1280 2422 tate
1301 2385 1460 2420 similibus
1485 2387 1689 2421 decernimus
1713 2392 1744 2420 et
1768 2386 1955 2420 ordinamus
1970 2373 2059 2429 23:122}
2069 2370 2181 2429 ῗιξνίυιὲζ
2195 2387 2206 2430 ¹32

1217 2442 1303 2485 quod
1323 2441 1347 2475 si
1370 2440 1445 2475 dicti
1467 2440 1601 2474 curiales
1621 2450 1676 2473 seu
1704 2439 1828 2473 incolae
1848 2439 1952 2481 Urbis,
1970 2412 2176 2498 ἓέωθιῶἳῖιῖἶιξξξ
2202 2443 2203 2446 ’

1216 2494 1417 2538 Romanique
1437 2493 1520 2527 cives
1534 2492 1712 2535 originarii,
1729 2491 1954 2536 aliiquesprae-
1969 2480 2161 2535 ssssssiifflwr'u*
2194 2486 2195 2514 1

1217 2547 1292 2581 dicti
1314 2539 1345 2580 in
1365 2547 1449 2580 Urbe
1470 2552 1501 2580 et
1520 2545 1667 2580 districtu
1685 2546 1860 2590 praedictis
1875 2546 1952 2590 (non
1968 2531 2070 2587 3ἓὲἷὲῧῖῗὲ
2079 2529 2169 2602 ὴῖἶιινῐε
2217 2575 2223 2590 Ᾰ,

1218 2606 1323 2634 tamen
1339 2595 1425 2634 extra
1442 2609 1554 2633 eorum
1572 2598 1712 2632 debitam
1729 2598 1953 2642 residentiam)
1968 2583 2104 2632 sstssctl'ilffi
2127 2584 2166 2638 εἷ’
2194 2612 2201 2646 i
2218 2597 2223 2607 '

1218 2653 1256 2687 ab
1278 2653 1425 2687 intestato
1446 2652 1672 2694 decesserunt,
1705 2662 1830 2698 eorum
1845 2651 1949 2694 bona,
1969 2661 2111 2687 eusteniam.
2148 2687 2155 2699 y,
2225 2664 2227 2667 ·

1993 1587 2047 1612 enm
2062 1587 2090 1609 aa
2105 1586 2127 1610 itt
2139 1596 2163 1605 ·-
2178 1572 2201 1611 si

2149 2087 2178 2119 5(-
2196 2089 2204 2121 ,¹

2159 2131 2171 2142 Α,
2202 2132 2204 2151 5

2144 2150 2179 2166 n
2196 2153 2206 2160 ¹

2138 2210 2155 2221 e

2130 2260 2132 2262 .
2157 2251 2169 2263 Ni

2147 2262 2174 2334 ἒ

1968 2642 2040 2658 eorum
2052 2634 2112 2657 bont·
2119 2631 2155 2658 thir
