2227 3241
883 245 981 268 txnnx
1007 244 1113 268 namot
1652 232 1716 266 093

226 296 338 330 Rosoir
363 296 429 340 (de).
463 296 598 330 ecclesia
632 297 694 330 563
720 307 749 330 a.
786 296 996 331 Canonicatus
1028 297 1128 340 ipsius
1161 297 1313 330 uniuntur
1343 296 1498 330 ecclesiae
1531 296 1570 330 ‹le
1602 296 1762 331 Charxitte

317 350 379 383 564
406 361 435 383 ιι.

225 403 411 437 Rossilionis
437 404 632 446 principatus
658 402 884 437 ecclesiasticis
916 404 1115 437 interdicitur
1140 413 1216 437 usus
1242 403 1415 438 archibnsii
1436 405 1474 438 ad
1501 409 1619 446 rotam,
1644 405 1703 437 454
1732 415 1761 436 a.

226 456 362 491 Rutheni
387 460 498 500 petunt
522 456 652 490 dissolvi
672 458 819 490 unionem
836 455 1071 490 archimandiae
1090 456 1305 490 Pieczarensis
1324 456 1480 489 ccclesiae
1499 456 1659 489 Kiovicnsi
1678 456 1716 489 Ξῖ
1736 456 1761 497 b,

315 514 345 544 et
370 512 443 543 unio
468 509 668 551 dissolvitur,
695 510 770 543 ibici.
796 510 938 553 lpsornm
965 511 1182 553 metropolitae
1208 519 1360 543 concessa
1381 510 1512 544 facultas
1531 509 1714 543 instituendi
1733 513 1763 543 et

314 563 524 597 consecrandi
550 565 718 607 episcopos
743 564 792 596 sui
818 564 914 603 ritus,
942 562 1004 595 195
1029 573 1047 595 a
1072 566 1099 595 et
1123 574 1184 607 seq.

226 615 353 650 Rutski:
380 616 451 649 virle
474 616 590 660 Ioseph
618 616 812 650 Velaminus.
1668 653 1675 660 ³

225 669 331 713 Rysch
356 670 509 714 oppidum
534 669 783 704 Constantiensis
807 668 976 711 dioecesis,
996 669 1036 702 20
1061 669 1087 702 b.
1109 668 1304 704 Universitas
1330 674 1360 704 ct
1385 670 1528 704 homines
1557 672 1657 714 ipsius
1692 681 1763 714 pos-

314 727 387 757 sunt
412 723 569 757 redimere
595 723 736 756 decimas
760 721 886 756 debitas
911 722 1062 766 parocho.
1086 722 1163 755 ibid.

991 838 1012 870 S

226 934 478 979 Salisburgensis
503 936 644 979 episcopi
669 934 833 969 electionis
859 934 988 970 libertas
1005 938 1160 976 servatur,
1178 934 1238 967 384
1258 934 1283 967 b.
1309 935 1464 969 Statutum
1481 937 1672 971 contrarium
1694 937 1763 970 irri-

319 992 411 1031 tatur,
425 988 503 1022 ibid.

227 1041 405 1076 sabaudiae
431 1043 529 1077 duces
555 1043 701 1087 perpetui
727 1044 868 1085 magistri
893 1042 1077 1077 militiarum
1102 1042 1149 1075 Ss.
1174 1041 1311 1075 Mauritii
1336 1045 1367 1076 et
1392 1041 1514 1084 Lazari,
1540 1043 1580 1076 32
1605 1043 1630 1075 b.

227 1095 352 1130 Sauhus
370 1096 541 1131 cardinalis
560 1100 718 1140 protector
734 1086 995 1141 Congregationis
1013 1096 1264 1130 Reiorniatorum
1283 1094 1414 1130 Ordims
1432 1096 1639 1131 Eremitarum
1656 1097 1685 1131 S.
1704 1099 1764 1130 Au-

316 1151 436 1194 gustini
456 1150 727 1185 Discalceatorum
744 1150 862 1193 ltaliae,
886 1150 946 1184 489
964 1149 980 1183 b
998 1153 1026 1183 el
1042 1160 1102 1193 seq.

228 1202 350 1237 Savoca
374 1203 441 1248 (de)
466 1203 666 1238 Theodorus:
691 1203 764 1238 vide
786 1203 981 1238 Theodorus.

231 1256 338 1300 Scipio
363 1256 532 1291 cardinalis
558 1256 770 1301 Borghesius‚
797 1256 858 1290 527
885 1256 910 1290 b.
935 1255 1204 1300 Archipresbyter
1228 1254 1378 1290 basilicae
1404 1256 1643 1299 Lateranensis,
1670 1257 1746 1291 ibid.

230 1309 336 1353 Scipio
361 1309 613 1344 Piccolomineus
639 1310 788 1344 dominus
814 1312 908 1345 castri
933 1310 1043 1354 Campi
1068 1308 1210 1352 Orseoli,
1236 1309 1299 1342 399
1324 1309 1350 1342 b.

229 1362 436 1397 Sebastianus
466 1363 694 1406 Covarruvias,
721 1363 760 1397 26
786 1375 815 1397 a.
841 1364 878 1399 Ei
901 1366 1070 1398 commissa
1101 1364 1239 1405 erectio,
1265 1367 1296 1398 et
1321 1364 1437 1398 dotatio
1463 1364 1682 1408 parochiarum
1710 1375 1765 1409 pro

318 1416 434 1451 Mauris
459 1417 498 1451 ad
525 1413 620 1451 [idem
644 1417 850 1452 christianam
874 1419 1038 1452 conversis
1062 1419 1093 1452 in
1119 1417 1260 1451 dioecesi
1285 1416 1468 1460 Valentina‚
1495 1417 1573 1451 ibid.

229 1471 359 1514 Serqus
391 1471 650 1515 archiepiscopus
684 1471 903 1506 Damascenus
928 1471 1153 1506 Maronitarum
1178 1472 1218 1505 ad
1243 1471 1358 1505 Sedem
1384 1472 1598 1515 Apostolicam
1624 1472 1765 1515 legatus,

321 1524 382 1558 556
407 1535 438 1558 α.

230 1576 357 1612 Siciliae
391 1579 483 1622 regni
518 1578 727 1613 ecclesiastici
764 1580 916 1622 pecunias
949 1578 1115 1613 nonnullas
1148 1579 1217 1622 regi
1248 1579 1401 1621 offerunt,
1428 1578 1485 1612 224
1514 1590 1544 1615 a,
1572 1579 1634 1612 575
1659 1589 1689 1612 a.
1715 1579 1767 1612 Eis

319 1631 531 1673 interdicitur,
558 1633 727 1676 quominus
753 1631 902 1666 animalia
919 1642 1068 1677 agrorum
1086 1632 1229 1667 culturae
1249 1632 1337 1666 utilia
1358 1636 1512 1675 mactent,
1535 1632 1598 1665 385
1623 1631 1651 1668 b,
1677 1643 1767 1676 seqq.,
1802 1663 1804 1665 .

323 1684 385 1719 434
410 1685 436 1727 b,
461 1696 544 1730 seqq.

231 1739 454 1782 sigismundus
486 1739 527 1772 111
560 1739 709 1774 Poloniae
740 1743 772 1774 et
796 1740 920 1774 Svetiae
946 1750 1018 1782 rex,
1046 1740 1084 1773 ⁶27
1111 1740 1137 1773 b.
1171 1740 1216 1773 Ex
1250 1741 1428 1783 praescipto
1453 1739 1563 1772 Annae
1590 1738 1768 1781 lagellonae

319 1795 382 1835 tres
406 1791 599 1836 capellanias
630 1794 725 1836 erigit
749 1793 780 1826 in
806 1792 944 1827 ecelesia
976 1794 1076 1827 sancti
1100 1791 1222 1827 Nicotai
1247 1794 1394 1834 Barensi,
1422 1793 1482 1826 167
1508 1803 1570 1836 seq.
1597 1793 1768 1825 Reservato

319 1843 381 1879 sibi
402 1846 472 1879 iure
497 1845 678 1889 capellanos
704 1845 906 1887 nominandi,
925 1845 1002 1878 ibid.
1017 1844 1185 1880 Contendit
1202 1847 1251 1879 ius
1268 1844 1386 1879 habere
1404 1846 1626 1878 nominationis
1644 1844 1769 1878 abbatis

322 1899 506 1932 monasterii
521 1899 715 1941 Tineeensis,
733 1902 763 1933 et
777 1898 893 1932 nullam
909 1898 1008 1932 fuisse
1027 1898 1213 1933 electionem
1229 1897 1349 1932 Alberti
1364 1897 1577 1940 Baraneschii,
1592 1897 1651 1931 224
1672 1908 1690 1929 α
1707 1908 1768 1941 seq.

321 1951 353 1985 B.
379 1951 482 1986 Caroli
504 1952 687 1987 Borromaei
711 1954 983 1986 canonizationem
1009 1956 1191 1996 promovet,
1217 1952 1277 1984 651
1305 1962 1334 1984 a.

232 2006 340 2039 sixtus
366 2004 390 2038 V
415 2006 549 2039 instituit
575 2005 728 2050 hospitale
755 2006 1004 2040 mentHcantium
1028 2006 1068 2040 de
1096 2005 1191 2048 urbe,
1218 2006 1280 2039 573
1305 2017 1335 2038 a.

232 2059 397 2093 societatis
422 2059 494 2093 Iesu
520 2059 690 2103 collegium
715 2061 745 2094 in
772 2060 889 2104 oppido
908 2060 946 2094 de
964 2060 1040 2094 Fixa
1065 2063 1224 2101 erectum,
1251 2059 1309 2091 101
1338 2069 1398 2102 seq.
1420 2058 1456 2093 Ei
1482 2060 1588 2093 unitur
1614 2059 1768 2102 prioratus

323 2112 352 2146 S.
379 2112 485 2147 lacohi
510 2113 655 2147 eiusdem
679 2114 806 2157 oppidi,
833 2113 909 2147 ibid.

233 2166 425 2200 Somaschae
451 2166 695 2210 Congregationi
720 2168 890 2201 commissa
914 2176 990 2201 cura
1015 2166 1141 2209 collegii
1167 2165 1355 2199 Clementini
1380 2165 1419 2199 tle
1448 2165 1540 2206 L'rbe,
1567 2165 1607 2199 aa
1633 2165 1658 2198 l».
1683 2165 1770 2198 Corn-

322 2220 523 2254 municantur
549 2215 717 2264 privilegia
742 2219 900 2255 Ordinum
932 2218 1179 2253 Mendicantium
1205 2222 1340 2262 excepta
1365 2221 1566 2263 exemptione
1593 2228 1609 2252 a
1636 2218 1766 2252 iurisdi-

322 2274 425 2307 ctione
451 2272 711 2315 Ordinariorum,
738 2274 800 2307 [150
825 2285 844 2306 a
869 2284 930 2317 seq.

233 2324 400 2360 Serbonici
424 2326 552 2370 collegii
578 2326 733 2370 theologis
759 2336 931 2360 concessus
957 2337 1033 2360 usus
1058 2325 1201 2367 rochetti,
1227 2329 1257 2359 et
1280 2324 1522 2368 superpellIcei,
1548 2325 1609 2357 367
1636 2324 1662 2357 l».

235 2378 370 2423 Spiritus
396 2379 451 2422 (S.)
479 2381 508 2412 in
532 2380 626 2414 saxia
652 2381 690 2414 de
715 2379 799 2414 L'rbe
824 2378 1079 2422 arcliihospitale‚
1096 2379 1157 2412 178
1182 2390 1211 2411 ιι.
1237 2379 1358 2412 Causae
1383 2378 1422 2412 ad
1448 2377 1524 2411 illud
1549 2380 1729 2420 spectantes
1753 2386 1771 2410 a

325 2435 441 2467 vicario
475 2433 558 2477 Papa
593 2433 854 2477 cognoscendae,
880 2433 958 2466 ibid.
984 2437 1014 2467 et
1039 2433 1101 2467 318
1126 2444 1187 2477 seq.
1220 2433 1331 2467 Erecta
1357 2434 1387 2467 in
1413 2433 1466 2466 illo
1491 2443 1598 2466 mensa
1624 2442 1771 2466 nummu-

324 2485 418 2528 laria,
444 2486 505 2519 252
530 2497 559 2518 a.
585 2486 712 2520 Statutis
736 2486 774 2521 ad
801 2486 831 2520 id
856 2488 951 2520 certis
976 2485 1118 2529 legibus,
1146 2486 1208 2520 2:52
1233 2487 1326 2531 bseq.

237 2539 372 2582 Spiritus
398 2540 455 2582 (S.)
483 2539 626 2573 militaris
651 2539 738 2574 Ordo
764 2541 794 2573 in
821 2539 930 2573 Galliis
956 2540 1134 2581 institutus,
1160 2540 1222 2573 463
1248 2540 1274 2573 b.
1301 2540 1334 2573 ln
1361 2550 1397 2574 eo
1424 2542 1523 2574 exteri
1550 2550 1674 2585 quoque
1701 2550 1770 2583 pos-

326 2597 399 2628 sunt
423 2593 575 2636 adscribi,
603 2594 663 2627 464
689 2604 717 2626 (ι,
743 2593 822 2636 Regi
848 2593 996 2628 Franciae
1022 2603 1173 2627 concessa
1205 2593 1335 2627 facultas
1368 2594 1523 2628 formandi
1551 2604 1630 2627 noxa
1657 2597 1770 2627 statuta

328 2657 382 2688 pro
408 2647 465 2679 hoc
492 2647 630 2688 Ordine,
658 2648 719 2680 477
745 2659 772 2678 ιι,
