2227 3241
254 328 303 353 Λη.
319 326 347 353 C.
372 325 439 353 1605

293 1129 442 1157 Transuiupto-

257 1162 302 1177 rum
317 1157 375 1177 tides.

291 2356 411 2377 Exordium.

485 315 549 349 0202

453 372 697 417 quomodolibet
730 369 888 403 concessis
907 396 914 409 ,
946 369 1132 412 approbatis
1163 374 1194 403 et

453 425 619 459 innovatis.
647 423 768 462 Quibus
800 422 952 455 omnibus
981 427 1011 455 et
1035 422 1191 465 singulis,

452 477 576 511 etiamsi
595 477 634 510 de
655 476 717 509 illis
738 485 917 518 eorumque
938 475 1012 508 totis
1029 475 1193 508 tenoribus

451 530 610 574 specialis,
632 529 782 573 spec-ilica
803 534 833 561 et
853 528 1031 568 individua,
1052 538 1118 561 non
1135 539 1191 561 au-

453 591 514 618 ten]
533 594 591 628 per
611 583 770 616 clausulas
791 582 956 624 generales
974 582 1057 614 idem
1071 581 1193 625 impor-

454 644 566 677 tantes‚
588 636 707 670 mentio
728 641 783 669 aut
796 635 956 679 expressio
977 635 1125 668 habenda
1147 635 1191 668 vel

453 690 583 734 quaevis
606 690 667 722 alia
689 688 845 733 exquisita
863 689 966 722 forma
988 688 1027 722 ad
1048 688 1110 722 hoc
1130 699 1195 721 ser-

453 744 555 777 vanda
573 744 666 782 foret,
685 743 815 775 illorum
833 748 960 776 tenores
972 741 1195 786 praesentibus

454 808 513 841 pro
544 797 640 840 plene
673 802 704 829 et
728 795 926 828 sufficienter
953 795 1132 839 expressis,
1160 805 1196 827 ac

456 851 559 883 forma
573 850 605 882 in
622 849 684 882 illis
702 847 838 882 tradita¹
859 848 988 892 penitus
1001 858 1060 892 pro
1073 850 1197 881 servata

456 903 623 942 habentes,
643 903 703 936 hae
723 902 789 935 vice
810 901 992 946 specialiter
1005 900 1196 934 nominatim

457 962 488 990 et
508 966 655 1000 expresse
675 956 716 988 ad
736 955 882 989 effectum
908 955 1126 999 praesentium
1145 955 1198 988 de-

457 1020 620 1052 rogamus,
645 1009 845 1052 caeterisque
869 1008 1039 1042 contrariis
1059 1008 1196 1052 quibus-

459 1074 608 1107 cumque.

503 1119 520 1160 g
546 1116 576 1149 6.
605 1116 759 1150 Volumus
791 1121 897 1149 autem
923 1121 957 1149 ut
981 1115 1198 1160 praesentium

458 1170 668 1214 transumptis
684 1170 733 1203 vel
754 1169 918 1213 exemplis,
942 1169 1037 1203 etiam
1058 1169 1196 1214 impres-

458 1223 510 1264 sis,
531 1234 629 1256 manu
653 1223 770 1256 notarii
795 1223 916 1266 publici
943 1223 1148 1267 subscriptis,
1170 1228 1201 1256 et

459 1277 564 1320 sigillo
585 1287 744 1321 personae
762 1276 793 1309 in
808 1276 964 1319 dignitate
985 1276 1200 1310 ecclesiastica

460 1328 650 1362 constitutae
675 1327 828 1368 munitis,
856 1327 976 1371 ubique
1004 1328 1149 1361 locorum
1171 1333 1201 1360 et

460 1381 603 1423 gentium
630 1381 743 1414 eadem
768 1391 902 1424 prorsus
927 1381 1006 1414 tides
1034 1381 1201 1422 habeatur,

461 1445 543 1478 quae
563 1435 737 1468 haberetur
756 1434 805 1467 his
819 1434 896 1478 ipsis
912 1435 1038 1474 litteris,
1055 1434 1079 1468 si
1095 1435 1201 1468 forent

461 1488 620 1521 exhibitae
641 1489 689 1521 vel
710 1493 865 1521 ostensae.

504 1542 617 1574 Datum
639 1542 760 1575 Romae
785 1542 870 1585 apud
895 1541 924 1575 S.
948 1542 1094 1585 Petrum,
1115 1553 1200 1576 anno

461 1595 692 1629 incarnationis
714 1596 901 1629 Dominicae
917 1606 1001 1630 iuncv
1014 1602 1129 1640 quarto
1144 1597 1200 1630 ka-

461 1649 571 1682 lendas
592 1649 673 1690 iulii,
694 1649 900 1693 pontificatus
917 1650 1016 1683 nostri
1038 1661 1122 1683 anno
1144 1661 1163 1684 1.

496 1711 555 1738 Dat.
574 1711 616 1738 die
631 1712 665 1738 28
684 1711 751 1738 iunii
769 1711 846 1745 1605,
863 1711 959 1747 pontif.
977 1720 1020 1739 an.
1039 1720 1058 1739 1.

794 1871 842 1905 lV.

459 1967 646 2012 Privileqia
665 1968 928 2002 abbreviatormn
952 1970 1087 2003 maioris
1105 1981 1200 2014 prae-

503 2021 663 2055 sidentiae
694 2022 884 2056 litterarum
909 2023 1164 2067 apostolicarum
1175 2024 1196 2057 ².

688 2138 797 2165 Paulus
818 2140 976 2173 episcopus

642 2197 750 2218 servus
772 2198 925 2218 servorum
945 2191 1015 2223 Dei,

583 2246 618 2271 ad
638 2247 811 2279 perpetuam
831 2244 876 2272 rei
897 2244 1076 2273 memoriam.

506 2337 643 2371 Romani
662 2338 827 2372 Pontificis
845 2339 1046 2383 providentia
1064 2340 1201 2374 circum-

463 2397 571 2436 specta
584 2391 721 2424 libenter
733 2391 882 2433 intendit,
899 2397 935 2426 ut
946 2394 1103 2437 personis,
1120 2405 1202 2438 quae

462 2445 535 2488 plus
555 2445 674 2478 laboris
695 2450 725 2477 et
745 2445 892 2489 obsequii
906 2445 939 2478 in
957 2446 1099 2480 eiusdem
1118 2448 1201 2481 Pon-

464 2498 557 2531 tifieis
577 2504 607 2532 et
627 2498 830 2542 Apostolieae
861 2499 951 2533 Sedis
975 2500 1133 2534 honorem
1165 2512 1201 2534 ac

501 2590 509 2614 1
534 2588 676 2616 Videretur
689 2588 832 2624 legendum
845 2588 932 2625 potius
951 2591 1078 2624 formam
1092 2591 1124 2617 in
1140 2591 1202 2618 illis

464 2633 605 2660 traditam
620 2633 657 2668 (n.
678 2635 715 2668 T).

499 2677 515 2703 2
535 2676 645 2712 Collegit
665 2678 893 2706 Abbreviatorum
912 2678 1120 2712 institutionem,
1142 2688 1201 2706 mu-

465 2727 515 2747 nus
534 2724 560 2747 et
578 2721 734 2758 privilegia,
764 2722 874 2750 attende
899 2730 980 2759 supra
1005 2722 1030 2750 in
1058 2723 1161 2751 Martini
1183 2724 1202 2750 V

1027 321 1208 345 BULLARIUM
1233 322 1385 346 ROMANUM

1214 954 1344 995 ,stituti,
1365 956 1441 988 dum
1463 955 1694 989 abbreviatoris
1715 956 1903 990 earumdem
1919 956 1971 990 lit-
2100 988 2102 990 ,
2175 955 2195 1002 ²

1980 320 2028 346 Λη.
2045 319 2074 347 c.
2096 287 2209 363 1605ξῖ

1272 583 1288 623 g
1307 581 1336 613 «1.
1360 581 1564 624 Quapropter
1584 581 1718 614 dilectos
1737 580 1820 614 filios
1840 572 1964 615 littera·
1982 580 2206 642 vagaffiffisnm-Pgss

1981 647 2101 668 stitutionis.
2182 658 2183 661 =

1225 369 1414 403 universalis
1446 368 1606 402 Ecclesiae
1641 368 1812 402 utilitatem
1847 368 1966 411 iugiter
2160 365 2201 415 ᾖ

1226 423 1416 466 perferre-et
1433 422 1620 465 impendere
1633 432 1697 454 non
1712 420 1880 463 desistunt,
1896 432 1965 455 am·
2167 416 2209 478 3'

1227 475 1384 519 plioribus
1405 474 1499 507 etiam
1526 474 1636 516 gratiis
1663 480 1694 507 et
1721 474 1899 507 honoribus
1929 485 1966 508 ac
2162 474 2204 522 ,⁴55-

1227 529 1420 571 dignitatum
1442 527 1672 571 praerogativis
1693 527 1896 561 decorentur.
2163 528 2209 577 ξ

1229 645 1299 667 rum
1321 634 1572 678 apostolicarum
1587 634 1718 667 maioris
1732 634 1966 678 praesidentiae

1229 687 1481 728 abbreviatores,
1498 687 1552 731 qui
1567 687 1599 720 in
1616 687 1878 721 concessionibus
1897 698 1969 730 gra-

1231 741 1359 782 tiarum,
1387 751 1466 785 quas
1491 751 1550 785 pro
1585 747 1730 785 tempore
1757 741 1796 774 ab
1825 741 1969 776 eiusdem

1230 794 1393 828 Pontificis
1418 794 1614 837 benignitate
1626 805 1776 828 emanare
1793 795 1967 838 contingit,

1231 847 1482 891 interpretandis
1513 847 1794 892 dilucidandisque
1827 849 1971 892 egregias

1231 912 1345 945 operas
1359 901 1459 945 (quod
1475 911 1534 935 nos
1548 901 1642 935 etiam
1658 901 1690 935 in
1702 901 1881 936 minoribus
1895 913 1972 937 con-

1234 1015 1373 1042 terar-um
1407 1019 1541 1042 munere
1572 1010 1805 1052 fungeremur,
1827 1010 1971 1054 plurium
2172 1000 2203 1045 2³3,

1232 1073 1390 1096 annorum
1412 1062 1632 1106 experimento
1653 1063 1882 1107 cognovimus)
1902 1064 1969 1097 sol-

1233 1116 1327 1150 lieitis
1347 1116 1460 1149 studiis
1485 1127 1602 1149 navare
1628 1123 1815 1158 noscuntur,
1839 1123 1884 1158 ut,
1907 1129 1972 1162 quo

1232 1169 1425 1213 specialibus
1445 1169 1606 1203 favoribus
1627 1175 1657 1203 et
1678 1170 1788 1212 gratiis
1812 1180 1846 1203 se
1873 1181 1972 1204 nove-

1233 1222 1297 1255 rint
1316 1228 1543 1266 prosequutos,
1561 1233 1598 1256 eo
1612 1223 1784 1257 alacriores
1800 1223 1839 1256 ad
1857 1223 1974 1258 similia

1234 1281 1263 1308 et
1277 1275 1308 1308 in
1323 1275 1390 1308 dies
1408 1275 1529 1308 maiora
1543 1286 1602 1320 pro
1615 1280 1726 1309 nostro
1740 1281 1770 1309 et
1782 1276 1872 1310 Sedis
1883 1287 1975 1321 prae-

1234 1328 1337 1362 dictae
1355 1329 1555 1362 ineremento
1575 1329 1768 1373 perferenda
1783 1329 1975 1371 reddantur,

1235 1381 1404 1424 condignis
1430 1382 1610 1415 honoribus
1634 1382 1815 1423 confovere,
1835 1383 1975 1417 benevo-

1233 1435 1415 1478 lentiaeque
1446 1441 1574 1468 nostrae
1603 1440 1797 1479 perpetuum
1826 1436 1972 1470 testimo-

1234 1489 1324 1522 nium
1346 1489 1392 1522 eis
1411 1489 1568 1532 praehere
1588 1489 1731 1522 volentes
1745 1516 1753 1530 ,
1777 1469 1979 1535 eosdemque

1234 1542 1476 1575 abbreviatores
1497 1553 1533 1575 ac
1553 1553 1666 1576 eorum
1693 1542 1871 1586 singulares
1893 1554 1971 1587 per-

1233 1605 1327 1628 sonas
1358 1606 1375 1628 a
1411 1595 1575 1639 quibusvis
1611 1596 1972 1638 excommunicationis,

1234 1642 1453 1692 suspensionis
1471 1654 1502 1681 et
1526 1649 1698 1688 interdicti,
1722 1649 1856 1694 aliisque
1874 1651 1976 1684 eccle-

1234 1702 1369 1736 siasticis
1389 1702 1573 1743 sententiis,
1597 1702 1742 1736 censuris
1762 1708 1792 1737 et
1810 1703 1934 1748 poenis,
1956 1715 1976 1738 a

1234 1755 1304 1789 iure
1323 1756 1372 1789 vel
1394 1756 1433 1789 ab
1454 1756 1598 1796 homine,
1615 1756 1725 1800 quavis
1738 1757 1907 1791 occasione
1925 1758 1974 1792 vel

1234 1811 1330 1842 causa
1349 1809 1422 1842 latis
1437 1836 1444 1849 ,
1468 1809 1493 1842 si
1519 1809 1635 1853 quibus
1660 1810 1906 1853 quomodolibet
1924 1810 1974 1844 in·

1234 1862 1344 1895 nodati
1366 1862 1516 1903 existunt,
1533 1863 1571 1895 ad
1589 1862 1738 1895 effectum
1755 1864 1973 1907 praesentium
2168 1866 2192 1899 κ’

1235 1916 1398 1949 dumtaxat
1411 1916 1686 1960 consequendum,
1700 1915 1814 1950 harum
1825 1917 1908 1951 serie
1920 1917 1975 1951 ab·

1234 1970 1391 2002 solventes
1406 1975 1436 2002 et
1449 1969 1613 2003 absolutos
1625 1970 1693 2003 sore
1707 1975 1883 2012 censentes,
1899 1981 1975 2005 nec-

1234 2033 1298 2056 non
1311 2022 1455 2056 omnium
1469 2028 1499 2056 et
1511 2023 1711 2065 singulorum
1722 2023 1975 2067 privilegiorum,

1236 2077 1489 2120 exemptionum,
1510 2076 1708 2110 indultorum
1734 2082 1765 2110 et
1784 2077 1971 2120 gratiarum,

1236 2136 1299 2163 tam
1326 2130 1604 2163 abbreviatoribus
1629 2140 1725 2174 quam
1749 2130 1916 2175 utriusque
1935 2131 1977 2165 si-

1236 2188 1390 2226 gnaturae
1404 2183 1539 2216 Romani
1559 2182 1723 2217 Pontifiois
1743 2183 1977 2218 referendario-

1238 2246 1309 2270 rum
1339 2236 1499 2279 collegiis,
1531 2236 1777 2279 quomodolibet
1803 2247 1973 2271 concesso-

1237 2301 1307 2323 rum
1345 2296 1470 2323 tenores
1498 2290 1722 2337 praesentibus
1742 2300 1801 2334 pro
1821 2291 1978 2335 expressis

1237 2343 1410 2382 habentes;

1281 2398 1297 2439 ξ
1319 2396 1348 2429 2.
1373 2397 1457 2429 Motu
1478 2396 1611 2440 proprio
1624 2407 1689 2429 non
1703 2397 1743 2430 ad
1757 2396 1899 2441 ipsorum
1921 2397 1976 2430 ab·
2003 2404 2171 2446 Abbi-ovinum}
2190 2440 2191 2443 Ἴ

1236 2449 1454 2491 breviatorum
1476 2449 1523 2481 vel
1549 2449 1684 2482 alicuius
1707 2459 1831 2491 eorum,
1851 2455 1905 2484 aut
1924 2450 1972 2484 al·
1990 2457 2016 2472 ⁶⁰
2030 2450 2171 2479 ΨΞΜΜΨ·

1237 2502 1335 2535 terius
1356 2512 1413 2546 pro
1432 2502 1476 2535 eis
1501 2502 1594 2536 nobis
1615 2503 1753 2546 desuper
1772 2502 1899 2537 oblatae
1918 2514 1975 2548 pe·
1990 2478 2200 2556 ssgssagfflfflgffl}

2172 1767 2178 1774 ⁷
2165 1687 2183 1698 ἱ
2163 1635 2190 1670 ’ἢ
2160 1467 2191 1622 νέ-τῖῆζςλεᾱ

2150 2019 2189 2222 τὺρςζὶεῑιμῆ-
2165 1987 2184 2005 ‚r-
2163 1966 2176 1973 2
2168 1939 2171 1944 .
2173 1902 2178 1911 ,

1235 2592 1326 2619 Coust.
1345 2599 1370 2618 1v
1390 2593 1425 2619 In
1445 2591 1640 2626 Apostolicae,
1668 2593 1732 2618 tom.
1761 2597 1803 2626 tv,
1825 2588 1885 2628 pagi
1906 2592 1975 2625 679;
2190 2600 2200 2627 ¹,-

1236 2636 1302 2664 Sixti
1318 2636 1348 2664 tv
1372 2637 1462 2664 coust.
1487 2645 1531 2663 xix
1556 2636 1665 2664 Divina
1687 2636 1735 2672 (in
1753 2637 1778 2664 b.
1797 2645 1822 2664 n.
1840 2638 1905 2664 edit.
1922 2644 1976 2665 xvu

1236 2683 1300 2708 tom.
1313 2688 1338 2716 v,
1350 2689 1409 2717 pag.
1421 2681 1486 2716 25¹)
1505 2689 1534 2708 ac
1546 2680 1676 2708 LeonisX
1693 2681 1782 2709 Const.
1795 2689 1829 2709 xv
1848 2681 1974 2717 Summi,

1236 2724 1348 2758 ibidem,
1366 2732 1427 2760 pag.
1444 2724 1504 2752 631.
