2227 3241
891 254 987 278 wnnx
1014 248 1120 278 numni
1665 241 1727 275 677

236 305 407 351 A'ug'ustini
436 307 491 351 (S.)
518 307 676 342 Eremitae
702 307 888 341 Discalceati
923 309 953 340 in
978 306 1086 340 Sicilia
1111 305 1328 341 Observantes
1354 305 1403 339 vel
1435 305 1625 345 Reformati,
1656 305 1719 338 488
1744 315 1773 338 a.

325 360 405 405 Ipsis
430 361 616 395 conceditur
640 362 776 394 ecclesia
802 360 834 393 B.
863 360 980 394 Mariae
1007 360 1045 393 de
1071 360 1199 401 Catena,
1227 359 1303 392 ibid.
1332 359 1468 393 Possunt
1499 360 1634 392 novitios
1659 358 1775 392 admit—

326 420 409 454 tere,
443 425 541 449 novas
573 415 683 449 domos
709 417 871 459 recipere,
896 424 970 449 suos
999 416 1183 458 superiores
1216 414 1350 456 eligere,
1384 413 1446 446 488
1474 423 1492 445 a
1522 416 1551 446 et
1580 412 1606 444 b.
1632 411 1776 445 Subiecti

325 474 428 503 tamen
464 473 609 503 maneant
636 471 731 513 priori
757 467 897 511 generali
925 469 1020 501 totius
1044 466 1192 507 Ordinis,
1219 466 1295 500 ibid.
1333 466 1550 500 Humilitatem
1582 465 1685 499 colant
1718 474 1775 498 nec

325 520 430 553 titulos
456 524 619 564 usurpent,
648 519 724 553 ibid.
752 518 861 552 Forma
887 521 1028 562 ipsorum
1053 517 1180 552 habitus
1207 517 1446 562 praescribitur,
1475 517 1536 550 489
1562 527 1590 550 α.

238 786 417 820 Bandinus:
443 786 516 819 vide
540 785 703 820 Octavius.

238 840 482 874 Baranoschius:
513 839 582 872 vide
607 838 756 872 Albertus
781 838 1021 872 Baranoschius.

238 894 387 928 Barensis
412 893 548 928 ecclesia
575 894 676 927 sancti
701 892 838 935 Nicolai,
864 893 925 925 167
951 892 976 925 b.
1003 891 1182 935 Capitulum
1207 895 1235 924 et
1261 891 1406 924 canonici
1432 895 1540 934 petunt
1566 892 1708 925 revocari
1731 892 1778 925 ius

328 949 552 982 nominationis
577 947 616 981 ad
643 952 705 981 tres
729 947 922 990 capellanias
947 954 1133 979 concessum
1159 946 1226 988 regi
1252 944 1399 978 Polonia,
1421 945 1482 977 168
1500 955 1528 977 a.
1548 944 1694 978 Clemens
1711 944 1777 977 vlit

328 1003 406 1046 ipsis
431 1001 593 1035 silentium
618 1003 765 1046 imponit,
795 1002 854 1034 168
879 1000 905 1033 [1.

240 1054 408 1089 Baronius:
434 1054 506 1087 ride
529 1054 657 1089 Caesar.

240 1107 501 1142 Bartholomaeus
526 1109 556 1141 S.
582 1108 699 1143 Mariae
724 1110 755 1143 in
782 1109 905 1143 Porticu
927 1106 1096 1142 cardinalis
1121 1106 1261 1148 Caesius,
1287 1106 1350 1139 452
1375 1116 1403 1138 (ι.

240 1160 414 1195 Basileensi
439 1163 589 1206 episcopo
614 1162 745 1196 facultas
761 1162 854 1196 datur
871 1160 1052 1205 applicandi
1070 1163 1171 1194 certos
1196 1159 1314 1193 fructus
1336 1159 1576 1203 praepositurae
1598 1158 1686 1191 Per-is
1712 1168 1780 1192 ere-

332 1217 429 1249 ctioni
454 1217 619 1250 seminarii
645 1217 707 1250 375
733 1228 752 1249 α
776 1228 837 1261 seq.

243 1268 376 1303 Basilius
403 1269 593 1313 Anguissola
620 1273 805 1313 procurator
829 1268 987 1312 generalis
1012 1267 1142 1303 Ordinis
1167 1267 1419 1308 Carmelitarum,
1448 1267 1508 1300 436
1534 1277 1563 1299 a.

243 1320 351 1356 Basilii
377 1323 433 1366 (S.l
456 1323 667 1366 Congregauo
691 1323 927 1367 Italo-Hispana
960 1332 977 1356 a
1009 1323 1162 1364 Gregorio
1187 1320 1255 1354 Xlll
1280 1323 1432 1362 instituta,
1459 1320 1499 1352 39
1525 1330 1553 1353 a.
1579 1319 1720 1363 Regulae
1745 1321 1774 1353 ei

332 1375 476 1418 traditae,
502 1377 537 1410 41
569 1387 587 1409 a
611 1388 672 1421 seq.
698 1376 826 1410 Mensae
852 1374 1081 1410 conventuales
1107 1384 1124 1409 a
1149 1374 1427 1408 commendatariis
1452 1373 1632 1415 distinctae,
1665 1373 1726 1406 295
1748 1383 1779 1405 a.

333 1428 414 1462 Huic
438 1429 683 1473 Congregationi
708 1438 861 1463 concessa
888 1428 1019 1463 facultas
1044 1431 1236 1463 monasteria
1262 1428 1407 1471 erigendi
1432 1427 1565 1469 Matriti,
1591 1430 1622 1461 et
1647 1428 1677 1460 in
1703 1435 1781 1471 qua-

333 1485 403 1516 tuor
427 1482 497 1516 aliis
524 1482 749 1526 Hispaniarum
776 1482 863 1524 locIs,
891 1483 953 1516 549
979 1493 998 1516 a
1023 1494 1084 1527 seq.

247 1534 580 1578 Beguinae,monialos
594 1541 682 1571 erant
697 1538 726 1569 in
740 1536 1124 1571 dioecesiConstantiensi
1139 1538 1215 1569 citra
1230 1535 1484 1569 observationem
1500 1534 1782 1575 clausurae,373a.

245 1586 522 1622 Benedictinorum
547 1590 594 1623 Ss.
623 1589 723 1624 titoni
749 1593 780 1623 et
804 1588 957 1633 illdulphi
982 1589 1194 1634 Congregatio
1225 1593 1349 1630 erecta,
1372 1589 1410 1621 64
1438 1600 1456 1621 a
1482 1599 1543 1633 seq.
1575 1587 1677 1632 Eique
1711 1596 1784 1620 con-

334 1651 424 1677 cessa
445 1643 624 1687 privilegia,
650 1644 691 1677 65
717 1654 746 1675 (ι.
772 1642 924 1677 Monialcs
950 1641 1082 1677 Ordinis
1107 1643 1136 1677 S.
1163 1642 1326 1676 Benedicti
1353 1643 1384 1675 in
1410 1651 1510 1686 regno
1536 1641 1684 1675 Poloniae
1702 1642 1784 1683 epis-

334 1698 422 1740 copis
448 1696 621 1739 subiectae,
640 1698 703 1730 173
729 1708 747 1730 (ι
771 1708 833 1741 seq.

247 1748 411 1784 Benedicti
437 1751 493 1793 (S.)
520 1750 690 1785 Reformati
715 1752 806 1795 regni
831 1751 992 1793 Franciae,
1019 1752 1077 1784 341
1102 1762 1131 1784 α.
1159 1751 1238 1793 lpsis
1259 1751 1486 1783 confirmantur
1510 1750 1687 1793 privilegia,
1708 1748 1785 1781 ibid.

246 1802 410 1837 Benedicti
436 1803 492 1847 (S.)
519 1804 652 1838 Nursiae
677 1806 906 1838 monasterium
931 1806 1171 1847 congregationi
1195 1803 1448 1838 Coelestinorurn
1473 1804 1589 1844 unitur,
1607 1802 1670 1835 313
1688 1812 1706 1835 α
1723 1812 1784 1846 seq.

247 1855 410 1891 Benedicti
436 1857 494 1901 (S.)
519 1856 730 1902 Congregatio
755 1859 869 1893 Montis
895 1858 1047 1902 Virginis,
1073 1858 1136 1891 666
1162 1857 1188 1889 b.
1213 1857 1373 1891 Numerus
1393 1857 1656 1889 monasteriorum
1675 1858 1704 1888 et
1721 1864 1787 1887 mo-

337 1910 510 1944 nachorum
543 1913 643 1955 ipsius
667 1912 829 1953 definitus,
855 1913 917 1945 667
944 1916 975 1946 et
998 1921 1059 1955 seq.
1084 1910 1155 1943 Iura
1180 1912 1211 1942 et
1234 1909 1401 1952 privilegia
1428 1906 1584 1941 Abbatum
1611 1910 1682 1947 etc.‚
1708 1905 1786 1938 ibid.

337 1963 528 2006 Novitiatus,
555 1965 618 1998 668
643 1965 668 1997 b.
694 1966 820 2007 Novitii,
848 1966 982 2009 professi
1009 1968 1068 1998 etc.
1094 1963 1168 1997 669.
1195 1961 1339 2003 Habitus,
1365 1962 1428 1994 669
1454 1972 1483 1994 (ι.

248 2017 380 2061 Benigni
404 2018 460 2061 (S.)
482 2019 728 2060 monasterium,
755 2020 812 2052 561
843 2031 872 2052 ιι.
899 2018 1030 2052 Abbatis
1055 2016 1233 2051 iurisdictio
1259 2017 1289 2049 in
1315 2015 1433 2059 oppida
1458 2015 1487 2047 S.
1513 2014 1668 2057 Benigni,
1694 2013 1788 2047 Mon-

339 2072 450 2113 tanarI,
477 2071 573 2105 Feleti
599 2075 630 2105 et
655 2071 875 2115 Lomhardoni,
902 2071 982 2105 ibid.

250 2123 429 2159 Ber-nardus
450 2124 621 2159 cardinaliS
641 2125 879 2169 Macziciowsky
899 2127 1069 2169 episcopus
1089 2124 1318 2165 Cracoviensis,
1341 2123 1403 2155 169
1425 2133 1454 2155 α.
1470 2121 1618 2155 Decimas
1639 2130 1787 2164 agrorum

339 2179 558 2222 capitanealus
584 2178 789 2212 Lucoviensis
814 2188 870 2222 pro
896 2180 979 2221 vino,
1004 2187 1078 2211 cera
1104 2181 1135 2211 et
1158 2176 1227 2210 oleo
1253 2177 1404 2220 assignat,
1434 2174 1512 2208 ibici.

252 2231 434 2266 Bernardus
460 2232 500 2266 de
528 2231 645 2276 Vargas
670 2236 855 2276 procurator
879 2232 1038 2277 generalis
1064 2230 1189 2265 Ordinis
1214 2229 1246 2263 B.
1271 2229 1388 2263 Mariae
1415 2228 1454 2262 de
1480 2227 1627 2262 Mercede
1653 2227 1788 2260 Redem-

341 2285 457 2328 ptionis
483 2284 697 2328 Captivorum,
724 2286 786 2319 129
812 2297 842 2318 α.

253 2336 436 2381 Bibliopolis
462 2347 524 2372 non
549 2338 623 2373 licet
647 2338 787 2373 missalia
812 2339 952 2373 vendere
977 2340 1039 2373 nisi
1064 2340 1221 2382 impressa
1246 2338 1307 2371 sint
1332 2337 1419 2370 quta
1445 2333 1611 2378 exemplar
1636 2337 1786 2377 typogra-

341 2391 435 2435 phiae
462 2391 642 2434 Vaticanae,
669 2394 709 2425 89
735 2404 763 2425 (ι.

254 2444 417 2479 Bisuntina
442 2447 633 2479 universitas
658 2446 845 2489 studiorum,
872 2447 934 2480 577
960 2457 989 2480 α.
1015 2448 1117 2485 Quare
1143 2455 1203 2479 non
1231 2445 1324 2478 suerit
1349 2441 1561 2483 01·ecta,vt·›78
1582 2451 1611 2473 a.

253 2498 472 2534 Blanchettns:
498 2499 570 2533 rifle
595 2499 792 2534 Laurentius.

255 2551 340 2586 Bona
365 2553 405 2587 de
430 2552 688 2594 vicecomitibus,
706 2554 981 2597 reginal’oloniae
998 2558 1028 2588 et
1046 2553 1173 2587 ducissa
1192 2552 1270 2593 Bari,
1290 2550 1349 2584 167
1369 2550 1393 2582 b.
1417 2549 1484 2582 Bari
1512 2549 1654 2588 moritur,
1679 2545 1788 2590 ibique

343 2616 457 2651 corpus
483 2609 551 2642 elus
577 2609 606 2641 in
634 2607 769 2641 ccclesia
794 2607 823 2641 S.
849 2607 979 2649 Nicolai,
1001 2617 1177 2641 marmoreo
1203 2607 1406 2638 monumento
1431 2602 1470 2635 ab
1497 2602 1585 2635 Anna
1617 2600 1790 2644 lagellonia

345 2663 412 2694 vius
439 2661 499 2694 lilia
526 2666 642 2704 erecto,
668 2661 836 2705 sepelitur.
866 2661 940 2695 ibid.
