2227 3241
14 2927 21 2958 i

15 2961 19 2992 ι

15 2995 19 3031 l

0 3034 4 3042 ¹
15 3033 19 3059 l

15 3069 20 3093 l

16 3097 19 3144 l

34 287 120 316 amc.
143 286 210 315 1605

60 569 113 592 Unio
127 574 215 597 «εοημεἸ

35 597 124 622 gationis
148 597 215 615 sanct·

35 622 134 645 Ambrosii
142 624 162 642 et
170 627 217 642 san·

35 651 62 671 eu
79 649 189 670 Barnabae
204 654 216 668 a

36 675 93 698 Sixto
109 675 124 695 V
140 675 214 700 praeti-

34 703 78 725 nila
88 702 125 723 suit
135 702 155 722 in
164 702 216 722 Cnn-

35 729 140 751 stitutione
157 728 216 749 edita

35 755 68 777 die
88 762 113 777 xv
134 756 216 781 augusti

34 787 127 805 nun.
155 787 216 808 quam

33 809 218 837 praetermisiquia

34 837 217 863 simplicitermne-

0 875 1 880 =
35 869 80 885 uem
87 863 122 885 hic
128 863 216 884 relatam

35 890 133 912 continet.

86 1637 217 1660 Confirmatio

46 1665 210 1686 constituti-mum

40 1693 61 1712 ot
82 1691 218 1716 indulturum,

40 1719 62 1738 ut
75 1717 93 1739 iu
108 1719 198 1740 rubrica.

879 284 1003 310 PAULUS
1028 286 1046 309 V
1065 286 1117 310 ΡΡ,

229 344 287 379 per
308 344 391 379 quae
414 333 640 377 religiosorum
661 333 754 367 statui
770 338 801 367 et
820 343 977 377 prospero

230 387 388 431 gubernio
421 392 602 432 opportune
635 386 853 431 prospicitur,
882 392 978 431 prout

230 441 262 474 in
287 441 424 475 Domino
442 440 615 474 salubriter
632 440 847 484 conspicimus
876 450 974 484 expe-

231 494 311 528 dire.

276 548 292 592 ἓ
323 547 350 580 1.
385 548 535 581 volentes
566 547 675 591 itaque
706 547 977 590 Congregationes

231 601 332 635 sancti
354 601 515 635 Ambrosii
533 602 572 635 ad
590 602 709 635 Nemus
730 601 977 634 Mediolanensis

232 655 373 689 etsancti
387 655 552 689 Barnabae
566 655 752 699 provinciae
770 654 929 689 Marchiae
946 661 976 688 et

232 711 361 749 ianuae,
384 709 442 742 sub
462 710 574 752 regula
587 709 687 742 sancti
702 709 882 752 Augustini,
899 709 976 743 alias

233 773 250 795 a
270 762 370 796 felicis
390 762 626 796 recordationis
643 763 730 796 Sixto
747 762 866 807 PapaV
884 773 976 806 prae-

233 815 400 848 decessore
426 821 537 849 nostro
569 815 707 849 invicem
734 814 869 857 unitas¹,
897 826 972 860 spc—

233 868 366 902 cialibus
382 869 544 903 savoribus
564 875 595 903 et
614 869 724 912 gratiis
742 869 881 912 benigne
901 880 976 914 pro-

232 922 346 967 sequi,
385 933 422 957 ac
455 923 644 956 earumdem
677 923 975 966 Congregationum

231 976 414 1021 superiores
435 982 466 1011 et
486 977 655 1020 religiosos
674 976 840 1010 universos
861 982 893 1011 et
911 977 971 1011 sin-

230 1031 323 1074 gulos
355 1041 373 1064 a
405 1030 571 1075 quibusvis
606 1031 971 1072 excommunicationis,

230 1084 450 1129 suspensionis
471 1090 501 1118 et
522 1084 695 1126 interdicti,
716 1084 851 1130 aliisque
872 1086 974 1119 eccle-

229 1137 366 1172 siasticis
390 1138 568 1179 sententiis,
596 1139 739 1172 censuris
761 1145 791 1172 ct
810 1139 934 1183 poenis,
958 1150 994 1173 a

229 1192 299 1225 iure
316 1192 365 1225 vel
387 1192 426 1225 ab
444 1192 590 1234 homine,
611 1193 722 1237 quavis
740 1193 909 1227 occasione
928 1194 974 1228 vet
992 1204 994 1230 i

229 1249 324 1280 causa
349 1245 431 1287 latis,
460 1246 484 1280 si
513 1246 632 1290 quibus
653 1246 901 1291 quomodolibet
927 1247 974 1280 in-

228 1299 339 1332 nodati
361 1299 510 1340 existunt,
531 1300 570 1333 ad
589 1300 736 1333 effectum
756 1301 974 1344 praesentium
992 1327 994 1333 .

230 1353 394 1386 dumtaxat
426 1354 715 1397 consequendum,
746 1354 861 1387 barum
892 1355 994 1388 serie<

230 1407 432 1440 absolventes
457 1413 487 1440 et
512 1407 677 1441 absolutos
702 1408 770 1440 sore
796 1414 972 1449 censentes,

230 1460 543 1504 supplicationibus,
572 1471 685 1494 eorum
718 1461 849 1494 nomine
882 1462 975 1495 nobis

231 1523 328 1557 super
363 1514 424 1547 hoc
463 1513 628 1548 humiliter
667 1515 835 1558 porrectis.
879 1515 972 1549 incli—

231 1566 314 1608 nati;

278 1622 293 1663 ξ
312 1620 341 1654 ⁶2.
366 1621 408 1654 Ex
430 1627 502 1655 voto
520 1621 752 1655 venerabilium
768 1622 903 1655 fratrum
923 1632 977 1656 no-

233 1680 372 1708 strorum
388 1675 417 1709 S.
435 1675 470 1708 P..
489 1675 521 1709 E.
540 1675 754 1709 cardinalium
785 1687 883 1721 super
900 1687 976 1710 con-

233 1729 458 1762 sultationibus
472 1735 502 1762 et
523 1730 666 1772 negociis
686 1730 919 1774 Episcoporum
946 1736 977 1764 et

232 1782 439 1825 Regularium
466 1784 706 1828 deputatorum,
731 1784 976 1818 constitutiones

231 1847 291 1880 pro
316 1836 457 1880 ipsarum
486 1836 780 1880 Congregationum
808 1844 837 1871 et
863 1849 974 1872 earum

233 1890 502 1923 monasteriorum
522 1902 577 1923 seu
596 1891 768 1924 domorum
789 1898 818 1924 et
846 1892 975 1935 religio·
992 1894 993 1900 ¹

231 1954 339 1977 sorum
354 1955 511 1988 prospero
526 1944 684 1987 gubernio
698 1951 726 1978 et
742 1945 898 1987 regimine
913 1946 976 1979 edi-

232 2003 288 2039 tas,
312 2004 342 2031 et
361 1997 390 2030 in
412 1998 523 2031 eadem
543 1998 793 2041 congregatione
813 1999 900 2032 iussu
918 2011 973 2033 no·
992 1991 993 2006 ³

231 2057 296 2084 stro
311 2051 480 2093 diligenter
501 2051 697 2085 examinatas
716 2057 745 2085 et
767 2053 971 2096 approbatas,

231 2116 290 2139 nec
315 2115 379 2139 non
409 2105 505 2138 etiam
532 2116 756 2150 quaecumque
783 2106 993 2150 privilegia,¹

232 2158 361 2202 gratias,
383 2159 614 2203 exemptiones,
632 2159 806 2201 libertates,
824 2160 975 2194 immuni-
992 2174 993 2178 ¹

235 2218 322 2255 tates,
334 2212 570 2254 concessiones,
582 2212 798 2255 indulgentias
811 2220 839 2248 et
853 2215 975 2248 indulta

234 2266 353 2300 eisdem
372 2266 681 2309 Congregationibus
700 2266 894 2312 illarumque
909 2280 975 2302 mo-

235 2320 392 2361 nasteriis,
416 2320 584 2361 domibus,
604 2321 844 2365 superiorilms,
869 2323 974 2356 iratri-

235 2374 293 2407 bus
313 2379 342 2408 et
371 2374 441 2407 aliis
467 2374 642 2417 religiosis,
671 2374 701 2407 in
730 2386 847 2418 genere
868 2376 915 2409 vel
945 2376 975 2410 in

235 2426 351 2471 specie,
377 2438 433 2471 per
459 2438 681 2472 quoscumque
707 2428 869 2462 Romanos
894 2429 976 2462 Pon-

237 2480 336 2515 tiiices
356 2482 621 2525 praedecessores
642 2487 769 2515 nostros
791 2488 821 2516 et
846 2484 994 2527 Aposto-1

236 2533 329 2567 licam
355 2534 468 2569 sedem
496 2546 647 2569 concessa
667 2537 840 2580 (quatenus
860 2536 922 2570 Sim
944 2537 975 2570 in
992 2529 994 2549 l
1011 2528 1132 2559 litentur,
1151 2533 1176 2555 ut
1195 2529 1219 2555 in
1236 2529 1294 2556 eius
1310 2531 1400 2557 Consi.
1425 2537 1483 2557 thv
1504 2532 1621 2562 Sacrae,
1643 2535 1710 2558 tom.
1727 2539 1753 2558 vi

992 2578 1071 2609 'paga
1093 2574 1150 2601 158.
1171 2574 1296 2606 Quinimo
1322 2575 1384 2601 Pius
1407 2576 1424 2600 V
1451 2576 1569 2602 omnium
1593 2576 1754 2604 Mendican-

274 2616 282 2639 1
307 2615 396 2642 Const.
417 2616 483 2643 Sixti
506 2616 522 2641 V
544 2616 697 2643 huiusmodi
718 2617 899 2652 praetermisit
924 2617 975 2644 Co-

238 2659 360 2693 quelines
374 2663 402 2686 ut
415 2659 480 2687 dicit
495 2660 528 2687 ad
545 2661 703 2696 marginem,
720 2661 836 2697 ideoque
856 2670 908 2689 non
929 2670 975 2689 ex-

239 2706 274 2729 tat
292 2704 316 2729 in
332 2703 395 2731 edit.
413 2704 492 2732 Main.
509 2706 546 2740 (n.
564 2707 612 2737 τ.“;.

1664 278 1721 312 271

1013 344 1073 366 usu
1094 339 1124 367 et
1143 345 1208 368 non
1229 334 1292 368 sint
1312 341 1472 377 revocata,
1495 346 1601 380 neque
1621 336 1680 370 sub
1700 337 1758 370 ali-

1013 387 1131 430 quibus
1156 388 1418 423 revocationibus
1444 389 1697 434 comprehensa,
1721 401 1758 424 ac

1012 440 1110 473 saeris
1124 441 1303 475 canonibus
1317 448 1347 475 et
1360 442 1493 476 Concilii
1510 443 1689 477 Tridentini
1703 445 1759 478 de-

1012 493 1108 526 cretis
1128 504 1193 527 non
1214 495 1440 539 adversentur)
1461 497 1652 531 auctoritate
1673 509 1758 543 apo—

1011 547 1135 588 stolica,
1147 553 1255 581 tenore
1267 549 1496 592 praesentium,
1509 557 1668 595 perpetuo
1686 562 1758 585 con-

1011 600 1180 634 firmamus
1194 608 1223 635 et
1243 603 1473 646 approbamus,
1497 604 1623 649 illisque
1644 617 1758 650 perpe-

1014 659 1085 687 tuae
1107 660 1137 687 et
1160 654 1353 689 inviolabilis
1374 657 1570 700 apostolicae
1595 658 1757 692 firmitatis

1012 708 1112 741 robur
1137 708 1322 750 adiicimus,
1356 720 1392 742 ac
1422 721 1534 744 omnes
1559 718 1589 745 et
1614 712 1758 755 singulos

1013 766 1076 794 tam
1099 761 1177 795 iuris
1202 773 1299 806 quam
1330 763 1402 796 sacti
1425 764 1579 805 desectus,
1603 765 1628 798 si
1649 766 1704 810 qui
1725 766 1756 800 in

1011 814 1131 848 eisdem
1157 815 1396 858 intervenerint,
1418 817 1618 862 supplemus.

1056 871 1072 912 ξ
1093 868 1122 902 3.
1140 870 1209 903 Non
1231 870 1433 904 obstantibus
1451 871 1615 915 quibusvis
1637 874 1755 907 consti-

1011 924 1188 958 tutionibus
1214 931 1243 959 et
1265 925 1525 960 ordinationibus
1550 928 1751 972 apostolicis,

1011 989 1046 1011 ac
1077 978 1235 1012 dictarum
1261 979 1554 1023 Congregationurn
1581 987 1611 1014 et
1643 993 1754 1016 earum

1011 1033 1283 1067 monasteriorum
1304 1045 1360 1067 seu
1382 1035 1569 1076 domorum,
1594 1036 1689 1070 etiam
1712 1037 1756 1070 iu-

1011 1092 1176 1128 ramento,
1205 1087 1454 1121 confirmatione
1482 1090 1678 1133 apostolica,
1706 1091 1755 1125 vel

1011 1139 1121 1183 quavis
1146 1140 1300 1174 firmitate
1330 1141 1392 1174 alia
1422 1141 1602 1183 roboratis,
1630 1144 1755 1178 statutis

1011 1200 1041 1227 et
1063 1194 1366 1235 consuetudinibus,
1396 1195 1597 1240 eaeterisque
1621 1203 1756 1231 contra-

1010 1247 1066 1280 riis
1091 1246 1361 1292 quibuscumque.

1054 1301 1170 1335 Datum
1194 1303 1315 1336 Romae
1335 1303 1420 1347 apud
1442 1310 1586 1337 sanctum
1610 1305 1751 1346 Petrum,

1010 1355 1069 1387 sub
1099 1355 1219 1388 annulo
1252 1355 1420 1389 Piscatoris
1453 1356 1504 1389 die
1532 1367 1583 1391 xxt
1618 1357 1753 1390 ianuarii

1010 1419 1119 1449 nncvr,
1144 1409 1351 1453 pontificatus
1369 1411 1481 1452 nostri,
1501 1421 1585 1444 anno
1607 1422 1627 1445 t.

1046 1471 1104 1499 Dat.
1127 1472 1170 1500 die
1189 1473 1218 1500 21
1240 1473 1355 1500 ianuarii
1373 1473 1451 1508 1605,
1467 1473 1562 1510 pontis.
1585 1483 1627 1501 au.
1647 1483 1664 1501 1.

1325 1661 1433 1695 xxix.

1013 1784 1104 1824 Quod
1120 1786 1238 1828 fratres
1261 1786 1529 1830 Congyreyatiom's
1547 1788 1754 1822 Jesuatorum

1054 1838 1160 1871 sancti
1184 1839 1381 1883 Hieronymi
1405 1840 1553 1874 ordinem
1577 1842 1755 1876 sacerdota-

1055 1892 1115 1925 lem
1134 1903 1153 1925 a
1170 1904 1375 1938 quocumque
1392 1895 1538 1939 episcopo
1557 1896 1681 1938 idoneo,
1694 1908 1755 1930 ser-

1056 1947 1137 1978 valis
1157 1947 1337 1988 servandis,
1355 1950 1486 1992 ass-equi
1501 1951 1684 1993 gseneralim
1703 1962 1754 1984 υα-

1055 1999 1142 2032 leant
1164 2005 1191 2033 et
1209 2011 1365 2041 exercere,
1382 2003 1664 2047 prohibitionibus
1681 2005 1754 2048 qui-

1054 2053 1436 2099 buscumqueabrogyatis:
1452 2057 1633 2089 nonnullas
1645 2061 1751 2091 lamen

1054 2107 1278 2141 ordinationes·
1297 2109 1463 2142 observare
1482 2110 1682 2144 teneantur⁴.

1049 2216 1054 2240 1
1081 2215 1125 2241 Isti
1147 2215 1244 2242 frati-«s
1274 2216 1440 2243 uwabantur
1469 2226 1604 2253 pauperes
1634 2219 1751 2251 les-uati,

1010 2268 1126 2295 quorum
1143 2260 1384 2295 Congregationem
1402 2263 1561 2298 approbavit
1586 2263 1716 2290 Martinus
1732 2265 1753 2289 V

1010 2304 1035 2330 in
1057 2304 1145 2331 Const.
1163 2312 1217 2332 xxn
1235 2307 1315 2339 Piae,
1343 2311 1407 2334 tom.
1434 2314 1460 2334 tv
1484 2316 1547 2342 pag.
1566 2308 1626 2334 730.
1654 2308 1752 2335 Nomen

1010 2354 1099 2376 autem
1121 2351 1301 2378 Iesuatorum
1328 2353 1357 2379 S.
1382 2353 1557 2387 Hieronymi?
1585 2353 1670 2380 sortiti
1693 2358 1754 2380 sunt

992 2406 994 2414 >
1011 2397 1131 2429 tempore
1147 2395 1294 2422 Alexandri
1317 2396 1345 2422 t‘t
1362 2397 1387 2422 in
1409 2396 1499 2423 tlonst.
1517 2403 1540 2423 xt
1557 2398 1601 2424 Aa
1622 2399 1754 2432 Sacram,

1011 2442 1074 2466 tem.
1093 2447 1118 2473 v,
1137 2448 1197 2475 pag.
1214 2441 1275 2467 370.
1299 2441 1398 2476 Eisqne
1415 2442 1539 2469 Clemens
1556 2442 1598 2469 Vll
1611 2442 1684 2470 dedit
1701 2443 1755 2479 pri-

1011 2483 1107 2518 vilegia
1122 2484 1229 2511 Ordinis
1245 2486 1269 2511 S.
1287 2486 1440 2520 Augustini,
1460 2486 1535 2513 cirins
1551 2487 1671 2522 regulam
1689 2496 1751 2523 pro-

1012 2618 1076 2645 tium
1097 2618 1237 2654 privilegia
1265 2620 1303 2646 eis
1328 2620 1547 2654 communicavit,
1569 2624 1595 2647 et
1615 2620 1686 2648 inter
1707 2629 1753 2648 eos

1011 2663 1200 2690 connumerari
1216 2663 1364 2691 declararit
1379 2663 1404 2690 in
1420 2672 1468 2691 sua
1480 2664 1570 2691 Const.
1588 2671 1631 2692 th
1647 2665 1754 2692 Roma-

992 2726 995 2736 :
1011 2715 1063 2735 nus
1082 2707 1108 2735 in
1125 2706 1150 2735 h.
1163 2715 1190 2735 n.
1208 2707 1271 2736 edit.
1290 2715 1382 2742 anvt,
1400 2712 1462 2736 tom.
1486 2715 1521 2736 vn
1539 2717 1598 2745 pag.
1618 2709 1680 2737 636.

1774 289 1823 316 An.
1835 290 1864 317 C.
1886 289 1956 318 1605

1839 882 1954 912 Dersvgatio

1770 911 1932 930 contrariorum.
